{"host":"08nxni9rwzvm98vp","time":1608803644,"event":{"mods":["AchievementEnabler","BaseMod","Card Forge","Colored Powertips","Googly Eyes","Highlight Path","Marisa£¨Ùöéë¡¡Øª×âÞÞ£©","Minty Spire (QoL Compilation)","Quick Restart","Rare Cards Sparkle","StSLib","SuperFastMode"],"gold_per_floor":[109,129,8,8,22,49,49,77,103,3,23,40,40,40,40,163,163,184,224,224,99,119,119,153,153,153,252,377,377,408,420,432,444,444],"floor_reached":33,"playtime":1758,"items_purged":["Strike_MRS","Strike_MRS","SatelliteIllusion"],"score":330,"play_id":"cb47dd0c-a13d-4a79-9354-418d8ce0b952","local_time":"20201224185404","is_ascension_mode":true,"campfire_choices":[{"data":"GasGiant","floor":7.0,"key":"SMITH"},{"data":"EscapeVelocity","floor":13.0,"key":"SMITH"},{"floor":15.0,"key":"REST"},{"data":"PulseMagic","floor":23,"key":"SMITH"},{"data":"BlazingStar","floor":25,"key":"SMITH"},{"data":"Strike_MRS","floor":29,"key":"PURGE"},{"floor":32,"key":"REST"}],"circlet_count":0,"master_deck":["Strike_MRS","Defend_MRS","Defend_MRS","Defend_MRS","Defend_MRS","MasterSpark","UpSweep","BlazingStar+1","WitchLeyline","GasGiant+1","ShootingEcho","WitchLeyline","EscapeVelocity+1","PulseMagic+1","BlazingStar+1","ShootingEcho","EnergyRecoil+1"],"relics":["MiniHakkero","Hammer of Thor","Seething Fire","Anvil of the Gods","PreservedInsect","Dream Catcher","Golden Idol","SlaversCollar","Red Mask","Peace Pipe","Boot","Ice Cream","Gremlin Horn","MawBank"],"acts_visited":["Exordium","TheCity"],"potions_floor_usage":[19,19,19,28,28,28],"damage_taken":[{"damage":1.0,"enemies":"Cultist","floor":1.0,"turns":3.0},{"damage":0.0,"enemies":"Jaw Worm","floor":2.0,"turns":1.0},{"damage":0.0,"enemies":"2 Louse","floor":5.0,"turns":2.0},{"damage":25.0,"enemies":"3 Sentries","floor":6.0,"turns":6.0},{"damage":2.0,"enemies":"Lagavulin","floor":8.0,"turns":3.0},{"damage":0.0,"enemies":"Large Slime","floor":11.0,"turns":5.0},{"damage":2.0,"enemies":"Exordium Wildlife","floor":12.0,"turns":2.0},{"damage":41.0,"enemies":"Hexaghost","floor":16.0,"turns":9.0},{"damage":7,"enemies":"Shell Parasite","floor":18,"turns":3},{"damage":14,"enemies":"Masked Bandits","floor":19,"turns":4},{"damage":0,"enemies":"Spheric Guardian","floor":22,"turns":3},{"damage":18,"enemies":"Slavers","floor":24,"turns":3},{"damage":23,"enemies":"Colosseum Slavers","floor":28,"turns":3},{"damage":0,"enemies":"Colosseum Nobs","floor":28,"turns":2},{"damage":7,"enemies":"Gremlin Leader","floor":30,"turns":2},{"damage":51,"enemies":"Champ","floor":33,"turns":9}],"seed_played":"-6864274191859770561","potions_obtained":[{"floor":1.0,"key":"Energy Potion"},{"floor":5.0,"key":"DistilledChaos"},{"floor":11.0,"key":"DistilledChaos"},{"floor":19,"key":"LiquidBronze"},{"floor":24,"key":"EntropicBrew"}],"is_trial":false,"path_per_floor":["M","M","$","?","M","E","R","E","T","$","M","M","R","?","R","B",null,"M","?","?","$","M","R","E","R","T","?","?","R","E","$","R","B"],"character_chosen":"MARISA","items_purchased":["ShootingEcho"],"campfire_rested":2,"item_purchase_floors":[3],"current_hp_per_floor":[74,74,74,74,74,49,49,47,47,47,47,45,45,27,49,8,75,68,54,54,54,54,54,36,36,36,36,13,13,6,6,28,0,0],"gold":444,"neow_bonus":"ONE_RANDOM_RARE_CARD","is_daily":false,"chose_seed":false,"campfire_upgraded":4,"win_rate":0.0,"timestamp":1608803644,"path_taken":["M","M","$","?","M","E","R","E","T","$","M","?","R","?","R","BOSS","M","?","?","?","?","R","E","R","T","?","?","R","E","?","R","BOSS"],"items_purchased_type":["Card"],"build_version":"2020-12-22","purchased_purges":3,"victory":false,"max_hp_per_floor":[75,75,75,75,75,75,75,75,75,75,75,75,75,75,75,75,75,75,75,75,75,75,75,75,75,75,75,75,75,75,75,75,75,75],"card_choices":[{"not_picked":["OortCloud","Robbery"],"picked":"WitchLeyline","floor":1.0},{"not_picked":["GrandCross","Occultation"],"picked":"GasGiant","floor":2.0},{"not_picked":["ShootTheMoon","IllusionStar"],"picked":"WitchLeyline","floor":5.0},{"not_picked":["WitchOfGreed","DoubleSpark","OrrerysSun"],"picked":"SKIP","floor":6.0},{"not_picked":["MagicAbsorber","DC"],"picked":"EscapeVelocity","floor":8.0},{"not_picked":["Acceleration","GalacticHalo"],"picked":"PulseMagic","floor":11.0},{"not_picked":["WitchOfGreed","Acceleration","GravityBeat"],"picked":"SKIP","floor":12.0},{"not_picked":["SporeBomb","DarkMatter"],"picked":"SatelliteIllusion","floor":15.0},{"not_picked":["StarDustReverie","SatelliteIllusion"],"picked":"BlazingStar","floor":16.0},{"not_picked":["UnstableBomb+1","DoubleSpark","ChargeUpSpray"],"picked":"SKIP","floor":18},{"not_picked":["ManaConvection+1","MilkyWay"],"picked":"ShootingEcho","floor":22},{"not_picked":["WitchOfGreed","Singularity","GalacticHalo"],"picked":"SKIP","floor":24},{"not_picked":["Orbital","OneTimeOff","RefractionSpark"],"picked":"SKIP","floor":30},{"not_picked":["WitchOfGreed+1","MysteriousBeam+1"],"picked":"EnergyRecoil+1","floor":32}],"player_experience":638081,"relics_obtained":[{"floor":6.0,"key":"PreservedInsect"},{"floor":8.0,"key":"Dream Catcher"},{"floor":19,"key":"Red Mask"},{"floor":24,"key":"Peace Pipe"},{"floor":26,"key":"Boot"},{"floor":28,"key":"Ice Cream"},{"floor":28,"key":"Gremlin Horn"},{"floor":30,"key":"MawBank"}],"event_choices":[{"damage_healed":0.0,"max_hp_gain":0.0,"max_hp_loss":0.0,"gold_gain":0.0,"event_name":"Upgrade Shrine","player_choice":"Upgraded","floor":4.0,"gold_loss":0.0,"damage_taken":0.0,"cards_upgraded":["BlazingStar"]},{"damage_healed":0.0,"max_hp_gain":0.0,"max_hp_loss":0.0,"gold_gain":0.0,"event_name":"Golden Idol","player_choice":"Take Damage","floor":14.0,"gold_loss":0.0,"damage_taken":18.0,"relics_obtained":["Golden Idol"]},{"damage_healed":0,"gold_gain":0,"player_choice":"Fought Bandits","damage_taken":0,"max_hp_gain":0,"max_hp_loss":0,"event_name":"Masked Bandits","floor":19,"gold_loss":0},{"damage_healed":0,"gold_gain":0,"player_choice":"Ignored","damage_taken":0,"max_hp_gain":0,"max_hp_loss":0,"event_name":"Cursed Tome","floor":20,"gold_loss":0},{"damage_healed":0,"gold_gain":99,"player_choice":"Stole From Cult","damage_taken":0,"max_hp_gain":0,"max_hp_loss":0,"event_name":"Nest","floor":27,"gold_loss":0},{"damage_healed":0,"gold_gain":0,"player_choice":"Fight","damage_taken":0,"max_hp_gain":0,"max_hp_loss":0,"event_name":"Colosseum","floor":28,"gold_loss":0},{"damage_healed":0,"gold_gain":0,"player_choice":"Fought Nobs","damage_taken":0,"max_hp_gain":0,"max_hp_loss":0,"event_name":"Colosseum","floor":28,"gold_loss":0}],"is_beta":false,"boss_relics":[{"not_picked":["Fusion Hammer","BewitchedHakkero"],"picked":"SlaversCollar"}],"items_purged_floors":[3,10,21],"is_endless":false,"potions_floor_spawned":[1,5,11,12,19,24],"killed_by":"Champ","ascension_level":1}}