{"host":"ws4mzzemcqsz5e2k","time":1608813613,"event":{"mods":["ATMod(阿瑾Mod)","BaseMod","Colored Powertips","HumanHunterMod(怪物杀人mod)","Minty Spire (QoL Compilation)","MostiFishMod","StSLib","TestMod","没有小屋子和绿帽子啦"],"gold_per_floor":[110,129,129,54,54,54,86,86,109,142,142,162,191,203,203,298,298,317,331,231,248,265,265,299,311,311,311,337,212,237,251,251,355,355,370,370,380,230,243,243,274,284,308,342,359,359,371,281,281,281,281,281,55,88,88,88],"floor_reached":55,"playtime":1999,"items_purged":["Defend_G","Strike_G","Strike_G","Strike_G","Defend_G"],"score":1257,"play_id":"21dc0f64-45ba-4c05-adbf-b6f59db96548","local_time":"20201224204013","is_ascension_mode":false,"campfire_choices":[{"data":"AT_KingSlayer","floor":6.0,"key":"SMITH"},{"data":"Acrobatics","floor":11.0,"key":"SMITH"},{"floor":15.0,"key":"RECALL"},{"data":"MostiFishMod:HiddenBlade","floor":23.0,"key":"SMITH"},{"data":"Neutralize","floor":32.0,"key":"SMITH"},{"data":"Reflex","floor":40.0,"key":"SMITH"},{"data":"Terror","floor":46.0,"key":"SMITH"},{"data":"Survivor","floor":49.0,"key":"SMITH"},{"data":"Defend_G","floor":52.0,"key":"SMITH"}],"circlet_count":0,"master_deck":["Defend_G+1","Defend_G","Defend_G+1","Survivor+1","Neutralize+1","AT_KingSlayer+1","Acrobatics+1","Reflex+1","MostiFishMod:HiddenBlade+1","Acrobatics+1","AT_FocusSwordFire+1","Terror+1","Accuracy+1"],"relics":["AT_ATBox","DaveBox","testmod-TestBox","testmod-Maize","BionicSphere","PatriotShield","SynthV:TestCard","Lantern","CultistMask","Mango","testmod-IndustrialRevolution","Bronze Scales","testmod-EqualTreatment","testmod-Recursion","Sundial","Pear","Anchor","ChiXiaoBlade","Orichalcum","testmod-TurbochargingSystem","AT_ImmortalShieldbow","AT_SilvercatRing"],"acts_visited":["TheCity","TheBeyond","TheEnding"],"potions_floor_usage":[55,55,55],"damage_taken":[{"damage":0.0,"enemies":"Small Slimes","floor":1.0,"turns":1.0},{"damage":0.0,"enemies":"Jaw Worm","floor":2.0,"turns":1.0},{"damage":0.0,"enemies":"Gremlin Nob","floor":7.0,"turns":2.0},{"damage":0.0,"enemies":"3 Sentries","floor":10.0,"turns":2.0},{"damage":0.0,"enemies":"Cultist","floor":12.0,"turns":2.0},{"damage":0.0,"enemies":"Gremlin Nob","floor":13.0,"turns":2.0},{"damage":0.0,"enemies":"Large Slime","floor":14.0,"turns":2.0},{"damage":0.0,"enemies":"Slime Boss","floor":16.0,"turns":3.0},{"damage":0.0,"enemies":"2 Thieves","floor":18.0,"turns":1.0},{"damage":0.0,"enemies":"Chosen","floor":19.0,"turns":1.0},{"damage":0.0,"enemies":"Snecko","floor":21.0,"turns":1.0},{"damage":0.0,"enemies":"Snake Plant","floor":22.0,"turns":1.0},{"damage":0.0,"enemies":"Gremlin Leader","floor":24.0,"turns":1.0},{"damage":0.0,"enemies":"Shelled Parasite and Fungi","floor":25.0,"turns":1.0},{"damage":0.0,"enemies":"Book of Stabbing","floor":28.0,"turns":1.0},{"damage":0.0,"enemies":"Gremlin Leader","floor":30.0,"turns":1.0},{"damage":0.0,"enemies":"Chosen and Byrds","floor":31.0,"turns":1.0},{"damage":0.0,"enemies":"Champ","floor":33.0,"turns":2.0},{"damage":0.0,"enemies":"3 Shapes","floor":35.0,"turns":3.0},{"damage":0.0,"enemies":"Orb Walker","floor":37.0,"turns":1.0},{"damage":0.0,"enemies":"4 Shapes","floor":39.0,"turns":1.0},{"damage":0.0,"enemies":"Reptomancer","floor":41.0,"turns":1.0},{"damage":0.0,"enemies":"Sphere and 2 Shapes","floor":42.0,"turns":2.0},{"damage":0.0,"enemies":"Giant Head","floor":44.0,"turns":1.0},{"damage":0.0,"enemies":"Writhing Mass","floor":45.0,"turns":1.0},{"damage":0.0,"enemies":"Jaw Worm Horde","floor":47.0,"turns":1.0},{"damage":0.0,"enemies":"Time Eater","floor":50.0,"turns":1.0},{"damage":0,"enemies":"Shield and Spear","floor":54,"turns":1},{"damage":0,"enemies":"The Heart","floor":55,"turns":7}],"seed_played":"-7824798517728988834","potions_obtained":[{"floor":1.0,"key":"AttackPotion"},{"floor":10.0,"key":"DuplicationPotion"},{"floor":14.0,"key":"BlessingOfTheForge"}],"is_trial":false,"path_per_floor":["M","M","?","$","?","R","E","$","T","E","R","M","E","M","R","B",null,"M","M","$","M","M","R","E","M","T","?","E","$","E","M","R","B",null,"M","?","M","$","M","R","E","M","T","E","M","R","M","?","R","B",null,"R","$","E","B"],"character_chosen":"THE_SILENT","items_purchased":["Weak Potion"],"campfire_rested":0,"item_purchase_floors":[53],"current_hp_per_floor":[70,70,52,52,52,52,66,66,66,66,66,66,66,66,66,66,84,84,84,84,84,84,84,84,84,84,84,94,94,94,94,94,94,94,94,94,94,94,94,94,94,94,94,94,94,94,94,94,94,94,94,94,94,94,94,94],"gold":88,"neow_bonus":"BOSS_RELIC","is_daily":false,"chose_seed":false,"campfire_upgraded":8,"win_rate":0.0,"timestamp":1608813613,"path_taken":["M","M","?","$","?","R","E","$","T","E","R","M","E","M","R","BOSS","M","M","$","M","M","R","E","?","T","?","E","$","E","M","R","BOSS","M","?","M","$","M","R","E","M","T","E","M","R","?","?","R","BOSS","R","$","E","BOSS"],"items_purchased_type":["Potion"],"build_version":"2020-12-22","purchased_purges":5,"victory":false,"max_hp_per_floor":[70,70,70,70,70,70,84,84,84,84,84,84,84,84,84,84,84,84,84,84,84,84,84,84,84,84,84,94,94,94,94,94,94,94,94,94,94,94,94,94,94,94,94,94,94,94,94,94,94,94,94,94,94,94,94,94],"card_choices":[{"not_picked":["Expertise","AT_TwilightShroud","Cloak And Dagger"],"picked":"SKIP","floor":1.0},{"not_picked":["PiercingWail","Riddle With Holes","Tactician","Slice"],"picked":"Acrobatics","floor":2.0},{"not_picked":["Terror","AT_EssenceShift","Dagger Throw","Backstab"],"picked":"Reflex","floor":7.0},{"not_picked":["Doppelganger","Acrobatics","Sucker Punch","Blade Dance","Die Die Die"],"picked":"SKIP","floor":10.0},{"not_picked":["Infinite Blades","Dagger Throw","AT_ShadowStep","Finisher","Flying Knee"],"picked":"SKIP","floor":12.0},{"not_picked":["Bane","Bouncing Flask","Predator","Backflip","Deadly Poison"],"picked":"SKIP","floor":13.0},{"not_picked":["AT_TinkerSharpsword","Flechettes","AT_WindRun","Catalyst","AT_WomanClash"],"picked":"SKIP","floor":14.0},{"not_picked":["MostiFishMod:WinterMarkForm","Tools of the Trade","Night Terror","AT_EssenceShift"],"picked":"MostiFishMod:HiddenBlade","floor":16.0},{"not_picked":["Quick Slash+1","Slice","Terror","Skewer","Cloak And Dagger+1"],"picked":"SKIP","floor":18.0},{"not_picked":["AT_FocusSwordFire","Dagger Throw","PiercingWail+1","Accuracy","Skewer"],"picked":"SKIP","floor":19.0},{"not_picked":["Poisoned Stab","Quick Slash","Deadly Poison","Distraction+1"],"picked":"Acrobatics+1","floor":21.0},{"not_picked":["Grand Finale","Dodge and Roll","Sucker Punch","Endless Agony+1","Prepared"],"picked":"SKIP","floor":22.0},{"not_picked":["Grand Finale","Malaise","Dagger Spray","Poisoned Stab","Outmaneuver"],"picked":"SKIP","floor":24.0},{"not_picked":["AT_WomanClash","AT_ArcaneSupremacy","Cloak And Dagger","Heel Hook","Flying Knee+1"],"picked":"SKIP","floor":25.0},{"not_picked":["Accuracy+1","Tools of the Trade","Deadly Poison","Leg Sweep","AT_ThistleTea"],"picked":"SKIP","floor":28.0},{"not_picked":["AT_WindFlip","Prepared","Flying Knee","Bane","PiercingWail"],"picked":"SKIP","floor":30.0},{"not_picked":["Storm of Steel","Dagger Spray","Terror","AT_WindFlip","Bane+1"],"picked":"SKIP","floor":31.0},{"not_picked":["Sucker Punch+1","MostiFishMod:PerfectParry+1","Finisher+1","Backflip+1"],"picked":"AT_FocusSwordFire+1","floor":35.0},{"not_picked":["Slice+1","Bane+1","Dagger Throw+1","Bullet Time","Deadly Poison+1"],"picked":"SKIP","floor":37.0},{"not_picked":["Riddle With Holes","Blade Dance+1","PiercingWail","Flying Knee+1","Setup+1"],"picked":"SKIP","floor":39.0},{"not_picked":["AT_TinkerSharpsword","Bane+1","AT_WomanClash+1","Dash+1"],"picked":"Terror","floor":41.0},{"not_picked":["Blade Dance+1","Terror+1","Masterful Stab+1","Dodge and Roll","Riddle With Holes+1"],"picked":"SKIP","floor":42.0},{"not_picked":["Crippling Poison","MostiFishMod:PerfectParry+1","MostiFishMod:Neurotoxin","Riddle With Holes+1"],"picked":"Accuracy+1","floor":44.0},{"not_picked":["Slice+1","Bane+1","PiercingWail","Prepared+1","Cloak And Dagger+1"],"picked":"SKIP","floor":45.0},{"not_picked":["AT_WindFlip","Deadly Poison","Expertise+1","Acrobatics","Bane"],"picked":"SKIP","floor":47.0},{"not_picked":["Poisoned Stab","MostiFishMod:Confrontation","Distraction","AT_FocusSwordFire","Blur+1"],"picked":"SKIP","floor":54}],"player_experience":1350839,"relics_obtained":[{"floor":1.0,"key":"SynthV:TestCard"},{"floor":7.0,"key":"Mango"},{"floor":9.0,"key":"testmod-IndustrialRevolution"},{"floor":10.0,"key":"Bronze Scales"},{"floor":13.0,"key":"testmod-EqualTreatment"},{"floor":24.0,"key":"Sundial"},{"floor":28.0,"key":"Pear"},{"floor":30.0,"key":"Anchor"},{"floor":41.0,"key":"Orichalcum"},{"floor":43.0,"key":"testmod-TurbochargingSystem"},{"floor":44.0,"key":"AT_ImmortalShieldbow"},{"floor":54,"key":"AT_SilvercatRing"}],"event_choices":[{"damage_healed":0.0,"max_hp_gain":0.0,"max_hp_loss":0.0,"gold_gain":0.0,"event_name":"Scrap Ooze","player_choice":"Success","floor":3.0,"gold_loss":0.0,"damage_taken":18.0,"relics_obtained":["Lantern"]},{"damage_healed":0.0,"max_hp_gain":0.0,"max_hp_loss":0.0,"gold_gain":0.0,"event_name":"FaceTrader","player_choice":"Trade","floor":5.0,"gold_loss":0.0,"damage_taken":0.0,"relics_obtained":["CultistMask"]},{"cards_removed":["Strike_G"],"damage_healed":0.0,"max_hp_gain":0.0,"max_hp_loss":0.0,"gold_gain":0.0,"event_name":"Back to Basics","player_choice":"Elegance","floor":27.0,"gold_loss":0.0,"damage_taken":0.0},{"damage_healed":0.0,"max_hp_gain":0.0,"max_hp_loss":0.0,"gold_gain":0.0,"event_name":"NoteForYourself","player_choice":"Ignored","floor":36.0,"gold_loss":0.0,"damage_taken":0.0},{"cards_removed":["Strike_G"],"damage_healed":0.0,"max_hp_gain":0.0,"max_hp_loss":0.0,"gold_gain":0.0,"event_name":"Designer","player_choice":"Upgrade and Remove","floor":48.0,"gold_loss":90.0,"damage_taken":0.0,"cards_upgraded":["Defend_G"]}],"is_beta":false,"boss_relics":[{"not_picked":["Astrolabe","testmod-NegativeEmotionEnhancer"],"picked":"testmod-Recursion"},{"not_picked":["Philosopher\u0027s Stone","Fusion Hammer"],"picked":"ChiXiaoBlade"}],"items_purged_floors":[4,20,29,38,53],"is_endless":false,"potions_floor_spawned":[1,10,14,16,19,21,30,31,33,35,41,44],"killed_by":"The Heart","ascension_level":0}}