{"host":"k0kjm4m87pwj4phr","time":1608800378,"event":{"mods":["ATMod(°¢èªMod)","BaseMod","Colored Map","Colored Powertips","Minty Spire (QoL Compilation)","Permanent Neow","Quick Restart","Relic Stats","Replay The Spire","StSLib","The Dragon Tamer"],"gold_per_floor":[110,128,128,146,71,71,88,88,88],"floor_reached":8,"playtime":292,"items_purged":["DTMod:Strike"],"score":48,"play_id":"6d4524d0-0548-4934-9713-1043f7ce3d3f","local_time":"20201224165938","is_ascension_mode":false,"metric_token":727,"campfire_choices":[{"data":"AT_FamilyPortrait","floor":6,"key":"SMITH"}],"dtmod_dragon_data":[50,50,-1,-1,0,0],"circlet_count":0,"master_deck":["DTMod:Strike","DTMod:Strike","DTMod:Strike","DTMod:DoubleHit","DTMod:TargetDefense","DTMod:TargetDefense","DTMod:TargetDefense","DTMod:SwitchingTactic","AT_FamilyPortrait+1","DTMod:WarmUp","DTMod:BurningEnergy"],"relics":["AT_ATBox","Replay:Bronze Core"],"acts_visited":["Exordium"],"potions_floor_usage":[],"damage_taken":[{"damage":3,"enemies":"Jaw Worm","floor":1,"turns":2},{"damage":0,"enemies":"Cultist","floor":2,"turns":2},{"damage":0,"enemies":"2 Louse","floor":4,"turns":1},{"damage":10,"enemies":"Looter","floor":7,"turns":3},{"damage":0,"enemies":"Gremlin Nob","floor":8,"turns":2}],"seed_played":"470074851369962834","potions_obtained":[{"floor":2,"key":"Elixir"},{"floor":7,"key":"Fire Potion"}],"is_trial":false,"path_per_floor":["M","M","?","M","$","R","M","E"],"character_chosen":"THE_DT","items_purchased":[],"campfire_rested":0,"item_purchase_floors":[],"current_hp_per_floor":[42,42,42,45,45,45,35,35,35],"gold":88,"neow_bonus":"BOSS_RELIC","is_daily":false,"chose_seed":false,"campfire_upgraded":1,"win_rate":0.0,"timestamp":1608800378,"path_taken":["M","M","?","M","$","R","?","E"],"items_purchased_type":[],"build_version":"2020-12-22","purchased_purges":1,"victory":false,"max_hp_per_floor":[45,45,45,48,48,48,48,48,48],"relic_stats":{"counters":[5,10],"obtain_stats":[{"AT_ATBox":0,"DTMod:PactStone":0,"Replay:Bronze Core":0},{"AT_ATBox":0,"DTMod:PactStone":0,"Replay:Bronze Core":0},{"AT_ATBox":0,"DTMod:PactStone":0,"Replay:Bronze Core":0}]},"card_choices":[{"not_picked":["DTMod:TauntingStrike","DTMod:Punisher"],"picked":"DTMod:WarmUp","floor":1},{"not_picked":["DTMod:LastStand","DTMod:GhostSkin"],"picked":"DTMod:BurningEnergy","floor":2},{"not_picked":["DTMod:FlameSlash","DTMod:SneakAttack","DTMod:QuickFly"],"picked":"SKIP","floor":4},{"not_picked":["DTMod:LastStand","DTMod:BizarreTactic","DTMod:SneakAttack"],"picked":"SKIP","floor":7}],"player_experience":420813,"relics_obtained":[],"event_choices":[{"cards_removed":["DTMod:TargetDefense"],"damage_healed":0,"gold_gain":0,"player_choice":"Offered Basic","damage_taken":0,"max_hp_gain":0,"max_hp_loss":0,"event_name":"Bonfire Elementals","floor":3,"gold_loss":0}],"is_beta":false,"boss_relics":[],"items_purged_floors":[5],"is_endless":false,"potions_floor_spawned":[2,7],"killed_by":"Gremlin Nob","ascension_level":0}}