{"host":"Jackie","time":1608773904,"event":{"mods":["BaseMod","Highlight Path","Minty Spire (QoL Compilation)","Relic Stats","Slay the Relics Exporter","StSLib","Twitch Decklist"],"gold_per_floor":[119,137,137,151,226,253,253,281,304,370,370,370],"floor_reached":11,"playtime":460,"items_purged":[],"score":162,"play_id":"377253cd-74c9-4ec8-9304-74a9155599e6","local_time":"20201223173824","is_ascension_mode":true,"campfire_choices":[{"data":"Bash","floor":7,"key":"SMITH"}],"circlet_count":0,"master_deck":["AscendersBane","Strike_R","Strike_R","Strike_R","Strike_R","Strike_R","Defend_R","Defend_R","Defend_R","Bash+1","Wild Strike","Perfected Strike","Carnage","Armaments"],"relics":["Burning Blood","Nunchaku","Toy Ornithopter","Orichalcum"],"acts_visited":["Exordium"],"potions_floor_usage":[6,6,8],"damage_taken":[{"damage":3,"enemies":"2 Louse","floor":1,"turns":4},{"damage":6,"enemies":"Cultist","floor":2,"turns":3},{"damage":10,"enemies":"Small Slimes","floor":4,"turns":3},{"damage":15,"enemies":"3 Sentries","floor":6,"turns":7},{"damage":32,"enemies":"Gremlin Nob","floor":8,"turns":4},{"damage":29,"enemies":"Lagavulin","floor":11,"turns":4}],"seed_played":"-7954574009018563130","potions_obtained":[{"floor":1,"key":"DistilledChaos"},{"floor":2,"key":"Swift Potion"},{"floor":6,"key":"SkillPotion"}],"is_trial":false,"path_per_floor":["M","M","?","M","?","E","R","E","T","?","E"],"character_chosen":"IRONCLAD","items_purchased":[],"campfire_rested":0,"item_purchase_floors":[],"current_hp_per_floor":[78,78,78,74,63,54,54,28,28,28,0,0],"gold":370,"neow_bonus":"TEN_PERCENT_HP_BONUS","is_daily":false,"chose_seed":false,"campfire_upgraded":1,"win_rate":0.0,"timestamp":1608773904,"path_taken":["M","M","?","?","?","E","R","E","T","?","E"],"items_purchased_type":[],"build_version":"2020-12-18","purchased_purges":0,"victory":false,"max_hp_per_floor":[82,82,82,82,82,82,82,82,82,82,82,82],"relic_stats":{"Nunchaku":[1],"counters":[6,25],"Orichalcum":[18],"obtain_stats":[{"Nunchaku":6,"Orichalcum":9,"Burning Blood":0,"Toy Ornithopter":8},{"Nunchaku":4,"Orichalcum":5,"Burning Blood":0,"Toy Ornithopter":5},{"Nunchaku":17,"Orichalcum":21,"Burning Blood":0,"Toy Ornithopter":21}],"Burning Blood":30,"Toy Ornithopter":0},"card_choices":[{"not_picked":["Havoc","Iron Wave"],"picked":"Wild Strike","floor":1},{"not_picked":["Shockwave","Havoc"],"picked":"Perfected Strike","floor":2},{"not_picked":["Havoc","Perfected Strike","Sever Soul"],"picked":"SKIP","floor":4},{"not_picked":["Havoc","Perfected Strike","Sever Soul"],"picked":"SKIP","floor":4},{"not_picked":["Limit Break","Heavy Blade"],"picked":"Carnage","floor":6},{"not_picked":["Flex","Headbutt"],"picked":"Armaments","floor":8}],"player_experience":2128999,"relics_obtained":[{"floor":6,"key":"Nunchaku"},{"floor":8,"key":"Toy Ornithopter"},{"floor":9,"key":"Orichalcum"}],"event_choices":[{"cards_removed":["Defend_R"],"damage_healed":0,"gold_gain":0,"player_choice":"Offered Basic","damage_taken":0,"max_hp_gain":0,"max_hp_loss":0,"event_name":"Bonfire Elementals","floor":3,"gold_loss":0},{"damage_healed":0,"gold_gain":75,"player_choice":"Gather Gold","damage_taken":11,"max_hp_gain":0,"max_hp_loss":0,"event_name":"World of Goop","floor":5,"gold_loss":0},{"damage_healed":0,"gold_gain":66,"player_choice":"Gained Gold","damage_taken":0,"max_hp_gain":0,"max_hp_loss":0,"event_name":"Golden Wing","floor":10,"gold_loss":0}],"is_beta":true,"boss_relics":[],"items_purged_floors":[],"is_endless":false,"potions_floor_spawned":[1,2,6],"killed_by":"Lagavulin","ascension_level":20}}