{"host":"fjaupvxe7fzqrf4j","time":1608793230,"event":{"mods":["BaseMod","Minty Spire (QoL Compilation)","StSLib"],"gold_per_floor":[110,260,260,27,90,119,119,145,224,258,288,301,330,359,359,438,438,453,503,288,288,288,317,317,343,343,379,413,455,467,497,509,603,615,645,657,585,632,350,377,418,448,474,500,532,550,585,612,612,612,612,612,612,44,75,75],"floor_reached":57,"playtime":2023,"items_purged":["Doubt","Darkness"],"score":4330,"play_id":"ae858d6e-8e50-43fb-9f08-b1f4850847f4","local_time":"20201224150030","daily_mods":["SealedDeck","Heirloom","Time Dilation","Flight","Elite Swarm"],"is_ascension_mode":true,"campfire_choices":[{"floor":7.0,"key":"REST"},{"data":"Recycle","floor":15.0,"key":"SMITH"},{"data":"Defragment","floor":24.0,"key":"SMITH"},{"data":"Coolheaded","floor":30.0,"key":"SMITH"},{"data":"Biased Cognition","floor":32.0,"key":"SMITH"},{"floor":49.0,"key":"RECALL"},{"data":"Biased Cognition","floor":53.0,"key":"SMITH"}],"circlet_count":0,"master_deck":["AscendersBane","Streamline+1","Beam Cell","Coolheaded+1","Skim+1","Defragment+1","Recycle+1","Turbo+1","Coolheaded+1","Ball Lightning+1","Echo Form","Seek+1","Fission+1","Biased Cognition+1","Creative AI","Electrodynamics","Core Surge","Meteor Strike","Steam+1","Biased Cognition+1","Biased Cognition"],"relics":["Cracked Core","Peace Pipe","Membership Card","Centennial Puzzle","Whetstone","Toxic Egg 2","Incense Burner","Orichalcum","Potion Belt","Runic Pyramid","Bag of Preparation","TheAbacus","InkBottle","War Paint","Thread and Needle","CeramicFish","Sundial","MawBank","Boot","SlaversCollar","Runic Capacitor","Unceasing Top","Pear","Bottled Lightning","Bag of Marbles","The Courier","DataDisk","PreservedInsect","Ice Cream","Singing Bowl","Smiling Mask","Anchor","Medical Kit","FossilizedHelix","Pen Nib","Strawberry","Oddly Smooth Stone","HornCleat","Mummified Hand","Happy Flower"],"acts_visited":["Exordium","TheCity","TheBeyond","TheEnding"],"potions_floor_usage":[56,56],"damage_taken":[{"damage":11.0,"enemies":"2 Louse","floor":1.0,"turns":2.0},{"damage":11.0,"enemies":"Gremlin Nob","floor":6.0,"turns":3.0},{"damage":2.0,"enemies":"Lagavulin","floor":8.0,"turns":4.0},{"damage":5.0,"enemies":"Gremlin Nob","floor":10.0,"turns":3.0},{"damage":0.0,"enemies":"Lagavulin","floor":11.0,"turns":4.0},{"damage":0.0,"enemies":"Jaw Worm","floor":12.0,"turns":1.0},{"damage":7.0,"enemies":"3 Sentries","floor":13.0,"turns":3.0},{"damage":0.0,"enemies":"Gremlin Nob","floor":14.0,"turns":2.0},{"damage":0.0,"enemies":"Slime Boss","floor":16.0,"turns":5.0},{"damage":0.0,"enemies":"3 Byrds","floor":18.0,"turns":1.0},{"damage":1.0,"enemies":"Slavers","floor":23.0,"turns":2.0},{"damage":0.0,"enemies":"Book of Stabbing","floor":25.0,"turns":2.0},{"damage":0.0,"enemies":"Slavers","floor":27.0,"turns":1.0},{"damage":0.0,"enemies":"Gremlin Leader","floor":28.0,"turns":1.0},{"damage":1.0,"enemies":"Book of Stabbing","floor":29.0,"turns":2.0},{"damage":0.0,"enemies":"Collector","floor":33.0,"turns":3.0},{"damage":0.0,"enemies":"3 Darklings","floor":35.0,"turns":2.0},{"damage":0.0,"enemies":"2 Orb Walkers","floor":38.0,"turns":1.0},{"damage":0.0,"enemies":"Reptomancer","floor":40.0,"turns":2.0},{"damage":0.0,"enemies":"Giant Head","floor":41.0,"turns":2.0},{"damage":0.0,"enemies":"Nemesis","floor":42.0,"turns":1.0},{"damage":0.0,"enemies":"Reptomancer","floor":44.0,"turns":1.0},{"damage":3.0,"enemies":"Giant Head","floor":45.0,"turns":3.0},{"damage":0.0,"enemies":"3 Shapes","floor":46.0,"turns":1.0},{"damage":0.0,"enemies":"Reptomancer","floor":47.0,"turns":1.0},{"damage":0.0,"enemies":"Nemesis","floor":48.0,"turns":1.0},{"damage":0.0,"enemies":"Donu and Deca","floor":50.0,"turns":3.0},{"damage":32.0,"enemies":"Time Eater","floor":51.0,"turns":4.0},{"damage":0,"enemies":"Shield and Spear","floor":55,"turns":1},{"damage":4,"enemies":"The Heart","floor":56,"turns":6}],"seed_played":"-3255854475583723206","potions_obtained":[{"floor":6.0,"key":"EssenceOfSteel"},{"floor":8.0,"key":"DuplicationPotion"},{"floor":14.0,"key":"SpeedPotion"},{"floor":27.0,"key":"Strength Potion"},{"floor":29.0,"key":"GamblersBrew"},{"floor":38.0,"key":"DistilledChaos"},{"floor":40.0,"key":"PowerPotion"}],"is_trial":true,"path_per_floor":["M","?","?","$","?","E","R","E","T","E","E","M","E","E","R","B",null,"M","?","$","?","T","E","R","E","T","E","E","E","R","?","R","B",null,"M","?","$","?","$","E","E","E","T","E","E","M","E","E","R","B","B",null,"R","$","E","B",null],"character_chosen":"DEFECT","items_purchased":["Membership Card","Ball Lightning","Bag of Preparation","TheAbacus","Runic Capacitor","Pear","Bottled Lightning","Medical Kit","FossilizedHelix","Pen Nib","Strawberry","Oddly Smooth Stone","HornCleat","Mummified Hand"],"campfire_rested":1,"item_purchase_floors":[4,4,20,20,37,39,39,54,54,54,54,54,54,54],"current_hp_per_floor":[53,53,32,32,32,21,42,40,40,35,35,35,28,28,28,28,60,60,60,60,60,60,59,59,59,59,59,59,58,58,58,58,58,68,68,68,68,68,78,78,78,78,78,78,77,79,81,83,83,83,51,80,80,87,89,85],"gold":75,"neow_bonus":"","is_daily":false,"chose_seed":false,"campfire_upgraded":5,"win_rate":0.0,"timestamp":1608793230,"path_taken":["M","?","?","?","?","E","R","E","T","E","E","?","E","E","R","BOSS","M","?","$","?","?","E","R","E","T","E","E","E","R","?","R","BOSS","M","?","$","?","$","E","E","E","T","E","E","M","E","E","R","BOSS","BOSS","R","$","E","BOSS"],"items_purchased_type":["Relic","Card","Relic","Relic","Relic","Relic","Relic","Relic","Relic","Relic","Relic","Relic","Relic","Relic"],"build_version":"2020-12-22","purchased_purges":2,"victory":true,"max_hp_per_floor":[71,71,71,71,71,71,71,71,71,71,71,71,71,71,71,71,71,71,71,71,71,71,71,71,71,71,71,71,71,71,71,71,71,71,71,71,71,71,81,81,81,81,81,81,83,85,87,89,89,89,89,89,89,96,98,98],"card_choices":[{"not_picked":["Turbo","Steam"],"picked":"Coolheaded","floor":1.0},{"not_picked":["Thunder Strike","Amplify","Multi-Cast"],"picked":"SKIP","floor":6.0},{"not_picked":["Rainbow","Thunder Strike"],"picked":"Echo Form","floor":8.0},{"not_picked":["Hyperbeam","Buffer"],"picked":"Seek+1","floor":10.0},{"not_picked":["All For One","Multi-Cast+1"],"picked":"Fission+1","floor":11.0},{"not_picked":["Rebound","Chill+1","Storm"],"picked":"SKIP","floor":12.0},{"not_picked":["Reboot+1","All For One"],"picked":"Biased Cognition","floor":13.0},{"not_picked":["Meteor Strike","Seek+1"],"picked":"Creative AI","floor":14.0},{"not_picked":["Creative AI","Biased Cognition"],"picked":"Electrodynamics","floor":16.0},{"not_picked":["Sweeping Beam","Self Repair","Stack+1"],"picked":"SKIP","floor":18.0},{"not_picked":["Reboot+1","Creative AI","Amplify+1"],"picked":"SKIP","floor":23.0},{"not_picked":["Seek+1","Meteor Strike","Amplify+1"],"picked":"SKIP","floor":25.0},{"not_picked":["Buffer","Meteor Strike"],"picked":"Core Surge","floor":27.0},{"not_picked":["Fission+1","Creative AI","Hyperbeam"],"picked":"SKIP","floor":28.0},{"not_picked":["Rainbow+1","Machine Learning","Seek+1"],"picked":"SKIP","floor":29.0},{"not_picked":["Reboot+1","Machine Learning"],"picked":"Biased Cognition","floor":33.0},{"not_picked":["Go for the Eyes","Compile Driver","FTL"],"picked":"SKIP","floor":35.0},{"not_picked":["Creative AI","Amplify+1","Rainbow+1"],"picked":"SKIP","floor":40.0},{"not_picked":["Seek+1","Thunder Strike"],"picked":"Biased Cognition","floor":41.0},{"not_picked":["Amplify+1","Hyperbeam","Reboot+1"],"picked":"SKIP","floor":42.0},{"not_picked":["Electrodynamics","Creative AI","Multi-Cast+1"],"picked":"SKIP","floor":44.0},{"not_picked":["Fission+1","All For One","Hyperbeam"],"picked":"Singing Bowl","floor":45.0},{"not_picked":["Storm","Compile Driver","Go for the Eyes+1"],"picked":"Singing Bowl","floor":46.0},{"not_picked":["Biased Cognition","Reboot+1","Multi-Cast+1"],"picked":"Singing Bowl","floor":47.0},{"not_picked":["Meteor Strike","Amplify+1","Echo Form"],"picked":"Singing Bowl","floor":48.0},{"not_picked":["Reboot+1","Buffer","Amplify+1"],"picked":"Singing Bowl","floor":55}],"player_experience":268006,"relics_obtained":[{"floor":6.0,"key":"Centennial Puzzle"},{"floor":8.0,"key":"Whetstone"},{"floor":10.0,"key":"Toxic Egg 2"},{"floor":11.0,"key":"Incense Burner"},{"floor":13.0,"key":"Orichalcum"},{"floor":14.0,"key":"Potion Belt"},{"floor":22.0,"key":"InkBottle"},{"floor":23.0,"key":"War Paint"},{"floor":25.0,"key":"Thread and Needle"},{"floor":26.0,"key":"CeramicFish"},{"floor":27.0,"key":"Sundial"},{"floor":28.0,"key":"MawBank"},{"floor":29.0,"key":"Boot"},{"floor":38.0,"key":"Unceasing Top"},{"floor":40.0,"key":"Bag of Marbles"},{"floor":41.0,"key":"The Courier"},{"floor":42.0,"key":"DataDisk"},{"floor":43.0,"key":"PreservedInsect"},{"floor":44.0,"key":"Ice Cream"},{"floor":45.0,"key":"Singing Bowl"},{"floor":47.0,"key":"Smiling Mask"},{"floor":48.0,"key":"Anchor"},{"floor":55,"key":"Happy Flower"}],"event_choices":[{"damage_healed":0.0,"max_hp_gain":0.0,"max_hp_loss":0.0,"gold_gain":150.0,"event_name":"Liars Game","player_choice":"AGREE","floor":2.0,"gold_loss":0.0,"damage_taken":0.0,"cards_obtained":["Doubt"]},{"damage_healed":0.0,"max_hp_gain":0.0,"max_hp_loss":0.0,"gold_gain":0.0,"event_name":"Shining Light","player_choice":"Entered Light","floor":3.0,"gold_loss":0.0,"damage_taken":21.0,"cards_upgraded":["Skim","Ball Lightning"]},{"damage_healed":0.0,"max_hp_gain":0.0,"max_hp_loss":0.0,"gold_gain":63.0,"event_name":"Golden Wing","player_choice":"Gained Gold","floor":5.0,"gold_loss":0.0,"damage_taken":0.0},{"damage_healed":0.0,"max_hp_gain":0.0,"max_hp_loss":0.0,"gold_gain":50.0,"event_name":"Nest","player_choice":"Stole From Cult","floor":19.0,"gold_loss":0.0,"damage_taken":0.0},{"damage_healed":0.0,"max_hp_gain":0.0,"max_hp_loss":0.0,"gold_gain":0.0,"event_name":"Cursed Tome","player_choice":"Ignored","floor":21.0,"gold_loss":0.0,"damage_taken":0.0},{"damage_healed":0.0,"max_hp_gain":0.0,"max_hp_loss":0.0,"gold_gain":0.0,"cards_transformed":["Sweeping Beam","Ball Lightning"],"event_name":"Drug Dealer","player_choice":"Became Test Subject","floor":31.0,"gold_loss":0.0,"damage_taken":0.0,"cards_obtained":["Meteor Strike","Steam"]},{"damage_healed":0.0,"max_hp_gain":0.0,"max_hp_loss":0.0,"gold_gain":0.0,"event_name":"Tomb of Lord Red Mask","player_choice":"Ignored","floor":36.0,"gold_loss":0.0,"damage_taken":0.0},{"damage_healed":0.0,"max_hp_gain":0.0,"max_hp_loss":0.0,"gold_gain":0.0,"event_name":"Mysterious Sphere","player_choice":"Fight","floor":38.0,"gold_loss":0.0,"damage_taken":0.0}],"is_beta":false,"boss_relics":[{"not_picked":["Velvet Choker","FrozenCore"],"picked":"Runic Pyramid"},{"not_picked":["Runic Dome","Fusion Hammer"],"picked":"SlaversCollar"}],"items_purged_floors":[4,20],"is_endless":false,"potions_floor_spawned":[6,8,12,14,27,29,33,38,40,45,55],"ascension_level":20}}