{"host":"czen9m7c7ttmirt2","time":1608781829,"event":{"mods":["AchievementEnabler","BaseMod","Better Third Choice","Colored Map","Colored Powertips","Conspire","Hubris","Minty Spire (QoL Compilation)","Replay The Spire","StSLib"],"gold_per_floor":[109,126,126,126,140,156,170,170,200,200,200,219,235,235,215,235,235,340,340,360,372,312,312,327,362,362,362,362],"floor_reached":27,"playtime":1637,"items_purged":[],"score":273,"play_id":"bee066d3-f40e-40f5-88a8-279d39fef655","local_time":"20201223215029","is_ascension_mode":true,"campfire_choices":[{"floor":8,"key":"RECALL"},{"floor":10,"key":"REST"},{"data":"FIFO Queue","floor":14,"key":"SMITH"},{"floor":17,"key":"REST"},{"floor":26,"key":"REST"}],"circlet_count":0,"master_deck":["Zap","Dualcast","Glacier","Sweeping Beam","Echo Form","Heatsinks","Streamline","Steam Power","Streamline","FIFO Queue+1","Ball Lightning","Creative AI","Compile Driver","Ball Lightning","Loop","Lockon","Barrage","Defragment","Multi-Cast","Lockon","BasicCrystalCard","Hologram+1","Buffer","conspire:Rain"],"relics":["hubris:TerracottaHorce","Pet Ghost","Replay:Grab Bag","Painkiller Herb","hubris:VirtuousBlindfold","conspire:SpecialSausage","Nloth\u0027s Gift","Molten Egg 2"],"acts_visited":["Exordium","TheCity"],"potions_floor_usage":[16,27,27],"damage_taken":[{"damage":0.0,"enemies":"Cultist","floor":1.0,"turns":4.0},{"damage":0.0,"enemies":"Small Slimes","floor":2.0,"turns":4.0},{"damage":0.0,"enemies":"conspire:RoseBush","floor":5.0,"turns":4.0},{"damage":9.0,"enemies":"Red Slaver","floor":6.0,"turns":4.0},{"damage":16.0,"enemies":"Exordium Wildlife","floor":7.0,"turns":7.0},{"damage":12,"enemies":"Replay:BlueRogue","floor":9,"turns":6},{"damage":8,"enemies":"2 Fungi Beasts","floor":12,"turns":4},{"damage":8,"enemies":"3 Louse","floor":13,"turns":3},{"damage":17,"enemies":"Exordium Wildlife","floor":16,"turns":6},{"damage":21,"enemies":"Hexaghost","floor":18,"turns":9},{"damage":2,"enemies":"conspire:FuzzyDice","floor":20,"turns":5},{"damage":42,"enemies":"Shell Parasite","floor":21,"turns":5},{"damage":7,"enemies":"Snake Plant","floor":24,"turns":6},{"damage":42,"enemies":"Replay:Snechameleon","floor":25,"turns":6},{"damage":40,"enemies":"Slavers","floor":27,"turns":3}],"seed_played":"-3676017989704164049","potions_obtained":[{"floor":1.0,"key":"Adrenaline Potion"},{"floor":6.0,"key":"PotionOfCapacity"},{"floor":15,"key":"AttackPotion"},{"floor":16,"key":"DistilledChaos"}],"is_trial":false,"path_per_floor":["M","M","PTL","PTL","M","M","M","R","E","R","T","M","M","R","?","M","R","B",null,"?","?","?","?","?","E","T","E"],"character_chosen":"DEFECT","items_purchased":[],"campfire_rested":3,"item_purchase_floors":[],"current_hp_per_floor":[75,75,75,75,75,66,50,50,38,60,60,52,44,44,44,27,49,28,63,67,31,37,43,42,6,34,0,0],"gold":362,"neow_bonus":"BOSS_RELIC","is_daily":false,"chose_seed":false,"campfire_upgraded":1,"win_rate":0.0,"timestamp":1608781829,"path_taken":["M","?","PTL","PTL","M","?","M","R","E","R","T","M","M","R","?","?","R","BOSS","?","?","?","?","?","E","T","E"],"items_purchased_type":[],"build_version":"2020-12-22","purchased_purges":0,"victory":false,"max_hp_per_floor":[75,75,75,75,75,75,75,75,75,75,75,75,75,75,75,75,75,75,75,75,75,75,75,75,75,75,75,75],"card_choices":[{"not_picked":["Stack","Sweeping Beam"],"picked":"Glacier","floor":1.0},{"not_picked":["Conserve Battery","Go for the Eyes"],"picked":"Sweeping Beam","floor":2.0},{"not_picked":["Leap","Rip and Tear"],"picked":"Echo Form","floor":5.0},{"not_picked":["Beam Cell","Panic Button"],"picked":"Heatsinks","floor":6.0},{"not_picked":["Leap","Chaos"],"picked":"Streamline","floor":7.0},{"not_picked":["Static Discharge","Turbo"],"picked":"Steam Power","floor":9},{"not_picked":["Recycle","Stack"],"picked":"Streamline","floor":12},{"not_picked":["Sweeping Beam","Rainbow"],"picked":"FIFO Queue","floor":13},{"not_picked":["Heatsinks","FIFO Queue"],"picked":"Ball Lightning","floor":16},{"not_picked":["Amplify","Electrodynamics"],"picked":"Creative AI","floor":18},{"not_picked":["Redo","Beam Cell"],"picked":"BasicCrystalCard","floor":20},{"not_picked":["Streamline+1","FTL+1"],"picked":"Hologram+1","floor":21},{"not_picked":["Conserve Battery","Barrage"],"picked":"Buffer","floor":24},{"not_picked":["ReplaySolidLightProjector","Reprogram"],"picked":"conspire:Rain","floor":25}],"player_experience":184410,"relics_obtained":[{"floor":9,"key":"Pet Ghost"},{"floor":25,"key":"Molten Egg 2"}],"event_choices":[{"damage_healed":0,"gold_gain":0,"player_choice":"Bought 1 Potion","damage_taken":0,"max_hp_gain":0,"max_hp_loss":0,"event_name":"The Woman in Blue","floor":15,"gold_loss":0},{"damage_healed":0,"gold_gain":0,"player_choice":"Traded Relic","damage_taken":0,"relics_obtained":["Nloth\u0027s Gift"],"max_hp_gain":0,"max_hp_loss":0,"event_name":"N\u0027loth","floor":23,"relics_lost":["Pandora\u0027s Box"],"gold_loss":0}],"is_beta":false,"boss_relics":[{"not_picked":["Replay:Bronze Core","Kintsugi"],"picked":"Replay:Grab Bag"},{"not_picked":["Philosopher\u0027s Stone","Ectoplasm"],"picked":"Painkiller Herb"},{"not_picked":["Velvet Choker","ReplayTheSpireMod:DimensionalGlitch"],"picked":"hubris:VirtuousBlindfold"},{"not_picked":["SacredBark","hubris:Stopwatch"],"picked":"conspire:SpecialSausage"},{"not_picked":["Empty Cage","conspire:RunicOctahedron"],"picked":"Pandora\u0027s Box"}],"items_purged_floors":[],"is_endless":false,"potions_floor_spawned":[1,6,16,18,21,25],"killed_by":"Slavers","ascension_level":3}}