{"host":"6efts020nftxfcgy","time":1608770473,"event":{"mods":["BaseMod","Conspire","Hubris","Infinite Spire","Minty Spire (QoL Compilation)","Relic Sorter","Replay The Spire","Shop Mod","StSLib","SuperFastMode","The Servant 0.9.4"],"gold_per_floor":[118,43,43,55,68,103,103,122,122,136,136,155,55,55,55,55,55,154,154,165,182,182,201,201,201,217,217,217],"floor_reached":27,"playtime":2730,"items_purged":["Strike_S","Defend_S"],"score":240,"play_id":"0c8c77cd-2fa1-48dd-9c22-ab26c8c810dc","local_time":"20201224004113","is_ascension_mode":false,"campfire_choices":[{"data":"MurderousAura","floor":7,"key":"SMITH"},{"floor":17,"key":"REST"},{"data":"TheWorld","floor":25,"key":"SMITH"}],"circlet_count":0,"master_deck":["Defend_S","KidneyShot","Exchange","Rewind","MurderousAura+1","BottledTime","BottledTime","ShatteredReality","TheWorld+1","Dilation","Clumsy","Spreading Infection"],"relics":["Uniform","Replay:Rubber Ducky","infinitespire:Satchel","Pen Nib","Kintsugi"],"acts_visited":["Exordium","TheCity"],"potions_floor_usage":[6,27,27,27],"damage_taken":[{"damage":4,"enemies":"Cultist","floor":1,"turns":4},{"damage":0,"enemies":"Jaw Worm","floor":4,"turns":4},{"damage":0,"enemies":"Small Slimes","floor":5,"turns":5},{"damage":0,"enemies":"3 Sentries","floor":6,"turns":12},{"damage":20,"enemies":"Gremlin Gang","floor":8,"turns":7},{"damage":5,"enemies":"Red Slaver","floor":10,"turns":3},{"damage":7,"enemies":"Exordium Thugs","floor":12,"turns":4},{"damage":27,"enemies":"Fading Forest","floor":18,"turns":11},{"damage":0,"enemies":"Shell Parasite","floor":20,"turns":7},{"damage":0,"enemies":"Spheric Guardian","floor":21,"turns":3},{"damage":7,"enemies":"Snake Plant","floor":23,"turns":6},{"damage":0,"enemies":"Centurion and Healer","floor":26,"turns":7},{"damage":62,"enemies":"Slavers","floor":27,"turns":5}],"seed_played":"-634080100798829528","potions_obtained":[{"floor":5,"key":"EssenceOfSteel"},{"floor":8,"key":"SpeedPotion"},{"floor":12,"key":"Languid Potion"},{"floor":18,"key":"Weak Potion"},{"floor":21,"key":"Swift Potion"}],"is_trial":false,"path_per_floor":["M","$","?","M","M","E","R","M","T","M","$","M","$","PTL","PTL","$","R","B",null,"M","M","?","M","?","R","M","E"],"character_chosen":"THE_SERVANT","items_purchased":[],"campfire_rested":1,"item_purchase_floors":[],"current_hp_per_floor":[61,61,61,61,61,61,61,41,41,36,36,29,29,29,29,29,48,47,65,65,65,65,58,58,58,58,0,0],"gold":217,"neow_bonus":"RANDOM_COMMON_RELIC","is_daily":false,"chose_seed":false,"campfire_upgraded":2,"win_rate":0.0,"timestamp":1608770473,"path_taken":["M","?","?","M","M","E","R","?","T","M","$","M","$","PTL","PTL","?","R","BOSS","M","M","?","M","?","R","M","E"],"items_purchased_type":[],"build_version":"2020-12-22","purchased_purges":2,"victory":false,"max_hp_per_floor":[65,65,65,65,65,65,65,65,65,65,65,65,65,65,65,65,65,65,65,65,65,65,65,65,65,65,65,65],"card_choices":[{"not_picked":["WasteNot","DoubleEdge"],"picked":"Rewind","floor":1},{"not_picked":["ShatteredReality","Ricochet"],"picked":"BottledTime","floor":4},{"not_picked":["Alleviate","Starlight","Rewind"],"picked":"SKIP","floor":5},{"not_picked":["Starlight","Moondial","Unruled"],"picked":"SKIP","floor":6},{"not_picked":["WasteNot","DoubleEdge"],"picked":"ShatteredReality","floor":8},{"not_picked":["FastForward","TimeWarp"],"picked":"TheWorld","floor":10},{"not_picked":["Spin","MoonPhase","DoubleEdge"],"picked":"SKIP","floor":12},{"not_picked":["FlawlessForm","Embodiment"],"picked":"Dilation","floor":18},{"not_picked":["Snipe","ShatteredReality+1","Comet"],"picked":"SKIP","floor":20},{"not_picked":["TimeWarp","Comet","StarChef+1"],"picked":"SKIP","floor":21},{"not_picked":["BottledTime","Spin","Ricochet"],"picked":"SKIP","floor":23},{"not_picked":["Rearm","Replace","Moondial+1"],"picked":"SKIP","floor":26}],"player_experience":289473,"relics_obtained":[{"floor":6,"key":"infinitespire:Satchel"},{"floor":9,"key":"Pen Nib"}],"event_choices":[{"damage_healed":0,"gold_gain":0,"player_choice":"2 cards matched","damage_taken":0,"max_hp_gain":0,"max_hp_loss":0,"event_name":"Match and Keep!","floor":3,"gold_loss":0,"cards_obtained":["MurderousAura","BottledTime"]},{"damage_healed":0,"gold_gain":0,"player_choice":"Leave","damage_taken":0,"max_hp_gain":0,"max_hp_loss":0,"event_name":"conspire:Investor","floor":24,"gold_loss":0}],"is_beta":false,"boss_relics":[{"not_picked":["SplendidAttire","hubris:RunicObelisk"],"picked":"Kintsugi"}],"items_purged_floors":[2,13],"is_endless":false,"potions_floor_spawned":[5,8,12,18,21,26],"killed_by":"Slavers","ascension_level":0}}