{"host":"od099uxc49ip1k8b","time":1608841849,"event":{"mods":["Act Like it!","BaseMod","Downfall","Gensokyo","Hermit","Marisa????????","Minty Spire (QoL Compilation)","Remilia??????","StSLib","The Animator","The Cursed","The Servant 0.9.4"],"gold_per_floor":[117,129,141,158,175,201,216,216,242,261,272,287,287,305,305,406,406,417,434,450,365,365,365,382,77,151,184,199,199,199,199,199,299,299,312,312,312,324,340,340,352,352,378,410,410,422,422,435,435,435,435],"floor_reached":50,"playtime":6280,"items_purged":[],"score":552,"play_id":"b439ce20-47f1-41fb-9f5a-9f948eceef3e","local_time":"20201224153049","is_ascension_mode":false,"campfire_choices":[{"floor":8,"key":"REST"},{"floor":13,"key":"REST"},{"data":"SprinkleStarSeal","floor":15,"key":"SMITH"},{"data":"MasterSpark","floor":23,"key":"SMITH"},{"floor":29,"key":"REST"},{"data":"MysteriousBeam","floor":32,"key":"SMITH"},{"floor":40,"key":"REST"},{"floor":42,"key":"REST"},{"floor":45,"key":"REST"},{"floor":49,"key":"REST"}],"circlet_count":0,"master_deck":["Strike_MRS+1","Strike_MRS+1","Strike_MRS","Strike_MRS","Defend_MRS","Defend_MRS","Defend_MRS","Defend_MRS","MasterSpark+1","UpSweep","AsteroidBelt","GrandCross","GravityBeat","AsteroidBelt","ShootTheMoon","Orbital","ChargeUpSpray","SprinkleStarSeal+1","MilkyWay","PropBag","GrandCross","GrandCross+1","UnstableBomb","MysteriousBeam+1","StarDustReverie","EnergyRecoil","CollectingQuirk","UnstableBomb","MasterSpark+1","OpenUniverse+1","UnstableBomb+1","Parasite","6A+1"],"relics":["MiniHakkero","Oddly Smooth Stone","Velvet Choker","Potion Belt","HandmadeGrimoire","Whetstone","Bronze Scales","Nloth\u0027s Gift","Black Star","Orichalcum","Strawberry","Pear","Molten Egg 2","Sundial"],"acts_visited":["Exordium","TheCity","TheBeyond"],"potions_floor_usage":[11,33,33],"damage_taken":[{"damage":1,"enemies":"Jaw Worm","floor":1,"turns":3},{"damage":7,"enemies":"2 Louse","floor":2,"turns":3},{"damage":1,"enemies":"Cultist","floor":3,"turns":3},{"damage":5,"enemies":"Exordium Wildlife","floor":4,"turns":5},{"damage":5,"enemies":"Looter","floor":5,"turns":4},{"damage":33,"enemies":"Lagavulin","floor":6,"turns":8},{"damage":6,"enemies":"Exordium Thugs","floor":7,"turns":5},{"damage":6,"enemies":"2 Fungi Beasts","floor":10,"turns":4},{"damage":7,"enemies":"Lots of Slimes","floor":11,"turns":5},{"damage":11,"enemies":"Exordium Thugs","floor":12,"turns":6},{"damage":0,"enemies":"Large Slime","floor":14,"turns":7},{"damage":30,"enemies":"The Guardian","floor":16,"turns":14},{"damage":5,"enemies":"Shell Parasite","floor":18,"turns":6},{"damage":1,"enemies":"Spheric Guardian","floor":19,"turns":4},{"damage":10,"enemies":"3 Cultists","floor":20,"turns":7},{"damage":11,"enemies":"Cultist and Chosen","floor":24,"turns":7},{"damage":26,"enemies":"Slavers","floor":27,"turns":5},{"damage":15,"enemies":"Snake Plant","floor":28,"turns":2},{"damage":60,"enemies":"Champ","floor":33,"turns":12},{"damage":0,"enemies":"3 Shapes","floor":35,"turns":4},{"damage":39,"enemies":"3 Darklings","floor":38,"turns":5},{"damage":6,"enemies":"4 Shapes","floor":39,"turns":6},{"damage":34,"enemies":"Transient","floor":41,"turns":5},{"damage":60,"enemies":"Giant Head","floor":44,"turns":10},{"damage":5,"enemies":"Writhing Mass","floor":46,"turns":4},{"damage":5,"enemies":"Sphere and 2 Shapes","floor":48,"turns":4},{"damage":94,"enemies":"Donu and Deca","floor":50,"turns":6}],"seed_played":"-7534239816710686608","potions_obtained":[{"floor":1,"key":"FearPotion"},{"floor":3,"key":"PowerPotion"},{"floor":7,"key":"DuplicationPotion"},{"floor":11,"key":"Fruit Juice"},{"floor":14,"key":"Swift Potion"},{"floor":24,"key":"PowerPotion"},{"floor":27,"key":"DistilledChaos"},{"floor":38,"key":"CultistPotion"},{"floor":48,"key":"Energy Potion"}],"is_trial":false,"path_per_floor":["M","M","M","M","M","E","M","R","T","M","M","M","R","M","R","B",null,"M","M","M","?","?","R","M","$","T","E","M","R","T","?","R","B",null,"M","?","?","M","M","R","M","R","T","E","R","M","T","M","R","B"],"character_chosen":"MARISA","items_purchased":["MysteriousBeam","HandmadeGrimoire"],"campfire_rested":7,"item_purchase_floors":[25,25],"current_hp_per_floor":[74,67,66,61,56,23,17,39,39,33,31,20,44,44,44,14,80,75,74,64,64,90,90,79,79,79,53,38,65,65,65,65,5,90,90,90,90,51,45,72,38,65,65,22,54,49,49,44,76,0,0],"gold":435,"neow_bonus":"ONE_RANDOM_RARE_CARD","is_daily":false,"chose_seed":false,"campfire_upgraded":3,"win_rate":0.0,"timestamp":1608841849,"path_taken":["M","M","M","M","M","E","M","R","T","M","M","M","R","M","R","BOSS","M","M","M","?","?","R","M","$","T","E","?","R","?","?","R","BOSS","M","?","?","?","M","R","M","R","T","E","R","M","?","M","R","BOSS"],"items_purchased_type":["Card","Relic"],"build_version":"2020-12-22","purchased_purges":0,"victory":false,"max_hp_per_floor":[75,75,75,75,75,75,75,75,75,75,80,80,80,80,80,80,80,80,80,80,80,90,90,90,90,90,90,90,90,90,90,90,90,90,90,90,90,90,90,90,90,90,90,107,107,107,107,107,107,107,107],"card_choices":[{"not_picked":["DarkSpark","ChargeUpSpray"],"picked":"AsteroidBelt","floor":1},{"not_picked":["DC","UnstableBomb"],"picked":"GrandCross","floor":2},{"not_picked":["OrrerysSun","AlicesGift"],"picked":"GravityBeat","floor":3},{"not_picked":["MagicAbsorber","MagicChant"],"picked":"AsteroidBelt","floor":4},{"not_picked":["Acceleration","GravityBeat"],"picked":"ShootTheMoon","floor":5},{"not_picked":["WitchLeyline","UnstableBomb"],"picked":"Orbital","floor":6},{"not_picked":["6A","OneTimeOff","MachineGunSpark"],"picked":"SKIP","floor":7},{"not_picked":["ShootingEcho","Acceleration"],"picked":"ChargeUpSpray","floor":10},{"not_picked":["MilkyWay","Acceleration"],"picked":"SprinkleStarSeal","floor":11},{"not_picked":["DoubleSpark","LuminesStrike"],"picked":"MilkyWay","floor":12},{"not_picked":["Acceleration","Singularity","StarlightTyphoon"],"picked":"SKIP","floor":14},{"not_picked":["TreasureHunter","MaximisePower"],"picked":"ManaRampage","floor":16},{"not_picked":["DC","LuminesStrike"],"picked":"PropBag","floor":18},{"not_picked":["GravityBeat","StarBarrage+1"],"picked":"GrandCross","floor":19},{"not_picked":["WitchOfGreed","MilkyWay+1"],"picked":"GrandCross+1","floor":20},{"not_picked":["LuminesStrike","WitchOfGreed"],"picked":"UnstableBomb","floor":24},{"not_picked":["Occultation","MilkyWay"],"picked":"StarDustReverie","floor":27},{"not_picked":["ShootingEcho","Acceleration"],"picked":"EnergyRecoil","floor":28},{"not_picked":["TreasureHunter","BigCrunch"],"picked":"CollectingQuirk","floor":33},{"not_picked":["SprinkleStarSeal","DoubleSpark"],"picked":"UnstableBomb","floor":35},{"not_picked":["EnergyFlow","StarBarrage"],"picked":"OpenUniverse+1","floor":38},{"not_picked":["WitchOfGreed","Singularity","Acceleration+1"],"picked":"SKIP","floor":39},{"not_picked":["DragonMeteor","UnstableBomb","DoubleSpark"],"picked":"SKIP","floor":41},{"not_picked":["CollectingQuirk","SprinkleStarSeal"],"picked":"UnstableBomb+1","floor":44},{"not_picked":["MachineGunSpark+1","FairyDestructionRay","WitchOfGreed+1"],"picked":"SKIP","floor":46},{"not_picked":["FairyDestructionRay+1","WitchLeyline+1"],"picked":"6A+1","floor":48}],"player_experience":40020,"relics_obtained":[{"floor":6,"key":"Peace Pipe"},{"floor":9,"key":"Oddly Smooth Stone"},{"floor":27,"key":"Whetstone"},{"floor":30,"key":"Bronze Scales"},{"floor":43,"key":"Orichalcum"},{"floor":44,"key":"Strawberry"},{"floor":44,"key":"Pear"},{"floor":47,"key":"Molten Egg 2"}],"event_choices":[{"damage_healed":0,"gold_gain":0,"player_choice":"Obtained Relic","damage_taken":0,"relics_obtained":["Potion Belt"],"max_hp_gain":0,"max_hp_loss":0,"event_name":"Addict","floor":21,"gold_loss":85},{"cards_removed":["CasketOfStar"],"damage_healed":16,"gold_gain":0,"player_choice":"Offered Rare","damage_taken":0,"max_hp_gain":10,"max_hp_loss":0,"event_name":"Bonfire Elementals","floor":22,"gold_loss":0},{"damage_healed":0,"gold_gain":0,"player_choice":"Traded Relic","damage_taken":0,"relics_obtained":["Nloth\u0027s Gift"],"max_hp_gain":0,"max_hp_loss":0,"event_name":"N\u0027loth","floor":31,"relics_lost":["Peace Pipe"],"gold_loss":0},{"cards_removed":["ManaRampage"],"damage_healed":0,"gold_gain":0,"player_choice":"Removed Skill","damage_taken":0,"max_hp_gain":0,"max_hp_loss":0,"event_name":"Falling","floor":36,"gold_loss":0},{"damage_healed":0,"gold_gain":0,"player_choice":"Copied","damage_taken":0,"max_hp_gain":0,"max_hp_loss":0,"event_name":"Duplicator","floor":37,"gold_loss":0,"cards_obtained":["MasterSpark"]}],"is_beta":false,"boss_relics":[{"not_picked":["SlaversCollar","Runic Pyramid"],"picked":"Velvet Choker"},{"not_picked":["ExperimentalFamiliar","Busted Crown"],"picked":"Black Star"}],"items_purged_floors":[],"is_endless":false,"potions_floor_spawned":[1,2,3,7,10,11,14,18,24,27,38,48],"killed_by":"Donu and Deca","ascension_level":0}}