{"host":"5bdt6s51dmpd4l3v","time":1608809756,"event":{"mods":["AchievementEnabler","BaseMod","Colored Map","Colored Powertips","Highlight Path","Minty Spire (QoL Compilation)","Quick Restart","Rare Cards Sparkle","StSLib"],"gold_per_floor":[114,126,139,33,48,79,79,79,79],"floor_reached":8,"playtime":161,"items_purged":[],"score":102,"play_id":"cce5bdfd-82a2-4864-999c-ffc6b0354dc8","local_time":"20201224193556","is_ascension_mode":true,"campfire_choices":[{"data":"Armaments","floor":7,"key":"SMITH"}],"circlet_count":0,"master_deck":["AscendersBane","Strike_R","Strike_R","Strike_R","Strike_R","Strike_R","Defend_R","Defend_R","Defend_R","Defend_R","Bash","Clash","Sword Boomerang","Armaments+1","Whirlwind","Rage","Burning Pact"],"relics":["Burning Blood","NeowsBlessing","Mercury Hourglass"],"acts_visited":["Exordium"],"potions_floor_usage":[6],"damage_taken":[{"damage":0,"enemies":"Cultist","floor":1,"turns":1},{"damage":0,"enemies":"Jaw Worm","floor":2,"turns":1},{"damage":0,"enemies":"Small Slimes","floor":3,"turns":1},{"damage":3,"enemies":"Exordium Wildlife","floor":5,"turns":5},{"damage":31,"enemies":"Gremlin Nob","floor":6,"turns":4},{"damage":0,"enemies":"Lagavulin","floor":8,"turns":1}],"seed_played":"3685741118644391087","potions_obtained":[{"floor":5,"key":"Fire Potion"},{"floor":6,"key":"Block Potion"}],"is_trial":false,"path_per_floor":["M","M","M","$","M","E","R","E"],"character_chosen":"IRONCLAD","items_purchased":["Whirlwind","Rage"],"campfire_rested":0,"item_purchase_floors":[4,4],"current_hp_per_floor":[74,75,75,75,75,50,50,50,50],"gold":79,"neow_bonus":"THREE_ENEMY_KILL","is_daily":false,"chose_seed":false,"campfire_upgraded":1,"win_rate":0.0,"timestamp":1608809756,"path_taken":["M","M","M","$","M","E","R","E"],"items_purchased_type":["Card","Card"],"build_version":"2020-12-22","purchased_purges":0,"victory":false,"max_hp_per_floor":[75,75,75,75,75,75,75,75,75],"card_choices":[{"not_picked":["Havoc","Dual Wield"],"picked":"Clash","floor":1},{"not_picked":["Uppercut","Heavy Blade"],"picked":"Sword Boomerang","floor":2},{"not_picked":["Feel No Pain","Wild Strike"],"picked":"Armaments","floor":3},{"not_picked":["Flame Barrier","Metallicize"],"picked":"Burning Pact","floor":5},{"not_picked":["Body Slam","Armaments","Dual Wield"],"picked":"SKIP","floor":6}],"player_experience":224774,"relics_obtained":[{"floor":6,"key":"Mercury Hourglass"}],"event_choices":[],"is_beta":false,"boss_relics":[],"items_purged_floors":[],"is_endless":false,"potions_floor_spawned":[5,6],"killed_by":"Lagavulin","ascension_level":15}}