{"host":"ye7dkdlypz0ka1od","time":1608847356,"event":{"mods":["Act Like it!","Aspiration","BaseMod","Better Third Choice","Gensokyo","Hallownest","Hubris","Infinite Spire","Marisa????????","Minty Spire (QoL Compilation)","Replay The Spire","StSLib","The Runesmith"],"gold_per_floor":[112,112,112,126,126,126,136,136,136,70,98,98,29,60,60,60,60],"floor_reached":16,"playtime":422,"items_purged":["Strike_MRS"],"score":106,"play_id":"a9d2fe03-8bd3-4c8f-9b7d-c8eb22a4f871","local_time":"20201224170236","is_ascension_mode":false,"campfire_choices":[{"data":"Enlightenment","floor":6,"key":"SMITH"},{"data":"MasterSpark","floor":8,"key":"SMITH"},{"floor":12,"key":"REST"},{"floor":15,"key":"REST"}],"circlet_count":0,"master_deck":["Strike_MRS","Strike_MRS+1","Strike_MRS+1","Defend_MRS","Defend_MRS","Defend_MRS","Defend_MRS","MasterSpark+1","UpSweep","Enlightenment+1","LuminesStrike","MilkyWay","ManaRampage","ReplayTheSpireMod:Faulty Equipment","TreasureHunter","StarBarrage","AsteroidBelt"],"relics":["MiniHakkero","StrikeDummy","ReplayTheSpireMod:CursedCoin","Replay:Ringing Soul","Frozen Egg 2","WingedGreaves"],"acts_visited":["Exordium"],"potions_floor_usage":[],"damage_taken":[{"damage":0,"enemies":"2 Louse","floor":1,"turns":2},{"damage":6,"enemies":"Jaw Worm","floor":4,"turns":2},{"damage":0,"enemies":"Cultist","floor":7,"turns":3},{"damage":5,"enemies":"Replay:BlueRogue","floor":11,"turns":4},{"damage":32,"enemies":"Gremlin Nob","floor":14,"turns":4},{"damage":74,"enemies":"Hexaghost","floor":16,"turns":12}],"seed_played":"-3558668115410063359","potions_obtained":[{"floor":1,"key":"Venom Potion"},{"floor":14,"key":"Ancient Potion"}],"is_trial":false,"path_per_floor":["M","?","?","M","?","R","M","R","T","$","E","R","$","E","R","B"],"character_chosen":"MARISA","items_purchased":["ReplayTheSpireMod:CursedCoin","TreasureHunter","StarBarrage"],"campfire_rested":2,"item_purchase_floors":[10,10,13],"current_hp_per_floor":[75,75,60,54,54,54,54,54,54,54,49,71,74,45,69,0,0],"gold":60,"neow_bonus":"RANDOM_COLORLESS","is_daily":false,"chose_seed":false,"campfire_upgraded":2,"win_rate":0.0,"timestamp":1608847356,"path_taken":["M","?","?","M","?","R","?","R","T","$","E","R","?","E","R","BOSS"],"items_purchased_type":["Relic","Card","Card"],"build_version":"2020-12-22","purchased_purges":1,"victory":false,"max_hp_per_floor":[75,75,75,75,75,75,75,75,75,75,75,75,78,81,81,81,81],"card_choices":[{"not_picked":["Mind Blast","Impatience"],"picked":"Enlightenment","floor":0},{"not_picked":["Acceleration","GrandCross"],"picked":"LuminesStrike","floor":1},{"not_picked":["SuperPerseids","EventHorizon"],"picked":"MilkyWay","floor":4},{"not_picked":["GravityBeat","GrandCross","Acceleration"],"picked":"SKIP","floor":7},{"not_picked":["WitchLeyline","AlicesGift","DeepEcoloBomb"],"picked":"SKIP","floor":11},{"not_picked":["DarkSpark","ChargingUp"],"picked":"AsteroidBelt","floor":14}],"player_experience":1414363,"relics_obtained":[{"floor":9,"key":"StrikeDummy"},{"floor":11,"key":"Replay:Ringing Soul"},{"floor":11,"key":"Frozen Egg 2"},{"floor":14,"key":"WingedGreaves"}],"event_choices":[{"damage_healed":75,"gold_gain":0,"player_choice":"Upgrade","damage_taken":15,"max_hp_gain":0,"max_hp_loss":75,"event_name":"betterThird:BetterShining","floor":3,"gold_loss":0,"cards_upgraded":["Strike_MRS","Strike_MRS"]},{"damage_healed":0,"gold_gain":0,"player_choice":"1 cards matched","damage_taken":0,"max_hp_gain":0,"max_hp_loss":0,"event_name":"Match and Keep!","floor":5,"gold_loss":0,"cards_obtained":["ManaRampage"]}],"is_beta":false,"boss_relics":[],"items_purged_floors":[10],"is_endless":true,"potions_floor_spawned":[1,14],"killed_by":"Hexaghost","ascension_level":0}}