{"host":"12piqfhmdln9x2la","time":1608825743,"event":{"mods":["2.2 Compatiblity","AchievementEnabler","BaseMod","BetterRewards","Colored Powertips","Minty Spire (QoL Compilation)","Quick Restart","SuperFastMode"],"gold_per_floor":[119,133,133,83,83,83,118,118,118,153,153],"floor_reached":10,"playtime":100,"items_purged":[],"score":109,"play_id":"07b2dd09-0169-4c86-a210-db7a7e44cfa8","local_time":"20201225010223","is_ascension_mode":true,"campfire_choices":[{"floor":6,"key":"RECALL"}],"circlet_count":0,"master_deck":["Strike_R","Strike_R","Strike_R","Strike_R","Defend_R","Defend_R","Defend_R","Bash","Cleave","Thunderclap","Rampage"],"relics":["Burning Blood","NeowsBlessing","Golden Idol","Centennial Puzzle","Ornamental Fan"],"acts_visited":["Exordium"],"potions_floor_usage":[10],"damage_taken":[{"damage":0,"enemies":"Cultist","floor":1,"turns":1},{"damage":0,"enemies":"2 Louse","floor":2,"turns":1},{"damage":0,"enemies":"Gremlin Nob","floor":7,"turns":1},{"damage":31,"enemies":"Lagavulin","floor":10,"turns":7}],"seed_played":"-9110220962351055037","potions_obtained":[{"floor":1,"key":"Fruit Juice"}],"is_trial":false,"path_per_floor":["M","M","?","?","?","R","E","?","T","E"],"character_chosen":"IRONCLAD","items_purchased":[],"campfire_rested":0,"item_purchase_floors":[],"current_hp_per_floor":[80,80,74,74,67,67,73,74,74,54,54],"gold":153,"neow_bonus":"THREE_ENEMY_KILL","is_daily":false,"chose_seed":false,"campfire_upgraded":0,"win_rate":0.0,"timestamp":1608825743,"path_taken":["M","?","?","?","?","R","E","?","T","E"],"items_purchased_type":[],"build_version":"2020-12-22","purchased_purges":0,"victory":false,"max_hp_per_floor":[80,80,74,74,74,74,74,74,74,79,79],"card_choices":[{"not_picked":["Shockwave","Havoc"],"picked":"Cleave","floor":1},{"not_picked":["Rage","Battle Trance"],"picked":"Thunderclap","floor":2},{"not_picked":["Body Slam","Havoc"],"picked":"Rampage","floor":7}],"player_experience":117372,"relics_obtained":[{"floor":7,"key":"Centennial Puzzle"},{"floor":10,"key":"Ornamental Fan"}],"event_choices":[{"damage_healed":0,"gold_gain":0,"player_choice":"Lose Max HP","damage_taken":0,"relics_obtained":["Golden Idol"],"max_hp_gain":0,"max_hp_loss":6,"event_name":"Golden Idol","floor":3,"gold_loss":0},{"cards_removed":["Strike_R"],"damage_healed":0,"gold_gain":0,"player_choice":"Card Removal","damage_taken":0,"max_hp_gain":0,"max_hp_loss":0,"event_name":"The Cleric","floor":4,"gold_loss":50},{"cards_removed":["Defend_R"],"damage_healed":0,"gold_gain":0,"player_choice":"Card Removal","damage_taken":7,"max_hp_gain":0,"max_hp_loss":0,"event_name":"Golden Wing","floor":5,"gold_loss":0},{"damage_healed":1,"gold_gain":0,"player_choice":"Full Heal","damage_taken":0,"max_hp_gain":0,"max_hp_loss":0,"event_name":"Wheel of Change","floor":8,"gold_loss":0}],"is_beta":false,"boss_relics":[],"items_purged_floors":[],"is_endless":false,"potions_floor_spawned":[1],"killed_by":"Lagavulin","ascension_level":2}}