{"host":"rmxeoilydwnfa1ap","time":1608768309,"event":{"mods":["2.2 Compatiblity","BaseMod","Better Third Choice","BetterRewards","Decade(王小明)","Defuse TimeMaze Blight","HololiveMod","Hubris","Humility","KinomotoSakuraMod(木之本樱)","Minty Spire (QoL Compilation)","Prisma Mod","Rare Cards Sparkle","Remove Card Discount Mod","Shop Mod","Spicy Shops","StSLib"],"gold_per_floor":[112,32,32,48,48,48,48,48,48,48,68,68,68,68,68,173,173,188,188,208,208,237,237,237,254,331,331,356,356,356,59,59,157,157,171,221,240,240,240],"floor_reached":38,"playtime":1733,"items_purged":["ClowCardTheThrough","ClowCardTheDark","ClowCardTheReturn"],"score":673,"play_id":"6905f58f-576f-47cb-a19b-954a4e57fae6","local_time":"20201224080509","daily_mods":["SealedDeck","Shiny","Vintage","Heirloom","Time Dilation","Flight","DeadlyEvents"],"is_ascension_mode":false,"campfire_choices":[{"data":"ClowCardTheFly","floor":6.0,"key":"SMITH"},{"data":"ClowCardTheWindy","floor":7.0,"key":"SMITH"},{"data":"ClowCardTheFly","floor":8.0,"key":"SMITH"},{"data":"ClowCardTheBubbles","floor":10.0,"key":"SMITH"},{"data":"ClowCardTheLight","floor":12.0,"key":"SMITH"},{"data":"ClowCardTheArrow","floor":13.0,"key":"SMITH"},{"data":"ClowCardTheRain","floor":15.0,"key":"SMITH"},{"data":"ClowCardTheFirey","floor":23.0,"key":"SMITH"},{"data":"ClowCardTheFlower","floor":24.0,"key":"SMITH"},{"data":"ClowCardTheFight","floor":27.0,"key":"SMITH"},{"data":"ClowCardTheGlow","floor":29.0,"key":"SMITH"},{"data":"ClowCardTheSong","floor":30.0,"key":"SMITH"},{"data":"ClowCardTheDash","floor":32.0,"key":"SMITH"}],"circlet_count":0,"master_deck":["SakuraCardTheWindy+","ClowCardTheTwin","ClowCardTheFight+1","ClowCardTheDash+1","ClowCardTheThunder","ClowCardTheTime","ClowCardTheLight+1","ClowCardTheBubbles+1","ClowCardTheSleep","ClowCardTheRain+1","ClowCardTheSong+1","ClowCardTheArrow+1","ClowCardTheShadow","ClowCardTheGlow+1","ClowCardTheFly+1","ClowCardTheFirey+1","ClowCardTheDream+1","ClowCardTheLittle+1","ClowCardTheDash","hubris:DuctTapeCard"],"relics":["KSMOD_SealedBook","KSMOD_SealedWand","Ginger","Omamori","hubris:Icosahedron","Pen Nib","Ornamental Fan","HornCleat","hubris:Towel","hubris:MysteriousPyramids","SlaversCollar","Akabeko","Pear","The Courier","Frozen Egg 2","hubris:DuctTape","KSMOD_TomoyosHeart","KSMOD_Yue","Gremlin Horn","Lizard Tail","InkBottle"],"acts_visited":["Exordium","TheCity","TheBeyond"],"potions_floor_usage":[],"damage_taken":[{"damage":0.0,"enemies":"2 Louse","floor":1.0,"turns":1.0},{"damage":14.0,"enemies":"Jaw Worm","floor":4.0,"turns":2.0},{"damage":0.0,"enemies":"Cultist","floor":11.0,"turns":2.0},{"damage":35.0,"enemies":"Slime Boss","floor":16.0,"turns":7.0},{"damage":0.0,"enemies":"Spheric Guardian","floor":18.0,"turns":1.0},{"damage":0.0,"enemies":"Shell Parasite","floor":20.0,"turns":1.0},{"damage":4.0,"enemies":"Gremlin Leader","floor":22.0,"turns":3.0},{"damage":6.0,"enemies":"Shelled Parasite and Fungi","floor":25.0,"turns":2.0},{"damage":0.0,"enemies":"Book of Stabbing","floor":28.0,"turns":1.0},{"damage":0.0,"enemies":"hubris:MusketHawk","floor":33.0,"turns":1.0},{"damage":0.0,"enemies":"3 Shapes","floor":35.0,"turns":1.0},{"damage":0.0,"enemies":"Mind Bloom Boss Battle","floor":36.0,"turns":2.0},{"damage":6.0,"enemies":"Mind Bloom Boss Battle","floor":36.0,"turns":1.0},{"damage":17.0,"enemies":"3 Darklings","floor":37.0,"turns":2.0},{"damage":0.0,"enemies":"Spire Growth","floor":38.0,"turns":2.0}],"seed_played":"5434820444545404311","potions_obtained":[{"floor":1.0,"key":"Ancient Potion"},{"floor":20.0,"key":"LiquidMemories"},{"floor":22.0,"key":"LiquidMemories"}],"is_trial":true,"path_per_floor":["M","$","?","M","$","R","R","R","T","R","M","R","R","?","R","B",null,"M","?","M","?","E","R","R","M","T","R","E","R","R","$","R","B",null,"M","?","M","M"],"character_chosen":"KINOMOTOSAKURA","items_purchased":["ClowCardTheWindy","ClowCardTheLittle+1","KSMOD_Yue"],"campfire_rested":0,"item_purchase_floors":[2,31,31],"current_hp_per_floor":[70,70,70,56,56,56,56,56,56,56,56,56,56,56,56,21,70,70,57,67,67,63,63,63,57,57,57,57,57,57,57,57,57,85,85,79,62,62,62],"gold":240,"neow_bonus":"","is_daily":false,"chose_seed":false,"campfire_upgraded":13,"win_rate":0.0,"timestamp":1608768309,"path_taken":["M","$","?","M","$","R","R","R","T","R","M","R","R","?","R","BOSS","M","?","M","?","?","R","R","?","T","R","?","R","R","$","R","BOSS","M","?","?","M"],"items_purchased_type":["Card","Card","Relic"],"build_version":"2020-12-22","purchased_purges":3,"victory":false,"max_hp_per_floor":[70,70,70,70,70,70,70,70,70,70,70,70,70,70,70,70,70,70,75,85,85,85,85,85,85,85,85,85,85,85,85,85,85,85,85,85,85,85,85],"card_choices":[{"not_picked":["ClowCardTheWood","ClowCardTheSong","ClowCardTheRain"],"picked":"SKIP","floor":22.0},{"not_picked":["ClowCardTheFreeze+1","ClowCardTheSleep+1"],"picked":"ClowCardTheDream+1","floor":28.0},{"not_picked":["ClowCardTheCreate","ClowCardTheThunder"],"picked":"ClowCardTheDash","floor":33.0}],"player_experience":91539,"relics_obtained":[{"floor":1.0,"key":"Omamori"},{"floor":4.0,"key":"Pen Nib"},{"floor":9.0,"key":"Ornamental Fan"},{"floor":11.0,"key":"HornCleat"},{"floor":16.0,"key":"hubris:MysteriousPyramids"},{"floor":18.0,"key":"Akabeko"},{"floor":20.0,"key":"Pear"},{"floor":22.0,"key":"The Courier"},{"floor":25.0,"key":"Frozen Egg 2"},{"floor":26.0,"key":"hubris:DuctTape"},{"floor":28.0,"key":"KSMOD_TomoyosHeart"},{"floor":35.0,"key":"Gremlin Horn"},{"floor":36.0,"key":"Lizard Tail"},{"floor":37.0,"key":"InkBottle"}],"event_choices":[{"damage_healed":0.0,"max_hp_gain":5.0,"max_hp_loss":0.0,"gold_gain":0.0,"event_name":"Forgotten Altar","player_choice":"Shed Blood","floor":19.0,"gold_loss":0.0,"damage_taken":18.0},{"damage_healed":0.0,"max_hp_gain":0.0,"max_hp_loss":0.0,"gold_gain":0.0,"event_name":"MindBloom","player_choice":"Fight","floor":36.0,"gold_loss":0.0,"damage_taken":0.0}],"is_beta":false,"boss_relics":[{"not_picked":["hubris:HollowSoul","hubris:RunicObelisk"],"picked":"SlaversCollar"},{"not_picked":["Coffee Dripper","Runic Pyramid","hubris:Stopwatch"]}],"items_purged_floors":[2,2,2],"is_endless":true,"potions_floor_spawned":[1,20,22,33],"killed_by":"Spire Growth","ascension_level":0}}