{"host":"sc0o2qwpf9j16a4i","time":1608851208,"event":{"mods":["AchievementEnabler","BaseMod","BetterRewards","Block Reminder","Colored Map","Colored Powertips","Custom Start","Highlight Path","Minty Spire (QoL Compilation)","Relic Stats"],"gold_per_floor":[119,137,149,161,177,177,206,206,259,272,286,286,167,167,167,265,265,283,17,17,17,34,34,34,34],"floor_reached":24,"playtime":800,"items_purged":["Strike_G","Strike_G"],"score":396,"play_id":"c31b69d8-8a53-4850-991b-0ebd3de447ff","local_time":"20201225010648","is_ascension_mode":true,"campfire_choices":[{"floor":6,"key":"REST"},{"floor":12,"key":"REST"},{"data":"Footwork","floor":15,"key":"SMITH"},{"floor":23,"key":"REST"}],"circlet_count":0,"master_deck":["AscendersBane","Strike_G","Strike_G","Strike_G","Defend_G","Defend_G","Defend_G","Defend_G","Defend_G","Survivor","Neutralize","Footwork+1","Noxious Fumes","Noxious Fumes","Dodge and Roll","Sucker Punch","Well Laid Plans","Poisoned Stab","Backflip","Backstab","Bouncing Flask","Venomology","Dash","Bouncing Flask","Decay"],"relics":["Ring of the Snake","The Courier","Bag of Preparation","Bloody Idol","Snecko Eye"],"acts_visited":["Exordium","TheCity"],"potions_floor_usage":[16,16,22,22,24],"damage_taken":[{"damage":0.0,"enemies":"Cultist","floor":1.0,"turns":5.0},{"damage":1.0,"enemies":"Jaw Worm","floor":2.0,"turns":6.0},{"damage":16.0,"enemies":"Small Slimes","floor":3.0,"turns":3.0},{"damage":12.0,"enemies":"3 Louse","floor":4.0,"turns":5.0},{"damage":15,"enemies":"2 Fungi Beasts","floor":5,"turns":5},{"damage":1,"enemies":"Lagavulin","floor":7,"turns":9},{"damage":5,"enemies":"Red Slaver","floor":10,"turns":5},{"damage":3,"enemies":"Looter","floor":11,"turns":5},{"damage":16,"enemies":"The Guardian","floor":16,"turns":9},{"damage":22,"enemies":"Chosen","floor":18,"turns":6},{"damage":0,"enemies":"Spheric Guardian","floor":22,"turns":3},{"damage":54,"enemies":"Gremlin Leader","floor":24,"turns":4}],"seed_played":"-3142490561982007151","potions_obtained":[{"floor":1.0,"key":"SkillPotion"},{"floor":3.0,"key":"Block Potion"}],"is_trial":false,"path_per_floor":["M","M","M","M","M","R","E","?","T","M","M","R","$","?","R","B",null,"M","$","?","?","M","R","E"],"character_chosen":"THE_SILENT","items_purchased":["Footwork","Explosive Potion","Bouncing Flask","Dash","Bouncing Flask","ColorlessPotion"],"campfire_rested":3,"item_purchase_floors":[0,0,13,19,19,19],"current_hp_per_floor":[59,58,42,30,15,34,33,33,33,28,25,44,44,44,44,28,52,30,30,30,30,35,53,0,0],"gold":34,"neow_bonus":"","is_daily":false,"chose_seed":false,"campfire_upgraded":1,"win_rate":0.0,"timestamp":1608851208,"path_taken":["M","M","?","M","M","R","E","?","T","M","M","R","$","?","R","BOSS","M","$","?","?","M","R","E"],"items_purchased_type":["Card","Potion","Card","Card","Card","Potion"],"build_version":"2020-12-22","purchased_purges":2,"victory":false,"max_hp_per_floor":[66,66,66,66,66,66,66,66,66,66,66,66,66,60,60,60,60,60,60,60,60,60,60,60,60],"relic_stats":{"counters":[17,97],"Bloody Idol":5,"Snecko Eye":[26,21,21,25],"Bag of Preparation":[9],"obtain_stats":[{"Golden Idol":5,"Bloody Idol":20,"Snecko Eye":17,"PreservedInsect":6,"The Courier":7,"Bag of Preparation":9,"Cursed Key":0,"Ring of the Snake":0},{"Golden Idol":3,"Bloody Idol":15,"Snecko Eye":14,"PreservedInsect":4,"The Courier":11,"Bag of Preparation":11,"Cursed Key":0,"Ring of the Snake":0},{"Golden Idol":13,"Bloody Idol":90,"Snecko Eye":84,"PreservedInsect":21,"The Courier":65,"Bag of Preparation":65,"Cursed Key":0,"Ring of the Snake":0}],"Ring of the Snake":[24]},"card_choices":[{"not_picked":["Backflip","Setup"],"picked":"Noxious Fumes","floor":1.0},{"not_picked":["Heel Hook","Dagger Throw"],"picked":"Noxious Fumes","floor":2.0},{"not_picked":["Blade Dance","Flying Knee"],"picked":"Dodge and Roll","floor":3.0},{"not_picked":["Dodge and Roll","Prepared"],"picked":"Sucker Punch","floor":4},{"not_picked":["PiercingWail","Tools of the Trade"],"picked":"Well Laid Plans","floor":5},{"not_picked":["Escape Plan","Noxious Fumes"],"picked":"Poisoned Stab","floor":7},{"not_picked":["All Out Attack","Sucker Punch"],"picked":"Backflip","floor":10},{"not_picked":["Blur","Deadly Poison"],"picked":"Backstab","floor":11},{"not_picked":["Glass Knife","Phantasmal Killer"],"picked":"Venomology","floor":16},{"not_picked":["Masterful Stab","Prepared","Deadly Poison"],"picked":"SKIP","floor":18},{"not_picked":["Deflect","Dagger Throw","Sucker Punch"],"picked":"SKIP","floor":22}],"player_experience":361539,"relics_obtained":[{"floor":7,"key":"The Courier"},{"floor":9,"key":"Bag of Preparation"}],"event_choices":[{"damage_healed":0,"gold_gain":0,"player_choice":"Searched \u00270\u0027 times","damage_taken":0,"max_hp_gain":0,"max_hp_loss":0,"event_name":"Dead Adventurer","floor":8,"gold_loss":0},{"damage_healed":0,"gold_gain":0,"player_choice":"Lose Max HP","damage_taken":0,"relics_obtained":["Golden Idol"],"max_hp_gain":0,"max_hp_loss":6,"event_name":"Golden Idol","floor":14,"gold_loss":0},{"damage_healed":0,"gold_gain":0,"player_choice":"Gave Idol","damage_taken":0,"relics_obtained":["Bloody Idol"],"max_hp_gain":0,"max_hp_loss":0,"event_name":"Forgotten Altar","floor":20,"relics_lost":["Golden Idol"],"gold_loss":0},{"damage_healed":0,"gold_gain":0,"player_choice":"Cursed","damage_taken":0,"max_hp_gain":0,"max_hp_loss":0,"event_name":"Wheel of Change","floor":21,"gold_loss":0,"cards_obtained":["Decay"]}],"is_beta":false,"boss_relics":[{"not_picked":["Velvet Choker","Runic Pyramid"],"picked":"Snecko Eye"}],"items_purged_floors":[13,19],"is_endless":false,"potions_floor_spawned":[1,3,4,7,11],"killed_by":"Gremlin Leader","ascension_level":20}}