{"host":"xko5sdb82mf02c09","time":1608829938,"event":{"mods":["AchievementEnabler","BaseMod","Colored Map","Minty Spire (QoL Compilation)","Quick Restart","StSLib","everything is the same but u backflip on backflip"],"gold_per_floor":[364,13,13,30,47,81,103,115,127,139,171,183,205,60,60,165,165,177,189,206,206,220,220,220],"floor_reached":23,"playtime":678,"items_purged":[],"score":245,"play_id":"b845ff80-681b-40d5-8c2d-a50283438062","local_time":"20201225021218","is_ascension_mode":false,"campfire_choices":[{"data":"Apotheosis","floor":10,"key":"SMITH"},{"data":"Defragment","floor":12,"key":"SMITH"},{"data":"Coolheaded","floor":15,"key":"SMITH"}],"circlet_count":0,"master_deck":["Strike_B","Strike_B","Strike_B","Strike_B","Defend_B","Defend_B","Defend_B","Defend_B","Zap","Dualcast","Cold Snap","Apotheosis+1","Capacitor","Ball Lightning","Conserve Battery","Coolheaded+1","Defragment+1","Heatsinks","Core Surge","Storm","Steam"],"relics":["Cracked Core","MawBank","Akabeko","Runic Capacitor","Fusion Hammer"],"acts_visited":["Exordium","TheCity"],"potions_floor_usage":[16,19,22],"damage_taken":[{"damage":0,"enemies":"2 Louse","floor":1,"turns":2},{"damage":0,"enemies":"Small Slimes","floor":4,"turns":3},{"damage":2,"enemies":"Jaw Worm","floor":5,"turns":3},{"damage":36,"enemies":"Lagavulin","floor":6,"turns":7},{"damage":13,"enemies":"Blue Slaver","floor":7,"turns":4},{"damage":6,"enemies":"2 Fungi Beasts","floor":11,"turns":3},{"damage":0,"enemies":"3 Louse","floor":13,"turns":3},{"damage":0,"enemies":"Slime Boss","floor":16,"turns":6},{"damage":10,"enemies":"Spheric Guardian","floor":18,"turns":4},{"damage":17,"enemies":"2 Thieves","floor":19,"turns":4},{"damage":10,"enemies":"Snecko","floor":20,"turns":5},{"damage":17,"enemies":"Snake Plant","floor":22,"turns":4},{"damage":0,"enemies":"Slavers","floor":23,"turns":1}],"seed_played":"-5133450840313260513","potions_obtained":[{"floor":5,"key":"BlessingOfTheForge"},{"floor":6,"key":"DuplicationPotion"},{"floor":13,"key":"ColorlessPotion"},{"floor":18,"key":"Explosive Potion"}],"is_trial":false,"path_per_floor":["M","$","?","M","M","E","M","?","T","R","M","R","M","$","R","B",null,"M","M","M","?","M","E"],"character_chosen":"DEFECT","items_purchased":["Apotheosis","Capacitor","Ball Lightning","Conserve Battery","Runic Capacitor"],"campfire_rested":0,"item_purchase_floors":[2,2,2,2,14],"current_hp_per_floor":[68,68,68,68,66,30,17,39,39,39,33,33,33,33,33,33,68,58,41,31,19,2,2,2],"gold":220,"neow_bonus":"TWO_FIFTY_GOLD","is_daily":false,"chose_seed":false,"campfire_upgraded":3,"win_rate":0.0,"timestamp":1608829938,"path_taken":["M","$","?","M","M","E","M","?","T","R","M","R","M","$","R","BOSS","M","M","M","?","M","E"],"items_purchased_type":["Card","Card","Card","Card","Relic"],"build_version":"2020-12-22","purchased_purges":0,"victory":false,"max_hp_per_floor":[68,68,68,68,68,68,68,68,68,68,68,68,68,68,68,68,68,68,68,68,73,73,73,73],"card_choices":[{"not_picked":["Beam Cell","Hologram"],"picked":"Cold Snap","floor":1},{"not_picked":["Beam Cell","Undo"],"picked":"Coolheaded","floor":4},{"not_picked":["Undo","Darkness","Hologram"],"picked":"SKIP","floor":5},{"not_picked":["Stack","Chill"],"picked":"Defragment","floor":6},{"not_picked":["Sweeping Beam","Streamline"],"picked":"Heatsinks","floor":7},{"not_picked":["All For One","Turbo","Doom and Gloom"],"picked":"SKIP","floor":11},{"not_picked":["Genetic Algorithm","Rip and Tear","Turbo"],"picked":"SKIP","floor":13},{"not_picked":["Meteor Strike","Reboot"],"picked":"Core Surge","floor":16},{"not_picked":["Doom and Gloom+1","Melter"],"picked":"Storm","floor":18},{"not_picked":["Rebound","Blizzard","Hologram+1"],"picked":"SKIP","floor":19},{"not_picked":["Lockon+1","Rip and Tear","Scrape"],"picked":"SKIP","floor":20},{"not_picked":["Turbo","Tempest"],"picked":"Steam","floor":22}],"player_experience":459637,"relics_obtained":[{"floor":6,"key":"MawBank"},{"floor":9,"key":"Akabeko"}],"event_choices":[{"damage_healed":0,"gold_gain":0,"player_choice":"Ignored","damage_taken":0,"max_hp_gain":0,"max_hp_loss":0,"event_name":"Liars Game","floor":3,"gold_loss":0},{"damage_healed":22,"gold_gain":0,"player_choice":"Banana","damage_taken":0,"max_hp_gain":0,"max_hp_loss":0,"event_name":"Big Fish","floor":8,"gold_loss":0},{"damage_healed":0,"gold_gain":0,"player_choice":"Shed Blood","damage_taken":17,"max_hp_gain":5,"max_hp_loss":0,"event_name":"Forgotten Altar","floor":21,"gold_loss":0}],"is_beta":false,"boss_relics":[{"not_picked":["Ectoplasm","SacredBark"],"picked":"Fusion Hammer"}],"items_purged_floors":[],"is_endless":false,"potions_floor_spawned":[5,6,13,18],"killed_by":"Slavers","ascension_level":0}}