{"host":"5gs251imfkyqlzrh","time":1608830533,"event":{"mods":["BaseMod","Downfall","Hermit","Minty Spire (QoL Compilation)","Replay The Spire","StSLib","The Cursed","The Servant 0.9.4"],"gold_per_floor":[99,117,117,128,146,165,165,165,185,135,162,176,126,141,160,263,263,213,232,317,227,240,190,190,202,230,180,180,22,42,42,60,156,156,106,106,106,106],"floor_reached":36,"playtime":2200,"items_purged":["Slimebound:Defend_Slimebound"],"score":436,"play_id":"87a27dc8-8172-4ea7-9173-169b9aceb1b2","local_time":"20201224172213","is_ascension_mode":false,"campfire_choices":[{"data":"Slimebound:Split","floor":1,"key":"SMITH"},{"data":"Slimebound:RejuvenatingLick","floor":10,"key":"SMITH"},{"floor":13,"key":"DIG"},{"floor":18,"key":"DIG"},{"data":"Slimebound:DouseInSlime","floor":23,"key":"SMITH"},{"data":"Slimebound:Repurpose","floor":27,"key":"SMITH"},{"data":"Slimebound:RollThrough","floor":35,"key":"SMITH"}],"circlet_count":0,"master_deck":["Slimebound:Strike_Slimebound","Slimebound:Strike_Slimebound","Slimebound:Strike_Slimebound","Slimebound:Tackle","Slimebound:Defend_Slimebound","Slimebound:Defend_Slimebound","Slimebound:Defend_Slimebound","Slimebound:Split+1","Slimebound:CorrosiveSpit","Slimebound:RejuvenatingLick+1","Slimebound:ForwardTackle","Slimebound:LeechingTouch","Slimebound:Nibble","Slimebound:ViciousTackle","Slimebound:Repurpose+1","Slimebound:GoopTackle","Slimebound:DouseInSlime+1","Slimebound:RollThrough+1","Slimebound:FirmFortitude+1","Slimebound:LeechingTouch","Slimebound:SlimeTap","Slimebound:Chomp","Sickly"],"relics":["Slimebound:AbsorbEndCombat","Slimebound:GreedOozeRelic","Shovel","Question Card","SlaversCollar","Omamori","Slimebound:MaxSlimesRelic","Boot","Nloth\u0027s Gift","Slimebound:AggressiveSlimeRelic","Replay:Ancient Bell","Happy Flower","Shuriken","Calipers"],"acts_visited":["Exordium","TheCity","TheBeyond"],"potions_floor_usage":[16,16,16,33,33],"damage_taken":[{"damage":10,"enemies":"Small Slimes","floor":2,"turns":4},{"damage":14,"enemies":"Cultist","floor":4,"turns":3},{"damage":10,"enemies":"Jaw Worm","floor":5,"turns":3},{"damage":22,"enemies":"Lots of Slimes","floor":6,"turns":3},{"damage":14,"enemies":"Exordium Wildlife","floor":9,"turns":3},{"damage":18,"enemies":"3 Sentries","floor":11,"turns":5},{"damage":9,"enemies":"2 Fungi Beasts","floor":12,"turns":3},{"damage":18,"enemies":"Blue Slaver","floor":14,"turns":2},{"damage":21,"enemies":"Exordium Wildlife","floor":15,"turns":3},{"damage":49,"enemies":"downfall:Silent","floor":16,"turns":4},{"damage":45,"enemies":"3 Byrds","floor":19,"turns":4},{"damage":11,"enemies":"downfall:FleeingMerchant","floor":21,"turns":4},{"damage":11,"enemies":"Snecko","floor":22,"turns":3},{"damage":10,"enemies":"Sentry and Sphere","floor":25,"turns":3},{"damage":7,"enemies":"Replay:Snechameleon","floor":26,"turns":3},{"damage":30,"enemies":"downfall:FleeingMerchant","floor":29,"turns":4},{"damage":9,"enemies":"Snake Plant","floor":30,"turns":3},{"damage":19,"enemies":"3 Cultists","floor":32,"turns":3},{"damage":31,"enemies":"downfall:Defect","floor":33,"turns":6},{"damage":8,"enemies":"3 Darklings","floor":36,"turns":1}],"seed_played":"540473162287962622","potions_obtained":[{"floor":4,"key":"PowerPotion"},{"floor":6,"key":"FearPotion"},{"floor":12,"key":"DistilledChaos"},{"floor":16,"key":"Slimebound:SlimedPotion"},{"floor":19,"key":"Ancient Potion"},{"floor":22,"key":"FairyPotion"},{"floor":31,"key":"Regen Potion"},{"floor":33,"key":"Swift Potion"}],"is_trial":false,"path_per_floor":["R","M","?","M","M","M","T","?","M","R","E","M","R","M","M","B",null,"R","M","?","$","M","R","T","M","E","R","?","$","M","?","M","B",null,"R","M"],"character_chosen":"SLIMEBOUND","items_purchased":["Slimebound:AggressiveSlimeRelic"],"campfire_rested":0,"item_purchase_floors":[29],"current_hp_per_floor":[66,64,64,64,66,56,56,56,63,63,62,67,67,64,58,32,81,81,57,45,69,83,83,83,90,90,90,90,93,93,93,86,90,93,93,89,89,89],"gold":106,"neow_bonus":"TEN_PERCENT_HP_BONUS","is_daily":false,"chose_seed":false,"campfire_upgraded":5,"win_rate":0.0,"timestamp":1608830533,"path_taken":["R","M","?","M","M","M","T","?","M","R","E","M","R","M","M","BOSS","R","M","?","$","M","R","T","M","E","R","?","$","?","?","M","BOSS","R","M"],"items_purchased_type":["Relic"],"build_version":"2020-12-22","purchased_purges":1,"victory":false,"max_hp_per_floor":[66,66,66,66,66,66,66,66,69,69,72,72,72,75,78,81,81,81,84,84,87,90,90,90,93,93,93,93,93,93,93,93,93,93,93,93,93,93],"card_choices":[{"not_picked":["Slimebound:Schlurp","Slimebound:SlimeTap"],"picked":"Slimebound:RejuvenatingLick","floor":2},{"not_picked":["Slimebound:SplitAcid","Slimebound:SlimeBrawl","Slimebound:FinishingTackle"],"picked":"SKIP","floor":4},{"not_picked":["Slimebound:BestDefense","Slimebound:GoopSpray"],"picked":"Slimebound:ForwardTackle","floor":5},{"not_picked":["Slimebound:PressTheAttack","Slimebound:FlameTackle"],"picked":"Slimebound:LeechingTouch","floor":6},{"not_picked":["Slimebound:Schlurp","Slimebound:LevelUp"],"picked":"Slimebound:Nibble","floor":9},{"not_picked":["Slimebound:Repurpose","Slimebound:SplitAcid"],"picked":"Slimebound:ViciousTackle","floor":11},{"not_picked":["Slimebound:Replication","Slimebound:Chomp","Slimebound:SplitLeeching"],"picked":"SKIP","floor":12},{"not_picked":["Slimebound:PressTheAttack","Slimebound:SplitBruiser","Slimebound:SlimeSpikes"],"picked":"Slimebound:Repurpose","floor":14},{"not_picked":["Slimebound:SplitMire","Slimebound:Schlurp","Slimebound:SplitBruiser"],"picked":"Slimebound:GoopTackle","floor":15},{"not_picked":["Slimebound:SelfFormingGoo","Slimebound:LeechLife","Slimebound:DuplicatedForm"],"picked":"Slimebound:DouseInSlime","floor":16},{"not_picked":["Slimebound:SplitAcid+1","Slimebound:FinishingTackle","Slimebound:Nibble"],"picked":"Slimebound:RollThrough","floor":19},{"not_picked":["Slimebound:Replication","Slimebound:Nibble","Slimebound:ItLooksTasty+1"],"picked":"Slimebound:FirmFortitude+1","floor":21},{"not_picked":["Slimebound:SlimeSpikes","Slimebound:LeechEnergy","Slimebound:SamplingLick"],"picked":"Slimebound:LeechingTouch","floor":22},{"not_picked":["Slimebound:FinishingTackle","Slimebound:LeechingTouch+1","Slimebound:GrowthPunch+1"],"picked":"Slimebound:SlimeTap","floor":25},{"not_picked":["Slimebound:FormOfPuddle","Slimebound:DuplicatedForm","Slimebound:LeechEnergy","Slimebound:Prepare"],"picked":"SKIP","floor":26},{"not_picked":["Slimebound:GoopTackle","Slimebound:GrowthPunch+1","Slimebound:Dissolve"],"picked":"Slimebound:Chomp","floor":29},{"not_picked":["Slimebound:PressTheAttack+1","Slimebound:Replication","Slimebound:Schlurp","Slimebound:SlimeBrawl"],"picked":"SKIP","floor":30},{"not_picked":["Slimebound:SamplingLick","Slimebound:PrepareCrush","Slimebound:Replication+1","Slimebound:PressTheAttack+1"],"picked":"SKIP","floor":32},{"not_picked":["Hallucinations","Pain","Injury"],"picked":"Writhe","floor":34},{"not_picked":["Amnesia","Normality","Replay:Hysterical Blindness"],"picked":"Injury","floor":34},{"not_picked":["Replay:Hysterical Blindness","hexamod:Haunted","Overencumbered"],"picked":"Sickly","floor":34}],"player_experience":167172,"relics_obtained":[{"floor":7,"key":"Replay:Ringing Soul"},{"floor":11,"key":"Shovel"},{"floor":13,"key":"Question Card"},{"floor":18,"key":"Omamori"},{"floor":24,"key":"Slimebound:MaxSlimesRelic"},{"floor":26,"key":"Boot"}],"event_choices":[{"damage_healed":0,"gold_gain":0,"player_choice":"Got Potions","damage_taken":0,"max_hp_gain":0,"max_hp_loss":0,"event_name":"Lab","floor":31,"gold_loss":0}],"is_beta":false,"boss_relics":[{"not_picked":["Cursed Key","Philosopher\u0027s Stone"],"picked":"SlaversCollar"},{"not_picked":["Coffee Dripper","Astrolabe"],"picked":"Replay:Ancient Bell"},{"not_picked":["Nunchaku","Blue Doll"],"picked":"Happy Flower"},{"not_picked":["Ornamental Fan","Replay:Bottled Steam"],"picked":"Shuriken"},{"not_picked":["Counterbalance","Replay:Multitool"],"picked":"Calipers"}],"items_purged_floors":[21],"is_endless":false,"potions_floor_spawned":[4,6,12,14,15,16,19,22,26,33],"killed_by":"3 Darklings","ascension_level":0}}