{"host":"3ghjvsatr2fxka2l","time":1608780759,"event":{"mods":["2.2 Compatiblity","AchievementEnabler","Act Like it!","Aspiration","BaseMod","Better Third Choice","Better Vampires","BetterRewards","Clawfect","Colored Powertips","Conspire","Curses Come First","Defuse TimeMaze Blight","Displayed Cursed Tome","Energized Spire","Gold Saver","Grow up Mod","Hallownest","Hubris","Infinite Spire","Lobotomy","LobotomyExtend","Marked Mod","Minty Spire (QoL Compilation)","Permanent Neow","Quick Restart","Replay The Spire","SacredBarkPlus","StSLib","The Blue Laboratory","The Bug Knight","Transform Curses","Uncapped","Waifu the Spire","Wandering Minibosses","vexMod","??????REMEMod"],"gold_per_floor":[112,122,52,52,71,101,113,148,171,191,205,205,205,238,238,238,238,336,336,349,349,366,518,530,555,555,555,555],"floor_reached":27,"playtime":2926,"items_purged":[],"score":330,"play_id":"1b87258a-2947-40bd-b7df-47ccb305defc","local_time":"20201223193239","is_ascension_mode":false,"campfire_choices":[{"floor":17,"key":"REST"},{"data":"Double Energy","floor":26,"key":"SMITH"}],"circlet_count":0,"master_deck":["Gash","Gash","Gash","Gash","Gash","Defend_B","Defend_B","Defend_B","Defend_B","Defend_B","Berserk","OSAHOGD","VoidDream","Clawfect:ClawCell","FairyFestival","Clawfect:Clawrage+1","Static Discharge","HappyTeddy","Double Energy+1","FIFO Queue+1","Conserve Battery"],"relics":["Clawfect:DRClaw","REME_ComplimentaryCards","CogitoBucket","LetterFromLob","Hallownest:StagBellRelic1","Hallownest:DreamNailRelic","Meat on the Bone","REME_HandOfSuture","Geode","BehaviorAdjustment","HollowMod:PaleOreRelic","aspiration:Stellarator","Frozen Egg 2","ChangeAnything","Bronze Scales"],"acts_visited":["Exordium","Hallownest:Greenpath"],"potions_floor_usage":[10,18,23,23],"damage_taken":[{"damage":13,"enemies":"Hallownest:monsterHuskGuard","floor":1,"turns":4},{"damage":18,"enemies":"Hallownest:monsterHuskWarrior","floor":2,"turns":5},{"damage":2,"enemies":"Hallownest:2_MossCreeps","floor":5,"turns":6},{"damage":25,"enemies":"Hallownest:eliteVengeflyKing","floor":6,"turns":7},{"damage":3,"enemies":"Hallownest:Wandering_and_Horned","floor":7,"turns":6},{"damage":4,"enemies":"Hallownest:eliteMossKnight","floor":8,"turns":7},{"damage":27,"enemies":"Hallownest:monsterMossCharger","floor":10,"turns":3},{"damage":41,"enemies":"Hallownest:2_Tiktiks_1_Baldur_1_Crawlid","floor":11,"turns":6},{"damage":22,"enemies":"Hallownest:eliteVengeflyKing","floor":14,"turns":5},{"damage":23,"enemies":"Hallownest:BossBrokenVessel","floor":18,"turns":7},{"damage":25,"enemies":"Hallownest:2_Mistakes","floor":20,"turns":3},{"damage":138,"enemies":"Hallownest:Guard_and_Sentry","floor":22,"turns":7},{"damage":214,"enemies":"Hallownest:3_Mistakes","floor":23,"turns":14},{"damage":75,"enemies":"Hallownest:monsterMisterMushroom","floor":24,"turns":8},{"damage":58,"enemies":"Hallownest:eliteSoulWarrior","floor":25,"turns":6},{"damage":82,"enemies":"Hallownest:eliteWatcherKnight","floor":27,"turns":11}],"seed_played":"-4813635879757698392","potions_obtained":[{"floor":2,"key":"blueLaboratory:ForbiddenFruitJuice"},{"floor":5,"key":"Weak Potion"},{"floor":7,"key":"Dexterity Potion"},{"floor":14,"key":"blueLaboratory:ImpenetrablePotion"},{"floor":22,"key":"Fire Potion"},{"floor":23,"key":"Death Potion"},{"floor":25,"key":"blueLaboratory:HorrorPotion"}],"is_trial":false,"path_per_floor":["M","M","?","?","M","E","M","E","T","M","M","PTL","PTL","E","?","?","R","B",null,"M","AVR","M","M","M","E","R","E"],"character_chosen":"DEFECT","items_purchased":[],"campfire_rested":1,"item_purchase_floors":[],"current_hp_per_floor":[82,74,84,94,102,87,94,100,110,107,90,100,110,114,124,125,208,200,275,262,272,161,243,181,149,159,85,85],"gold":555,"neow_bonus":"","is_daily":false,"chose_seed":false,"campfire_upgraded":1,"win_rate":0.0,"timestamp":1608780759,"path_taken":["M","M","?","?","M","E","M","E","T","?","M","PTL","PTL","E","?","?","R","BOSS","M","AVR","M","M","M","E","R","E"],"items_purchased_type":[],"build_version":"2020-12-22","purchased_purges":0,"victory":false,"max_hp_per_floor":[95,105,115,125,135,145,155,165,175,185,195,205,215,225,235,245,255,265,275,285,295,305,305,315,325,335,335,335],"card_choices":[{"not_picked":["SpiderBud","Variant","Mercenary"],"picked":"Singing Bowl","floor":1},{"not_picked":["MeatLantern","ShyLook"],"picked":"OSAHOGD","floor":1},{"not_picked":["Creative AI","Redo","Stack"],"picked":"SKIP","floor":1},{"not_picked":["LaLuna","SpiderBud","PunishingBird"],"picked":"Singing Bowl","floor":2},{"not_picked":["BeautyBeast","Porccubus"],"picked":"VoidDream","floor":2},{"not_picked":["Auto Shields","Blizzard"],"picked":"Clawfect:ClawCell","floor":2},{"not_picked":["Freischutz","MeltingLove","SilentOrchestra"],"picked":"Singing Bowl","floor":5},{"not_picked":["Fusion","Clawfect:ClawSnap","Leap"],"picked":"SKIP","floor":5},{"not_picked":["Yin","GreedKing","CrumblingArmor"],"picked":"Singing Bowl","floor":6},{"not_picked":["REME_ForAll","Time Bomb","Clawfect:ScrapingClaw"],"picked":"SKIP","floor":6},{"not_picked":["Alriune","Wellcheers","ShyLook"],"picked":"Singing Bowl","floor":7},{"not_picked":["Clawfect:Clawter","hubris:Ukulele","ReplayTheSpireMod:Calculation Training"],"picked":"SKIP","floor":7},{"not_picked":["MeatLantern","PunishingBird","Yin"],"picked":"Singing Bowl","floor":8},{"not_picked":["WallGazer","Bloodbath"],"picked":"FairyFestival","floor":8},{"not_picked":["Reprogram","Darkness","Gash"],"picked":"SKIP","floor":8},{"not_picked":["LittleHelper","QueenOfHatred","MeatLantern"],"picked":"Singing Bowl","floor":10},{"not_picked":["Chaos","Steam Power","Steam"],"picked":"SKIP","floor":10},{"not_picked":["CherryBlossoms","Alriune","SingingMachine"],"picked":"Singing Bowl","floor":11},{"not_picked":["Clawfect:ClawSnap","Turbo"],"picked":"Clawfect:Clawrage","floor":11},{"not_picked":["UniverseFragment","FieryBird","SpiderBud"],"picked":"Singing Bowl","floor":14},{"not_picked":["Heatsinks","Leap"],"picked":"Static Discharge","floor":14},{"not_picked":["Murderer","Wellcheers","PunishingBird"],"picked":"Singing Bowl","floor":18},{"not_picked":["BeautyBeast","CrumblingArmor","GalaxyChild"],"picked":"Singing Bowl","floor":20},{"not_picked":["WallGazer","OldLady"],"picked":"HappyTeddy","floor":20},{"not_picked":["Coolheaded","Fusion"],"picked":"Double Energy","floor":20},{"not_picked":["CherryBlossoms","Laetitia","Alriune"],"picked":"Singing Bowl","floor":22},{"not_picked":["Clawfect:ClawpileDriver","ReplayTheSpireMod:System Scan","REME_Compress"],"picked":"SKIP","floor":22},{"not_picked":["MHz","BeautyBeast","UniverseFragment"],"picked":"Singing Bowl","floor":23},{"not_picked":["Panic Button","Leap"],"picked":"FIFO Queue+1","floor":23},{"not_picked":["Wellcheers","BlueStar","WallGazer"],"picked":"Singing Bowl","floor":24},{"not_picked":["ReplaySolidLightProjector","Redo","Stack+1"],"picked":"SKIP","floor":24},{"not_picked":["MHz","UniverseFragment","Wellcheers"],"picked":"Singing Bowl","floor":25},{"not_picked":["Force Field","Turbo+1"],"picked":"Conserve Battery","floor":25}],"player_experience":288672,"relics_obtained":[{"floor":1,"key":"LetterFromLob"},{"floor":6,"key":"Meat on the Bone"},{"floor":8,"key":"REME_HandOfSuture"},{"floor":9,"key":"Geode"},{"floor":14,"key":"HollowMod:PaleOreRelic"},{"floor":25,"key":"Bronze Scales"}],"event_choices":[],"is_beta":false,"boss_relics":[{"not_picked":["conspire:SpecialSausage","Sozu"],"picked":"aspiration:Stellarator"}],"items_purged_floors":[],"is_endless":false,"potions_floor_spawned":[2,5,7,14,22,23,25],"killed_by":"Hallownest:eliteWatcherKnight","ascension_level":0}}