{"host":"sa7ebub27cgn5wai","time":1608798029,"event":{"mods":["BaseMod","Colored Map","Minty Spire (QoL Compilation)","SuperFastMode"],"gold_per_floor":[115,132,142,142,159,159,174,174,174,191,206,206,171,186,186,186,186],"floor_reached":16,"playtime":309,"items_purged":[],"score":121,"play_id":"dae8e652-1086-4da6-9950-a925690fc4dc","local_time":"20201224172029","is_ascension_mode":false,"campfire_choices":[{"data":"Eruption","floor":6,"key":"SMITH"},{"floor":12,"key":"REST"},{"data":"MentalFortress","floor":15,"key":"SMITH"}],"circlet_count":0,"master_deck":["Strike_P","Strike_P","Strike_P","Defend_P","Defend_P","Defend_P","Defend_P","Eruption+1","Vigilance","FlurryOfBlows","FlurryOfBlows","FlurryOfBlows","FlurryOfBlows","MentalFortress+1"],"relics":["PureWater","Sundial"],"acts_visited":["Exordium"],"potions_floor_usage":[14,16,16],"damage_taken":[{"damage":0,"enemies":"Cultist","floor":1,"turns":3},{"damage":0,"enemies":"2 Louse","floor":2,"turns":1},{"damage":0,"enemies":"Small Slimes","floor":3,"turns":2},{"damage":26,"enemies":"Exordium Thugs","floor":5,"turns":7},{"damage":5,"enemies":"Large Slime","floor":7,"turns":5},{"damage":15,"enemies":"Looter","floor":10,"turns":2},{"damage":8,"enemies":"3 Louse","floor":11,"turns":2},{"damage":0,"enemies":"Large Slime","floor":14,"turns":3},{"damage":72,"enemies":"The Guardian","floor":16,"turns":10}],"seed_played":"8132140970332681727","potions_obtained":[{"floor":5,"key":"AttackPotion"},{"floor":7,"key":"SneckoOil"},{"floor":11,"key":"EssenceOfSteel"},{"floor":14,"key":"Fruit Juice"}],"is_trial":false,"path_per_floor":["M","M","M","$","M","R","M","?","T","M","M","R","?","M","R","B"],"character_chosen":"WATCHER","items_purchased":[],"campfire_rested":1,"item_purchase_floors":[],"current_hp_per_floor":[72,72,72,72,46,46,41,46,46,31,23,46,65,70,70,0,0],"gold":186,"neow_bonus":"REMOVE_CARD","is_daily":false,"chose_seed":false,"campfire_upgraded":2,"win_rate":0.0,"timestamp":1608798029,"path_taken":["M","M","M","$","M","R","M","?","T","M","M","R","?","M","R","BOSS"],"items_purchased_type":[],"build_version":"2020-12-22","purchased_purges":0,"victory":false,"max_hp_per_floor":[72,72,72,72,72,72,72,77,77,77,77,77,77,82,82,82,82],"card_choices":[{"not_picked":["JustLucky","BowlingBash"],"picked":"FlurryOfBlows","floor":1},{"not_picked":["PathToVictory","DeceiveReality","CutThroughFate"],"picked":"SKIP","floor":2},{"not_picked":["Swivel","JustLucky","CrushJoints"],"picked":"SKIP","floor":3},{"not_picked":["FlyingSleeves","FollowUp"],"picked":"FlurryOfBlows","floor":5},{"not_picked":["Protect","WreathOfFlame"],"picked":"FlurryOfBlows","floor":7},{"not_picked":["CrushJoints","CarveReality"],"picked":"FlurryOfBlows","floor":10},{"not_picked":["Omniscience","ThirdEye","CrushJoints"],"picked":"SKIP","floor":11},{"not_picked":["EmptyFist","Prostrate"],"picked":"MentalFortress","floor":14}],"player_experience":276005,"relics_obtained":[{"floor":9,"key":"Sundial"}],"event_choices":[{"damage_healed":0,"gold_gain":0,"player_choice":"Donut","damage_taken":0,"max_hp_gain":5,"max_hp_loss":0,"event_name":"Big Fish","floor":8,"gold_loss":0},{"damage_healed":19,"gold_gain":0,"player_choice":"Healed","damage_taken":0,"max_hp_gain":0,"max_hp_loss":0,"event_name":"The Cleric","floor":13,"gold_loss":35}],"is_beta":false,"boss_relics":[],"items_purged_floors":[],"is_endless":false,"potions_floor_spawned":[5,7,11,14],"killed_by":"The Guardian","ascension_level":0}}