{"host":"0azimyi6n3ugndj4","time":1608853732,"event":{"mods":["2.2 Compatiblity","BaseMod","Bestiary","Conspire","Curses Come First","Defuse TimeMaze Blight","Hyrulean Relics","Infinite Spire","Minty Spire (QoL Compilation)","Relic Stats","Replay The Spire","StSLib","SuperFastMode","Uncapped","¡¼?Úª?ø«¡½REMEMod"],"gold_per_floor":[99,99,180,219,61,61,130,130,130,205,331,4,4,79,79,328,328,427,352,415,93,13,13,13,157,157,202,301,301,355,364,364,622,622,760,1129,1129,1129,777,777,846,936,987,1164,1209,1209,1305,1350,1350,1374,1458],"floor_reached":52,"playtime":897,"items_purged":["CommonCold"],"score":2784,"play_id":"d8f193b4-b4f9-47d8-86e0-4eb9159a8073","local_time":"20201225084852","daily_mods":["SealedDeck","Hoarder","Chimera","Shiny","Specialized","Vintage","ControlledChaos","Allstar","Diverse","Colorless Cards","Heirloom","Time Dilation","Flight","Binary","Cursed Run","Elite Swarm","Lethality","Midas","Night Terrors","Terminal","Binary"],"is_ascension_mode":true,"campfire_choices":[{"floor":6.0,"key":"REST"},{"floor":15.0,"key":"REST"},{"floor":23.0,"key":"REST"},{"floor":32.0,"key":"REST"}],"circlet_count":0,"master_deck":["Demon Form+1","Wraith Form v2","Echo Form","DevaForm","AscendersBane","Bash","Survivor","Zap","Strike_R+1","Strike_G","Strike_B","Defend_R+1","Defend_G","Defend_P","Brilliance","Devotion","Replay:AllIn","LessonLearned","Vault","Alpha","Establishment","REME_WorshipGod","Replay:LoomingThreat","DeusExMachina","Judgement","ConjureBlade","REME_EmptyShield","MasterReality","Blasphemy","Ragnarok","REME_CRH","Scrawl","Wish","Omniscience","SpiritShield","DevaForm","Hyperbeam","REME_ForAll","Machine Learning","Buffer","Mirror Shield","Seek","Echo Form","All For One","Reboot","Fission","Core Surge","Multi-Cast","Thunder Strike","Biased Cognition","REME_Shoggoth","Electrodynamics","ReplayRNGCard","ReplayTheSpireMod:Omega Cannon","Rainbow","Meteor Strike","ReplayTheSpireMod:Fabricate Wheel","Amplify","Creative AI","REME_ShadowForm","ReplayTheSpireMod:Necrosis","Corpse Explosion","Die Die Die","Atom Bomb","ReplayTheSpireMod:From All Sides","Adrenaline","Envenom","Doppelganger","Burst","Wraith Form v2","REME_SpectralBlade","Tools of the Trade","REME_CopyPotion","After Image","Poison Darts","A Thousand Cuts","Venomology","Replay:Bag of Tricks","Malaise","Phantasmal Killer","Night Terror","infinitespire:Neurotoxin","Unload","REME_GrazeFinale","Bullet Time","Storm of Steel","Glass Knife","Grand Finale","Double Tap","Demon Form","REME_ACTH","Fiend Fire","Eclipse","conspire:Purge","Berserk","Impervious","Juggernaut","Brutality","Demonic Infusion","conspire:HitWhereItHurts","Exhume","Offering","REME_Fury","Bludgeon","Feed","Replay:Many Hands","Limit Break","Corruption","Barricade","Hemogenesis","REME_TheLastStrike","Reaper","Immolate","Thinking Ahead","Metamorphosis","Master of Strategy","Magnetism","REME_HeartOfCthun","Chrysalis","Mayhem","REME_PuzzleBox","Secret Weapon","Midas Touch","ReplayTheSpireMod:Brewmster","REME_AllRoundStrike","Poisoned Strike","REME_MawOfCthun","REME_EyeOfCthun","REME_WheelOfFate","Sadistic Nature","Replay:Dark Deal","REME_Flogging","ReplayUltimateDefense","Transmutation","REME_BattleFury","HandOfGreed","ReplayTheSpireMod:Necrogeddon","Apotheosis","Panache","Violence","Secret Technique","REME_BodyOfCthun","The Bomb","Crow Ritual","REME_BuildACard","REME_ProfessionalPlagiarism","Mind Blast","Mind Blast","Mind Blast","Mind Blast","Mind Blast","Mind Blast","Mind Blast","Mind Blast","Mind Blast","Mind Blast","Mind Blast","Mind Blast","Mind Blast","Mind Blast","Replay:Undeath\u0027s Touch","Replay:Undeath\u0027s Touch","Replay:Undeath\u0027s Touch","Slice","Slice","Slice","Clash","Clash","Clash","ReplayTheSpireMod:Dual Polarity","ReplayTheSpireMod:Dual Polarity","ReplayTheSpireMod:Dual Polarity","Sweeping Beam","Sweeping Beam","Sweeping Beam","Crescendo","Crescendo","Crescendo","ReplayGash","ReplayGash","ReplayGash","Perfected Strike","Perfected Strike","Perfected Strike","Steam","Steam","Steam","Barrage","Barrage","Barrage","conspire:Purge","conspire:Purge","conspire:Purge","ReplayTheSpireMod:Uncanny Aura+1","ReplayTheSpireMod:Uncanny Aura+1","ReplayTheSpireMod:Uncanny Aura+1","ReplayTheSpireMod:Black Plague","ReplayTheSpireMod:Black Plague","ReplayTheSpireMod:Black Plague","Hologram","Hologram","Hologram","CommonCold","Shame","Shame","Shame","Pot Of Greed","Pot Of Greed","Pot Of Greed","Pot Of Greed","Pot Of Greed","Pot Of Greed","Pot Of Greed","Pot Of Greed","Pot Of Greed","Pot Of Greed","Pot Of Greed","Pot Of Greed","Pot Of Greed","Pot Of Greed","Pot Of Greed","Pot Of Greed","Pot Of Greed","Pot Of Greed","Pot Of Greed","Pot Of Greed","Pot Of Greed","Pot Of Greed","Pot Of Greed","Pot Of Greed","Pot Of Greed","Pot Of Greed","Pot Of Greed","Pot Of Greed","Pot Of Greed","Pot Of Greed","Pot Of Greed","Pot Of Greed","Pot Of Greed","Pot Of Greed","Pot Of Greed","Pot Of Greed","Pot Of Greed","Pot Of Greed","Pot Of Greed","Pot Of Greed","Pot Of Greed","Pot Of Greed","Pot Of Greed","Pot Of Greed","Pot Of Greed","Pot Of Greed","Pot Of Greed","Pot Of Greed","Pot Of Greed","Pot Of Greed","Pot Of Greed","Pot Of Greed","Pot Of Greed","Pot Of Greed","CommonCold","CommonCold","CommonCold","Hallucinations","Hallucinations","Hallucinations","Replay:Fractal Strike","Replay:Fractal Strike","Replay:Fractal Strike","conspire:Purge+1","conspire:Purge+1","conspire:Purge+1","conspire:Rain+1","conspire:Rain+1","conspire:Rain+1","Looming Evil","Looming Evil","Looming Evil","Hallucinations","Hallucinations","Hallucinations"],"relics":["Snecko Eye","Unceasing Top","Busted Crown","Ring of Chaos","replay:Trail_Library","REME_ComplimentaryCards","Prayer Wheel","Nunchaku","Bag of Preparation","zeldaRelics:Boomerang","ReplayTheSpireMod:Spearhead","zeldaRelics:CourageTriforce","HandDrill","REME_HandOfSuture","Bottled Tornado","conspire:RunicOctahedron","Onion Ring","Simple Rune","Dead Branch","Grinning Jar","zeldaRelics:WisdomTriforce","CeramicFish","Divine Protection","Pocketwatch","Membership Card","Coffee Dripper","Anchor","Ginger","Strange Spoon","Toxic Egg 2","DollysMirror","conspire:BottledYoYo","Pear","Pondfish Scales","Another Sword","Juzu Bracelet","conspire:Dentures"],"acts_visited":["Exordium","TheCity","TheBeyond"],"potions_floor_usage":[],"damage_taken":[{"damage":0.0,"enemies":"conspire:MimicChest","floor":3.0,"turns":1.0},{"damage":0.0,"enemies":"Small Slimes","floor":4.0,"turns":1.0},{"damage":3.0,"enemies":"conspire:RoseBush","floor":7.0,"turns":1.0},{"damage":0.0,"enemies":"3 Sentries","floor":11.0,"turns":1.0},{"damage":0.0,"enemies":"Jaw Worm","floor":14.0,"turns":1.0},{"damage":0.0,"enemies":"The Guardian","floor":16.0,"turns":1.0},{"damage":0.0,"enemies":"3 Byrds","floor":18.0,"turns":1.0},{"damage":0.0,"enemies":"Spheric Guardian","floor":20.0,"turns":1.0},{"damage":0.0,"enemies":"conspire:Head Lice","floor":25.0,"turns":1.0},{"damage":6.0,"enemies":"conspire:HollyBat","floor":27.0,"turns":9.0},{"damage":0.0,"enemies":"Snake Plant","floor":30.0,"turns":1.0},{"damage":0.0,"enemies":"Collector","floor":33.0,"turns":1.0},{"damage":0.0,"enemies":"3 Darklings","floor":35.0,"turns":2.0},{"damage":0.0,"enemies":"infinitespire:Three Voidlings","floor":36.0,"turns":1.0},{"damage":11.0,"enemies":"Nightmare_Alpha","floor":36.0,"turns":2.0},{"damage":0,"enemies":"Orb Walker","floor":41,"turns":1},{"damage":0,"enemies":"Mind Bloom Boss Battle","floor":42,"turns":1},{"damage":0,"enemies":"2 Orb Walkers","floor":44,"turns":1},{"damage":0,"enemies":"Transient","floor":45,"turns":1},{"damage":0,"enemies":"Giant Head","floor":47,"turns":1},{"damage":0,"enemies":"Maw","floor":48,"turns":1},{"damage":0,"enemies":"conspire:OrnateMirror","floor":50,"turns":1},{"damage":0,"enemies":"Awakened One","floor":51,"turns":2}],"seed_played":"-1516873461200433942","potions_obtained":[{"floor":11.0,"key":"HeartOfIron"},{"floor":27.0,"key":"DistilledChaos"},{"floor":44,"key":"SkillPotion"}],"is_trial":true,"path_per_floor":["?","?","?","M","$","R","M","$","T","?","E","$","?","M","R","B",null,"M","?","M","$","?","R","?","E","T","M","?","?","M","AVR","R","B",null,"M","?","AVR","?","$","R","M","?","T","?","M","?","E","M","R","B","B",null],"character_chosen":"IRONCLAD","items_purchased":["zeldaRelics:Boomerang","HandDrill","REME_HandOfSuture","Dead Branch","Toxic Egg 2","DollysMirror","conspire:BottledYoYo"],"campfire_rested":4,"item_purchase_floors":[5,12,12,21,39,39,39],"current_hp_per_floor":[68,49,49,49,49,63,60,60,60,49,49,49,42,42,49,48,47,46,45,44,43,42,36,35,34,33,27,17,17,17,17,22,21,20,19,8,8,8,8,8,18,18,18,18,18,18,17,16,15,14,13],"gold":1458,"neow_bonus":"","is_daily":false,"chose_seed":false,"campfire_upgraded":0,"win_rate":0.0,"timestamp":1608853732,"path_taken":["?","?","?","?","$","R","M","$","T","?","E","$","?","M","R","BOSS","M","?","M","$","?","R","?","E","T","M","?","?","?","AVR","R","BOSS","M","?","AVR","?","?","R","M","?","T","?","?","?","E","M","R","BOSS","BOSS"],"items_purchased_type":["Relic","Relic","Relic","Relic","Relic","Relic","Relic"],"build_version":"2020-12-22","purchased_purges":1,"victory":true,"max_hp_per_floor":[73,72,71,70,69,63,62,61,60,59,58,57,56,55,49,48,47,46,45,44,43,42,36,35,34,33,32,31,30,29,28,22,21,20,19,18,17,16,15,14,23,22,21,20,19,18,17,16,15,14,13],"relic_stats":{"counters":[23,34],"Dead Branch":[154],"CeramicFish":63,"Bag of Preparation":[0],"Juzu Bracelet":1,"Ginger":[0],"Strange Spoon":[1],"Nunchaku":[9],"Busted Crown":48,"Snecko Eye":[116,106,103,86],"Prayer Wheel":0,"HandDrill":[6],"obtain_stats":[{"Divine Protection":28,"zeldaRelics:Boomerang":5,"CeramicFish":27,"Bag of Preparation":4,"Juzu Bracelet":45,"Ginger":36,"Bottled Tornado":14,"zeldaRelics:WisdomTriforce":47,"Nunchaku":3,"DollysMirror":39,"Prayer Wheel":0,"zeldaRelics:CouragePiece":9,"HandDrill":12,"Toxic Egg 2":39,"replay:Trail_Library":0,"conspire:Dentures":48,"zeldaRelics:WisdomPiece":26,"Pear":41,"Dead Branch":21,"conspire:RunicOctahedron":17,"Ring of Chaos":0,"zeldaRelics:CourageTriforce":25,"Strange Spoon":37,"ReplayTheSpireMod:Spearhead":7,"Anchor":35,"Pondfish Scales":42,"Busted Crown":0,"Snecko Eye":0,"Onion Ring":18,"Simple Rune":20,"REME_HandOfSuture":12,"Another Sword":44,"Coffee Dripper":34,"conspire:BottledYoYo":39,"Membership Card":31,"Grinning Jar":24,"Unceasing Top":0,"REME_ComplimentaryCards":0,"Pocketwatch":30},{"Divine Protection":10,"zeldaRelics:Boomerang":2,"CeramicFish":10,"Bag of Preparation":2,"Juzu Bracelet":19,"Ginger":15,"Bottled Tornado":5,"zeldaRelics:WisdomTriforce":20,"Nunchaku":1,"DollysMirror":15,"Prayer Wheel":0,"zeldaRelics:CouragePiece":3,"HandDrill":4,"Toxic Egg 2":15,"replay:Trail_Library":0,"conspire:Dentures":21,"zeldaRelics:WisdomPiece":9,"Pear":16,"Dead Branch":8,"conspire:RunicOctahedron":6,"Ring of Chaos":0,"zeldaRelics:CourageTriforce":9,"Strange Spoon":15,"ReplayTheSpireMod:Spearhead":3,"Anchor":13,"Pondfish Scales":17,"Busted Crown":0,"Snecko Eye":0,"Onion Ring":7,"Simple Rune":8,"REME_HandOfSuture":4,"Another Sword":18,"Coffee Dripper":12,"conspire:BottledYoYo":15,"Membership Card":11,"Grinning Jar":8,"Unceasing Top":0,"REME_ComplimentaryCards":0,"Pocketwatch":11},{"Divine Protection":18,"zeldaRelics:Boomerang":2,"CeramicFish":18,"Bag of Preparation":2,"Juzu Bracelet":29,"Ginger":25,"Bottled Tornado":5,"zeldaRelics:WisdomTriforce":30,"Nunchaku":1,"DollysMirror":25,"Prayer Wheel":0,"zeldaRelics:CouragePiece":3,"HandDrill":4,"Toxic Egg 2":25,"replay:Trail_Library":0,"conspire:Dentures":31,"zeldaRelics:WisdomPiece":9,"Pear":26,"Dead Branch":8,"conspire:RunicOctahedron":6,"Ring of Chaos":0,"zeldaRelics:CourageTriforce":9,"Strange Spoon":25,"ReplayTheSpireMod:Spearhead":3,"Anchor":22,"Pondfish Scales":27,"Busted Crown":0,"Snecko Eye":0,"Onion Ring":7,"Simple Rune":8,"REME_HandOfSuture":4,"Another Sword":28,"Coffee Dripper":20,"conspire:BottledYoYo":25,"Membership Card":19,"Grinning Jar":8,"Unceasing Top":0,"REME_ComplimentaryCards":0,"Pocketwatch":19}],"Unceasing Top":[0],"Pocketwatch":[6]},"card_choices":[{"not_picked":["infinitespire:FinalStrike","infinitespire:SealOfDarkness+"],"picked":"ReplayTheSpireMod:Black Plague","floor":2.0},{"not_picked":["infinitespire:Oblivion","infinitespire:FutureSight"],"picked":"Replay:Fractal Strike","floor":36}],"player_experience":1418126,"relics_obtained":[{"floor":3.0,"key":"Nunchaku"},{"floor":4.0,"key":"Bag of Preparation"},{"floor":7.0,"key":"ReplayTheSpireMod:Spearhead"},{"floor":9.0,"key":"zeldaRelics:CouragePiece"},{"floor":11.0,"key":"zeldaRelics:CouragePiece"},{"floor":14.0,"key":"Bottled Tornado"},{"floor":18.0,"key":"Onion Ring"},{"floor":20.0,"key":"Simple Rune"},{"floor":25.0,"key":"zeldaRelics:CouragePiece"},{"floor":26.0,"key":"zeldaRelics:WisdomPiece"},{"floor":27.0,"key":"CeramicFish"},{"floor":28.0,"key":"Divine Protection"},{"floor":30.0,"key":"Pocketwatch"},{"floor":35.0,"key":"Anchor"},{"floor":36,"key":"Ginger"},{"floor":41,"key":"Pear"},{"floor":42,"key":"Pondfish Scales"},{"floor":43,"key":"zeldaRelics:WisdomPiece"},{"floor":44,"key":"Another Sword"},{"floor":45,"key":"Juzu Bracelet"},{"floor":47,"key":"zeldaRelics:WisdomPiece"},{"floor":48,"key":"conspire:Dentures"}],"event_choices":[{"damage_healed":0.0,"max_hp_gain":0.0,"max_hp_loss":0.0,"gold_gain":75.0,"event_name":"World of Goop","player_choice":"Gather Gold","floor":10.0,"gold_loss":0.0,"damage_taken":11.0},{"cards_removed":["Eruption"],"damage_healed":0.0,"max_hp_gain":0.0,"max_hp_loss":0.0,"gold_gain":0.0,"event_name":"Golden Wing","player_choice":"Card Removal","floor":13.0,"gold_loss":0.0,"damage_taken":7.0},{"cards_removed":["CommonCold"],"damage_healed":0.0,"max_hp_gain":0.0,"max_hp_loss":0.0,"gold_gain":0.0,"event_name":"Beggar","player_choice":"Gave Gold","floor":19.0,"gold_loss":75.0,"damage_taken":0.0},{"damage_healed":0.0,"max_hp_gain":0.0,"max_hp_loss":0.0,"gold_gain":0.0,"event_name":"Addict","player_choice":"Stole Relic","floor":24.0,"gold_loss":0.0,"damage_taken":0.0,"relics_obtained":["Grinning Jar"],"cards_obtained":["Shame"]},{"damage_healed":0.0,"max_hp_gain":0.0,"max_hp_loss":0.0,"gold_gain":0.0,"event_name":"Vampires","player_choice":"Ignored","floor":29.0,"gold_loss":0.0,"damage_taken":0.0},{"damage_healed":0,"gold_gain":0,"player_choice":"Ignored","damage_taken":0,"max_hp_gain":0,"max_hp_loss":0,"event_name":"Vampires","floor":36,"gold_loss":0},{"damage_healed":0,"gold_gain":0,"player_choice":"Ignored","damage_taken":0,"max_hp_gain":0,"max_hp_loss":0,"event_name":"Tomb of Lord Red Mask","floor":38,"gold_loss":0},{"damage_healed":0,"gold_gain":0,"player_choice":"Fight","damage_taken":0,"max_hp_gain":0,"max_hp_loss":0,"event_name":"MindBloom","floor":42,"gold_loss":0},{"damage_healed":0,"gold_gain":0,"player_choice":"Fight","damage_taken":0,"max_hp_gain":0,"max_hp_loss":0,"event_name":"Mysterious Sphere","floor":44,"gold_loss":0},{"damage_healed":0,"gold_gain":0,"player_choice":"Upgraded","damage_taken":0,"max_hp_gain":0,"max_hp_loss":0,"event_name":"Upgrade Shrine","floor":46,"gold_loss":0,"cards_upgraded":["Demon Form"]}],"is_beta":false,"boss_relics":[{"not_picked":["ReplayTheSpireMod:SealedPack","conspire:SlowCooker"],"picked":"conspire:RunicOctahedron"},{"not_picked":["Kintsugi","SacredBark"],"picked":"Coffee Dripper"}],"items_purged_floors":[37],"is_endless":true,"potions_floor_spawned":[11,14,16,20,25,27,36,44,45,48],"ascension_level":20}}