{"host":"ci7ivtocgfxh0ueo","time":1608811116,"event":{"mods":["BaseMod","GifTheSpireLib","Minty Spire (QoL Compilation)","StSLib"],"gold_per_floor":[117,32,95,95,112,112,145,199,223,255,255,297,324,333,333,333,333],"floor_reached":16,"playtime":301,"items_purged":[],"score":215,"play_id":"f78259e1-fad8-4a55-aff7-cee147535191","local_time":"20201224195836","is_ascension_mode":true,"campfire_choices":[{"data":"Neutralize","floor":6,"key":"SMITH"},{"floor":11,"key":"REST"},{"data":"Terror","floor":15,"key":"SMITH"}],"circlet_count":0,"master_deck":["AscendersBane","Strike_G","Strike_G","Strike_G","Strike_G","Strike_G","Defend_G","Defend_G","Defend_G","Defend_G","Defend_G","Survivor","Neutralize+1","Heel Hook","All Out Attack","Terror+1","Poisoned Stab","Poisoned Stab","Venomology","Parasite"],"relics":["Ring of the Snake","StoneCalendar","Juzu Bracelet","Art of War","Lantern","PreservedInsect","CeramicFish"],"acts_visited":["Exordium"],"potions_floor_usage":[12,16],"damage_taken":[{"damage":6,"enemies":"Cultist","floor":1,"turns":4},{"damage":0,"enemies":"2 Louse","floor":5,"turns":2},{"damage":28,"enemies":"Gremlin Nob","floor":7,"turns":5},{"damage":17,"enemies":"Lagavulin","floor":10,"turns":7},{"damage":10,"enemies":"Gremlin Nob","floor":12,"turns":3},{"damage":0,"enemies":"Small Slimes","floor":13,"turns":3},{"damage":51,"enemies":"Slime Boss","floor":16,"turns":5}],"seed_played":"-3004545561132003636","potions_obtained":[{"floor":10,"key":"SneckoOil"},{"floor":12,"key":"SteroidPotion"}],"is_trial":false,"path_per_floor":["M","$","?","?","M","R","E","T","T","E","R","E","M","?","R","B"],"character_chosen":"THE_SILENT","items_purchased":["All Out Attack"],"campfire_rested":1,"item_purchase_floors":[2],"current_hp_per_floor":[38,38,38,60,60,60,32,32,32,15,34,24,24,40,40,0,0],"gold":333,"neow_bonus":"ONE_RARE_RELIC","is_daily":false,"chose_seed":false,"campfire_upgraded":2,"win_rate":0.0,"timestamp":1608811116,"path_taken":["M","?","?","?","M","R","E","?","T","E","R","E","M","?","R","BOSS"],"items_purchased_type":["Card"],"build_version":"2020-12-22","purchased_purges":0,"victory":false,"max_hp_per_floor":[66,66,66,66,66,66,66,66,66,66,66,66,66,66,66,66,66],"card_choices":[{"not_picked":["Dodge and Roll","Noxious Fumes"],"picked":"Heel Hook","floor":1},{"not_picked":["Tactician","Bane","Quick Slash"],"picked":"SKIP","floor":5},{"not_picked":["Cloak And Dagger","Poisoned Stab"],"picked":"Terror","floor":7},{"not_picked":["Noxious Fumes","Slice"],"picked":"Poisoned Stab","floor":10},{"not_picked":["Outmaneuver","Sucker Punch"],"picked":"Poisoned Stab","floor":12},{"not_picked":["Terror","Crippling Poison"],"picked":"Venomology","floor":13}],"player_experience":1288088,"relics_obtained":[{"floor":7,"key":"Juzu Bracelet"},{"floor":8,"key":"Art of War"},{"floor":9,"key":"Lantern"},{"floor":10,"key":"PreservedInsect"},{"floor":12,"key":"CeramicFish"}],"event_choices":[{"damage_healed":0,"gold_gain":63,"player_choice":"Gained Gold","damage_taken":0,"max_hp_gain":0,"max_hp_loss":0,"event_name":"Golden Wing","floor":3,"gold_loss":0},{"damage_healed":22,"gold_gain":0,"player_choice":"Banana","damage_taken":0,"max_hp_gain":0,"max_hp_loss":0,"event_name":"Big Fish","floor":4,"gold_loss":0},{"damage_healed":16,"gold_gain":0,"player_choice":"Healed and dodged fight","damage_taken":0,"max_hp_gain":0,"max_hp_loss":0,"event_name":"Mushrooms","floor":14,"gold_loss":0,"cards_obtained":["Parasite"]}],"is_beta":false,"boss_relics":[],"items_purged_floors":[],"is_endless":false,"potions_floor_spawned":[10,12],"killed_by":"Slime Boss","ascension_level":17}}