{"host":"d4sf42smuzno1lqj","time":1608783776,"event":{"mods":["ATMod(阿瑾Mod)","Act Like it!","Ascension Reborn","BaseMod","BetterRewards","Colored Powertips","Dota2Spire","Friendly Minions","Gensokyo","HololiveMod","Luminous","Minty Spire (QoL Compilation)","MostiFishMod","Permanent Neow","Quick Restart","Relic Stats","Robot Space Explorer","RumiaBox-露米?的神秘盒子","Spicy Shops","StSLib","TestMod","The Alterego","The Dragon Tamer","The Hayseed","TheHeartMod","UnlockEverythingMod","【?方二次?作】八云紫mod","【?物卡牌】REMEMod"],"gold_per_floor":[192,202,216,225,237,265,275,275,275,111,111,137,150,164,164,225,-1175,0,0,0,16,16,44,44,44,44,44,64,64,85,0,0,58,58,66,79,92,92,103,123,123,149,192,206,206,244,270,284,284,284,284,284,284,12,38,38,38],"floor_reached":56,"playtime":3869,"items_purged":["Writhe"],"score":1881,"play_id":"480c1865-b00b-42be-aab2-d5b7948f6d86","local_time":"20201224122256","is_ascension_mode":true,"campfire_choices":[{"floor":11,"key":"RECALL"},{"data":"Luminous:Sympathy_Luminous","floor":15,"key":"SMITH"},{"data":"Luminous:Arcane_Rage_Luminous","floor":27,"key":"SMITH"},{"data":"Luminous:Freud_Wisdom1_Luminous","floor":29,"key":"SMITH"},{"data":"Luminous:Lania_Blessing_Luminous","floor":32,"key":"SMITH"},{"data":"Luminous:Freud_Wisdom1_Luminous+1","floor":45,"key":"SMITH"},{"data":"AT_FamilyPortrait","floor":49,"key":"SMITH"},{"data":"MostiFishMod:JungleRules","floor":53,"key":"SMITH"}],"circlet_count":0,"master_deck":["Luminous:Light_Flash_Shower+1","Luminous:Light_Flash_Shower","Luminous:Dark_Abyssal_Drop","Luminous:Dark_Abyssal_Drop","Luminous:Dark_Abyssal_Drop","Luminous:Defend_Luminous","Luminous:Defend_Luminous","Luminous:Defend_Luminous","Luminous:Switch_Luminous","AscMod:ascendersbane","AT_FamilyPortrait+1","RobotSpaceExplorer:ExhaustFan","Luminous:Light_Track","Luminous:Fast_Spell_Luminous","Luminous:Dark_Pressure_Void","Luminous:Ethereal_Form_Luminous+1","Luminous:Arcane_Rage_Luminous+1","Luminous:Dark_Extract","Luminous:Dark_Moonlight_Spear+1","Luminous:Sympathy_Luminous+1","Luminous:Balance_Aether_Conduit","Luminous:Lania_Blessing_Luminous+1","Luminous:Dusk_Guard_Luminous+1","Luminous:Freud_Wisdom1_Luminous+2","Luminous:Mana_Well_Luminous","Luminous:Magic_Boost_Luminous","Normality","Parasite","Luminous:Chaos_Field_Luminous","Luminous:Lunar_Tide_Luminous","Luminous:Light_Reflection+1","Luminous:Light_Gather","MostiFishMod:JungleRules+1","MostiFishMod:SupremeArchaeology","testmod-DisillusionmentEcho+1","Luminous:Dusk_Guard_Luminous","Luminous:Dark_Apocalypse","Luminous:Tune_Luminous","Luminous:Dark_Morning_Star+1","Parasite","Luminous:Concentrate_Luminous","Luminous:Balance_Ender","Luminous:Concentrate_Luminous","TheSimpletonMod:Spoilage","Gensokyo:AllTheWorldsEvil","TheSimpletonMod:Nettles","Luminous:Lania_Blessing_Luminous"],"relics":["Luminous:MirrorRelic","AT_ATBox","DaveBox","REME_ComplimentaryCards","testmod-TestBox","RhineSuit","testmod-ChristmasGift","SynthV:TestCard","Dota2Spire:EtherealBlade","AT_SunfireAegis","testmod-ObsoleteBoomerang","SynthV:MejaisSoulstealer","Potion Belt","alterego_mod:FleetingLove","GodSword5","REME_HourglassOfDeath","Whetstone","Strawberry","REME_LimitBreaker","testmod-Prudence","Bronze Scales","testmod-ConstraintPeriapt","Blood Vial","Ornamental Fan","Technique","Dota2Spire:LotusOrb"],"acts_visited":["Exordium","TheCity","TheBeyond","TheEnding"],"potions_floor_usage":[5,5,6,12,16,16,16,21,28,28,28,28,28,30,30,30,30,30,30,30,30,36,36,36,36,36,36,39,39,40,46,46,46,46,46,46,46,46,46,46,50,55,55,56,56,56],"damage_taken":[{"damage":0,"enemies":"2 Louse","floor":1,"turns":2},{"damage":0,"enemies":"Cultist","floor":2,"turns":2},{"damage":0,"enemies":"Jaw Worm","floor":3,"turns":3},{"damage":4,"enemies":"Blue Slaver","floor":4,"turns":3},{"damage":0,"enemies":"Large Slime","floor":5,"turns":5},{"damage":6,"enemies":"Gremlin Nob","floor":6,"turns":3},{"damage":0,"enemies":"Looter","floor":7,"turns":2},{"damage":0,"enemies":"Lagavulin","floor":12,"turns":4},{"damage":0,"enemies":"2 Fungi Beasts","floor":13,"turns":1},{"damage":5,"enemies":"Exordium Wildlife","floor":14,"turns":2},{"damage":15,"enemies":"Hexaghost","floor":16,"turns":4},{"damage":0,"enemies":"Shell Parasite","floor":18,"turns":1},{"damage":0,"enemies":"3 Byrds","floor":21,"turns":1},{"damage":0,"enemies":"Gremlin Leader","floor":23,"turns":1},{"damage":10,"enemies":"Slavers","floor":28,"turns":5},{"damage":5,"enemies":"REME_1_Revenger","floor":30,"turns":3},{"damage":6,"enemies":"Champ","floor":33,"turns":5},{"damage":26,"enemies":"3 Darklings","floor":35,"turns":3},{"damage":6,"enemies":"3 Shapes","floor":36,"turns":3},{"damage":0,"enemies":"Maw","floor":37,"turns":5},{"damage":11,"enemies":"Jaw Worm Horde","floor":39,"turns":3},{"damage":66,"enemies":"Reptomancer","floor":40,"turns":4},{"damage":15,"enemies":"Nemesis","floor":42,"turns":5},{"damage":27,"enemies":"4 Shapes","floor":44,"turns":2},{"damage":0,"enemies":"Writhing Mass","floor":46,"turns":3},{"damage":6,"enemies":"Reptomancer","floor":47,"turns":4},{"damage":0,"enemies":"Spire Growth","floor":48,"turns":3},{"damage":5,"enemies":"Awakened One","floor":50,"turns":6},{"damage":23,"enemies":"Donu and Deca","floor":51,"turns":5},{"damage":103,"enemies":"Shield and Spear","floor":55,"turns":6},{"damage":44,"enemies":"NeowBoss","floor":56,"turns":3}],"seed_played":"7986969798636025565","potions_obtained":[{"floor":2,"key":"Dota2Spire:Clarity"},{"floor":4,"key":"DistilledChaos"},{"floor":5,"key":"LiquidMemories"},{"floor":6,"key":"SkillPotion"},{"floor":21,"key":"SkillPotion"},{"floor":23,"key":"DuplicationPotion"},{"floor":28,"key":"SpeedPotion"},{"floor":36,"key":"Dexterity Potion"},{"floor":39,"key":"AttackPotion"},{"floor":40,"key":"BlessingOfTheForge"},{"floor":44,"key":"DistilledChaos"},{"floor":47,"key":"Explosive Potion"}],"is_trial":false,"path_per_floor":["M","M","M","M","M","E","M","?","T","$","R","E","M","M","R","B",null,"M","?","?","M","?","E","?","$","T","R","E","R","E","?","R","B",null,"M","M","M","?","M","E","?","E","T","M","R","M","E","M","R","B","B",null,"R","$","E","B"],"character_chosen":"LuminousClass","items_purchased":["AT_SunfireAegis","Technique"],"campfire_rested":0,"item_purchase_floors":[10,54],"current_hp_per_floor":[69,75,75,71,74,69,69,69,69,69,69,75,75,72,72,61,70,71,71,71,72,72,75,54,54,54,54,64,64,76,76,76,80,85,65,74,87,77,71,18,71,71,71,44,44,55,56,63,63,71,55,67,67,67,13,0,0],"gold":38,"neow_bonus":"HUNDRED_GOLD","is_daily":false,"chose_seed":false,"campfire_upgraded":7,"win_rate":0.0,"timestamp":1608783776,"path_taken":["M","M","M","M","M","E","M","?","T","$","R","E","M","?","R","BOSS","M","?","?","M","?","E","?","?","T","R","E","R","E","?","R","BOSS","M","M","M","?","M","E","?","E","T","M","R","M","E","M","R","BOSS","BOSS","R","$","E","BOSS"],"items_purchased_type":["Relic","Relic"],"build_version":"2020-12-22","purchased_purges":1,"victory":false,"max_hp_per_floor":[75,75,75,75,75,75,75,75,75,75,75,75,75,75,75,75,75,75,75,75,75,75,75,80,80,80,80,80,80,87,87,87,87,87,87,87,87,87,87,87,71,71,71,71,71,71,71,71,71,71,71,71,71,71,71,71,71],"relic_stats":{"Blood Vial":12,"counters":[31,102],"Ornamental Fan":[20],"Bronze Scales":[97],"Whetstone":["Luminous:Light_Flash_Shower","Luminous:Dark_Moonlight_Spear"],"obtain_stats":[{"AT_ATBox":0,"DaveBox":0,"RhineSuit":0,"Luminous:MirrorRelic":0,"Whetstone":28,"Dota2Spire:EtherealBlade":6,"Dota2Spire:LotusOrb":55,"Blood Vial":43,"alterego_mod:FleetingLove":22,"testmod-Prudence":34,"Strawberry":30,"testmod-ObsoleteBoomerang":12,"testmod-ChristmasGift":0,"Potion Belt":20,"testmod-TestBox":0,"SynthV:MejaisSoulstealer":17,"REME_LimitBreaker":31,"testmod-ConstraintPeriapt":42,"SynthV:TestCard":1,"REME_HourglassOfDeath":26,"Ornamental Fan":47,"Bronze Scales":40,"GodSword5":23,"Technique":54,"AT_SunfireAegis":10,"REME_ComplimentaryCards":0},{"AT_ATBox":0,"DaveBox":0,"RhineSuit":0,"Luminous:MirrorRelic":0,"Whetstone":15,"Dota2Spire:EtherealBlade":6,"Dota2Spire:LotusOrb":30,"Blood Vial":23,"alterego_mod:FleetingLove":13,"testmod-Prudence":17,"Strawberry":16,"testmod-ObsoleteBoomerang":8,"testmod-ChristmasGift":0,"Potion Belt":12,"testmod-TestBox":0,"SynthV:MejaisSoulstealer":11,"REME_LimitBreaker":16,"testmod-ConstraintPeriapt":23,"SynthV:TestCard":1,"REME_HourglassOfDeath":14,"Ornamental Fan":26,"Bronze Scales":22,"GodSword5":14,"Technique":29,"AT_SunfireAegis":7,"REME_ComplimentaryCards":0},{"AT_ATBox":0,"DaveBox":0,"RhineSuit":0,"Luminous:MirrorRelic":0,"Whetstone":39,"Dota2Spire:EtherealBlade":18,"Dota2Spire:LotusOrb":99,"Blood Vial":70,"alterego_mod:FleetingLove":33,"testmod-Prudence":47,"Strawberry":42,"testmod-ObsoleteBoomerang":24,"testmod-ChristmasGift":0,"Potion Belt":32,"testmod-TestBox":0,"SynthV:MejaisSoulstealer":31,"REME_LimitBreaker":42,"testmod-ConstraintPeriapt":70,"SynthV:TestCard":2,"REME_HourglassOfDeath":34,"Ornamental Fan":79,"Bronze Scales":65,"GodSword5":34,"Technique":93,"AT_SunfireAegis":20,"REME_ComplimentaryCards":0}]},"card_choices":[{"not_picked":["Luminous:Light_Disperse","Luminous:Chase_Spell_Luminous"],"picked":"Luminous:Light_Track","floor":1},{"not_picked":["Luminous:Light_Wash_Luminous","Luminous:Light_Sylvan_Lance","Luminous:Light_Gather","Luminous:Dark_Extract"],"picked":"Luminous:Fast_Spell_Luminous","floor":2},{"not_picked":["Luminous:Accumulation_Luminous","Luminous:Light_Glare","Luminous:Concentrate_Luminous","Luminous:Light_Ray_of_Redemption"],"picked":"Luminous:Dark_Raid","floor":3},{"not_picked":["Luminous:Dark_Raid","Luminous:Dark_Morning_Star","Luminous:Dark_Dim_Erosion","Luminous:Light_Wash_Luminous"],"picked":"Luminous:Dark_Pressure_Void","floor":4},{"not_picked":["Luminous:Magic_Boost_Luminous","Luminous:Reverse_Spell_Luminous","Luminous:Tune_Luminous","Luminous:Concentrate_Luminous"],"picked":"Luminous:Ethereal_Form_Luminous","floor":5},{"not_picked":["Luminous:Balance_Ender","Luminous:Phantom_Treasure_Luminous","Luminous:Dark_Raid","Luminous:Dark_Pressure_Void"],"picked":"Luminous:Arcane_Rage_Luminous","floor":6},{"not_picked":["Luminous:Concentrate_Luminous","Luminous:Light_Gather","Luminous:Light_Wash_Luminous","Luminous:Light_Disperse"],"picked":"Luminous:Dark_Extract","floor":7},{"not_picked":["Luminous:Magic_Guard_Luminous","Luminous:Dark_Raid","Luminous:Blinding_Pillar_Luminous","Luminous:Balance_Death_Scythe"],"picked":"Luminous:Dark_Moonlight_Spear","floor":12},{"not_picked":["Luminous:Light_Wash_Luminous","Luminous:Dark_Arcane_Pitch","Luminous:Light_Track","Luminous:Dark_Dim_Erosion"],"picked":"Luminous:Sympathy_Luminous","floor":13},{"not_picked":["Luminous:Accumulation_Luminous","Luminous:Blinding_Pillar_Luminous","Luminous:Dark_Moonlight_Spear","Luminous:Tune_Luminous"],"picked":"Luminous:Balance_Aether_Conduit","floor":14},{"not_picked":["Luminous:Dark_Crescendo_Luminous","Luminous:Erosion_Luminous","Luminous:Balance_Aether_Conduit","Luminous:Arcane_Rage_Luminous"],"picked":"Luminous:Lania_Blessing_Luminous","floor":16},{"not_picked":["Luminous:Blinding_Pillar_Luminous","Luminous:Chase_Spell_Luminous","Luminous:Light_Sylvan_Lance","Luminous:Photic_Meditation_Luminous","Luminous:Dark_Apocalypse"],"picked":"SKIP","floor":18},{"not_picked":["Luminous:Dark_Raid","Luminous:Balance_Ender","Luminous:Dark_Pressure_Void","Luminous:Light_Wash_Luminous+1"],"picked":"Luminous:Dusk_Guard_Luminous+1","floor":21},{"not_picked":["Luminous:Magic_Guard_Luminous","Luminous:Blinding_Pillar_Luminous","Luminous:Shadow_Shell_Luminous","Luminous:Dark_Raid+1"],"picked":"Luminous:Freud_Wisdom1_Luminous","floor":23},{"not_picked":["Luminous:Flash_Blink_Luminous","Luminous:Balance_Death_Scythe","Luminous:Light_Disperse+1","Luminous:Dark_Pressure_Void+1"],"picked":"Luminous:Mana_Well_Luminous","floor":28},{"not_picked":["Luminous:Dark_Arcane_Pitch","Luminous:Darkness_Mastery_Luminous","Luminous:Dark_Extract","Luminous:Flash_Blink_Luminous"],"picked":"Luminous:Magic_Boost_Luminous","floor":30},{"not_picked":["Luminous:Erosion_Luminous","Luminous:Mirror_Force_Luminous","Luminous:Dark_Crescendo_Luminous","Luminous:Balance_Baptism"],"picked":"Luminous:Chaos_Field_Luminous","floor":33},{"not_picked":["Luminous:Light_Spectral_Light","Luminous:Light_Wash_Luminous+1","Luminous:Light_Sylvan_Lance","Luminous:Light_Track"],"picked":"Luminous:Lunar_Tide_Luminous","floor":35},{"not_picked":["Luminous:Light_Spectral_Light","Luminous:Dark_Pressure_Void+1","Luminous:Accumulation_Luminous","Luminous:Chase_Spell_Luminous+1"],"picked":"Luminous:Light_Reflection+1","floor":36},{"not_picked":["Luminous:Light_Track","Luminous:Freud_Wisdom1_Luminous","Luminous:Sympathy_Luminous","Luminous:Chase_Spell_Luminous"],"picked":"Luminous:Light_Gather","floor":37},{"not_picked":["testmod-WeaknessCounterattack","testmod-ConditionedReflex","Blind","testmod-PerfectCombo"],"picked":"MostiFishMod:JungleRules","floor":38},{"not_picked":["testmod-PowerStrike","testmod-PainDetonator","testmod-TemporaryDeletion","Good Instincts"],"picked":"MostiFishMod:SupremeArchaeology","floor":38},{"not_picked":["REME_BuildACard","Finesse","testmod-RepeatForm","testmod-BloodShelter"],"picked":"testmod-DisillusionmentEcho","floor":38},{"not_picked":["Luminous:Fast_Spell_Luminous","Luminous:Accumulation_Luminous+1","Luminous:Balance_Ender+1","Luminous:Light_Wash_Luminous"],"picked":"Luminous:Dusk_Guard_Luminous","floor":39},{"not_picked":["Luminous:Light_Glare","Luminous:Dark_Crescendo_Luminous","Luminous:Shadow_Shell_Luminous","Luminous:Blinding_Pillar_Luminous"],"picked":"Luminous:Dark_Apocalypse","floor":40},{"not_picked":["Luminous:Balance_Aether_Conduit","Luminous:Dark_Apocalypse","Luminous:Light_Sylvan_Lance","Luminous:Dark_Pressure_Void"],"picked":"Luminous:Tune_Luminous","floor":42},{"not_picked":["Luminous:Light_Glare+1","Luminous:Chase_Spell_Luminous","Luminous:Dark_Pressure_Void+1","Luminous:Dusk_Guard_Luminous"],"picked":"Luminous:Dark_Morning_Star+1","floor":44},{"not_picked":["Luminous:Light_Wash_Luminous","Luminous:Light_Gather","Luminous:Light_Spectral_Light","Luminous:Blinding_Pillar_Luminous"],"picked":"Luminous:Concentrate_Luminous","floor":46},{"not_picked":["Luminous:Light_Glare","Luminous:Light_Disperse+1","Luminous:Dark_Dim_Erosion","Luminous:Light_Sylvan_Lance+1"],"picked":"Luminous:Balance_Ender","floor":47},{"not_picked":["Luminous:Dark_Morning_Star","Luminous:Light_Gather","Luminous:Light_Wash_Luminous+1","Luminous:Mana_Well_Luminous"],"picked":"Luminous:Concentrate_Luminous","floor":48},{"not_picked":["Luminous:Abyss_Heart_Luminous","Luminous:Dark_Raid","Luminous:Date_of_Light_Luminous","Luminous:Magic_Guard_Luminous"],"picked":"Luminous:Lania_Blessing_Luminous","floor":55}],"player_experience":266776,"relics_obtained":[{"floor":1,"key":"SynthV:TestCard"},{"floor":6,"key":"Dota2Spire:EtherealBlade"},{"floor":12,"key":"testmod-ObsoleteBoomerang"},{"floor":23,"key":"GodSword5"},{"floor":26,"key":"REME_HourglassOfDeath"},{"floor":28,"key":"Whetstone"},{"floor":30,"key":"Strawberry"},{"floor":40,"key":"Bronze Scales"},{"floor":42,"key":"testmod-ConstraintPeriapt"},{"floor":43,"key":"Blood Vial"},{"floor":47,"key":"Ornamental Fan"},{"floor":55,"key":"Dota2Spire:LotusOrb"}],"event_choices":[{"cards_removed":["Luminous:Defend_Luminous"],"damage_healed":0,"gold_gain":0,"player_choice":"Card Removal","damage_taken":0,"max_hp_gain":0,"max_hp_loss":0,"event_name":"Wheel of Change","floor":8,"gold_loss":0},{"damage_healed":0,"gold_gain":0,"player_choice":"Ignored","damage_taken":0,"max_hp_gain":0,"max_hp_loss":0,"event_name":"Vampires","floor":19,"gold_loss":0},{"damage_healed":0,"gold_gain":0,"player_choice":"Choice 1","damage_taken":0,"relics_obtained":["alterego_mod:FleetingLove"],"max_hp_gain":0,"max_hp_loss":0,"event_name":"?的神圣花?","floor":22,"gold_loss":0},{"damage_healed":0,"gold_gain":0,"player_choice":"Shed Blood","damage_taken":26,"max_hp_gain":5,"max_hp_loss":0,"event_name":"Forgotten Altar","floor":24,"gold_loss":0},{"damage_healed":0,"gold_gain":0,"player_choice":"Obtained Relic","damage_taken":0,"relics_obtained":["REME_LimitBreaker"],"max_hp_gain":0,"max_hp_loss":0,"event_name":"Addict","floor":31,"gold_loss":85},{"damage_healed":0,"gold_gain":0,"player_choice":"Memory 3","damage_taken":10,"max_hp_gain":0,"max_hp_loss":0,"event_name":"SensoryStone","floor":38,"gold_loss":0},{"damage_healed":71,"gold_gain":0,"player_choice":"Heal","damage_taken":0,"max_hp_gain":0,"max_hp_loss":16,"event_name":"The Moai Head","floor":41,"gold_loss":0}],"is_beta":false,"boss_relics":[{"not_picked":["VoidEssence"],"picked":"Accursed"},{"not_picked":["VoidEssence"],"picked":"Accursed"},{"not_picked":["Astrolabe","REME_DuelDisc"],"picked":"SynthV:MejaisSoulstealer"},{"not_picked":["BlightedDurian"],"picked":"GraspOfShadows"},{"not_picked":["BlightedDurian"],"picked":"GraspOfShadows"},{"not_picked":["Hololive_TopUpMoneyS","Black Star"],"picked":"testmod-Prudence"}],"items_purged_floors":[54],"is_endless":false,"potions_floor_spawned":[2,4,5,6,16,21,23,28,36,39,40,44,47,48],"killed_by":"NeowBoss","ascension_level":13}}