{"host":"2i1pijcp2h7bc3zy","time":1608851531,"event":{"mods":["2.2 Compatiblity","Abigail Mod","Aspiration","Bartender","BaseMod","Beaked The Cultist","BetterRewards","CapriCore","Colored Map","Defuse TimeMaze Blight","Friendly Minions","Gold Saver","Hubris","Infinite Spire","Koishi","Magitek Elite","Minty Spire (QoL Compilation)","Permanent Neow","Random Character Button","Relic Filter","Relic Sorter","Remilia??????","Reorder Act Four","Replay The Spire","Shade Mod","Shop Mod","StSLib","The Administrix","The Immortal","The Necromancer","The Senshi","The Servant 0.9.4","The Witch","TheSwordswoman","????"],"gold_per_floor":[2679,2197,2211,2230,2243,2243,2278,1898,1922,1937,1949,1949,1979,1995,1995,2092,2092,2102,2012,2032,1203,1220,1220,1238,1266,1266,1296,1313,1313,1313,1345,1345,1448,1448,1459,1471,1471,1571,1267,1301,1301,1315,1315,1315,1343,1343,1343,1343,1035,1035,1035,1035,1035,1069,1069],"floor_reached":56,"playtime":3988,"items_purged":["beaked:Strike_Y","beaked:Defend_Y","beaked:Strike_Y","beaked:Defend_Y","ReplayTheSpireMod:Wings of Steel+1","Hallucinations"],"score":1959,"play_id":"34678eea-5102-4e5c-a638-18843df49b11","local_time":"20201224161211","is_ascension_mode":true,"campfire_choices":[{"data":"beaked:Foresight","floor":6,"key":"SMITH"},{"data":"beaked:Foresight","floor":12,"key":"SMITH"},{"data":"beaked:BraceForImpact","floor":15,"key":"SMITH"},{"data":"beaked:Foresight","floor":23,"key":"SMITH"},{"data":"infinitespire:SevenWalls","floor":30,"key":"SMITH"},{"data":"beaked:CursingBlood","floor":32,"key":"SMITH"},{"floor":41,"key":"RECALL"},{"data":"beaked:Sacrifice","floor":47,"key":"SMITH"},{"data":"beaked:CheekyTricks","floor":53,"key":"SMITH"}],"circlet_count":0,"master_deck":["beaked:Strike_Y","beaked:Strike_Y","beaked:Strike_Y","beaked:Strike_Y","beaked:Defend_Y","beaked:Ceremony","beaked:Ceremony","beaked:Ceremony+1","beaked:Foresight+1","beaked:BraceForImpact+1","beaked:Foresight+1","beaked:Sacrifice+1","beaked:CursingBlood+1","beaked:Insight+1","beaked:Foresight+1","beaked:VolatileMisfortune","beaked:Foresight+1","beaked:Foresight+1","beaked:Windmill+1","beaked:MachineSpirit","beaked:MachineSpirit","infinitespire:SevenWalls+1","beaked:CheekyTricks+1","beaked:HuntressEssence+1","beaked:MaddeningMurmurs+1"],"relics":["beaked:MendingPlumage","hubris:PeanutButter","Bronze Scales","TheAbacus","Replay:Bottled Flurry","Honey Jar","Chemical X","hubris:Zylophone","Simple Rune","White_Cape","Replay:Ringing Soul","Pen Nib","hubris:TerracottaHorce","Replay:Bottled Eggs","Replay:Wax Seal","Ice Cream","hubris:Icosahedron","ClockworkSouvenir","hubris:CrystalStatue","Toy Ornithopter","Ring of Chaos","ReplayTheSpireMod:Ring of Challenge","infinitespire:Bottled Soul","MerchantsRug","Nunchaku"],"acts_visited":["Exordium","TheCity","TheBeyond","TheEnding"],"potions_floor_usage":[16,42,42,42,55,55],"damage_taken":[{"damage":10,"enemies":"Cultist","floor":1,"turns":5},{"damage":5,"enemies":"Small Slimes","floor":3,"turns":5},{"damage":3,"enemies":"Jaw Worm","floor":4,"turns":5},{"damage":7,"enemies":"2 Fungi Beasts","floor":5,"turns":5},{"damage":1,"enemies":"Lagavulin","floor":7,"turns":7},{"damage":43,"enemies":"Gremlin Gang","floor":10,"turns":5},{"damage":0,"enemies":"Exordium Wildlife","floor":11,"turns":3},{"damage":22,"enemies":"3 Sentries","floor":13,"turns":11},{"damage":0,"enemies":"2 Fungi Beasts","floor":14,"turns":4},{"damage":13,"enemies":"Fading Forest","floor":16,"turns":11},{"damage":10,"enemies":"3 Byrds","floor":18,"turns":4},{"damage":0,"enemies":"Chosen","floor":20,"turns":5},{"damage":0,"enemies":"Snecko","floor":22,"turns":6},{"damage":0,"enemies":"Sentry and Sphere","floor":24,"turns":6},{"damage":16,"enemies":"Gremlin Leader","floor":25,"turns":8},{"damage":2,"enemies":"Replay:Snechameleon","floor":27,"turns":5},{"damage":6,"enemies":"Shelled Parasite and Fungi","floor":28,"turns":4},{"damage":13,"enemies":"Slavers","floor":31,"turns":5},{"damage":5,"enemies":"hubris:MusketHawk","floor":33,"turns":7},{"damage":6,"enemies":"Orb Walker","floor":35,"turns":3},{"damage":4,"enemies":"3 Darklings","floor":36,"turns":5},{"damage":0,"enemies":"R_Hoarder","floor":40,"turns":10},{"damage":32,"enemies":"4 Shapes","floor":42,"turns":4},{"damage":0,"enemies":"Giant Head","floor":45,"turns":7},{"damage":64,"enemies":"Awakened One","floor":50,"turns":11},{"damage":76,"enemies":"Shield and Spear","floor":54,"turns":8},{"damage":106,"enemies":"The Heart","floor":55,"turns":9}],"seed_played":"6588470806372107214","potions_obtained":[{"floor":3,"key":"FairyPotion"},{"floor":10,"key":"Toxic Potion"},{"floor":14,"key":"AttackPotion"},{"floor":18,"key":"FearPotion"},{"floor":25,"key":"Explosive Potion"},{"floor":27,"key":"EntropicBrew"},{"floor":42,"key":"SkillPotion"}],"is_trial":false,"path_per_floor":["M","$","M","M","M","R","E","$","T","M","M","R","E","M","R","B",null,"M","?","M","$","M","R","M","E","T","E","M","AVR","R","E","R","B",null,"M","M","?","?","$","E","R","M","T","R","E","?","R","?","R","B",null,"$","R","E","B",null],"character_chosen":"BEAKED_THE_CULTIST","items_purchased":["hubris:PeanutButter","Strange Spoon","TheAbacus","beaked:Sacrifice","Matryoshka","Chemical X","hubris:Zylophone","ClockworkSouvenir","infinitespire:Bottled Soul","MerchantsRug"],"campfire_rested":0,"item_purchase_floors":[2,2,8,8,21,21,21,39,49,49],"current_hp_per_floor":[44,44,50,50,50,50,50,50,50,24,36,36,44,61,61,65,65,67,67,71,71,74,74,77,80,80,86,92,95,95,98,98,104,104,110,113,113,113,113,116,116,107,107,107,125,125,125,128,128,134,134,134,134,107,101],"gold":1069,"neow_bonus":"UPGRADE_CARD","is_daily":false,"chose_seed":false,"campfire_upgraded":8,"win_rate":0.0,"timestamp":1608851531,"path_taken":["M","$","M","M","M","R","E","?","T","M","M","R","E","M","R","BOSS","M","?","M","$","M","R","?","E","T","E","M","AVR","R","E","R","BOSS","M","M","?","?","$","E","R","?","T","R","E","?","R","?","R","BOSS","$","R","E","BOSS"],"items_purchased_type":["Relic","Relic","Relic","Card","Relic","Relic","Relic","Relic","Relic","Relic"],"build_version":"2020-12-22","purchased_purges":6,"victory":true,"max_hp_per_floor":[50,50,50,50,50,50,50,50,50,56,59,59,62,65,65,65,65,68,68,71,71,74,74,77,80,80,86,92,95,95,98,98,104,104,110,113,113,113,113,116,116,122,122,122,125,125,125,128,128,134,134,134,134,137,137],"card_choices":[{"not_picked":["beaked:Brace","ReplayTheSpireMod:Prepare the Ceremony"],"picked":"beaked:Foresight","floor":1},{"not_picked":["beaked:WindBringer","beaked:Tradeoff"],"picked":"beaked:BraceForImpact","floor":3},{"not_picked":["beaked:BraceForImpact","beaked:Windmill","beaked:SurvivalInstinct"],"picked":"SKIP","floor":4},{"not_picked":["beaked:Hexing","beaked:Brace"],"picked":"beaked:Foresight","floor":5},{"not_picked":["beaked:SurvivalInstinct","beaked:Tweet","beaked:Tradeoff"],"picked":"SKIP","floor":7},{"not_picked":["beaked:DarkTribute","beaked:SurvivalInstinct","beaked:Recite"],"picked":"SKIP","floor":10},{"not_picked":["beaked:Tweet","beaked:Redirect"],"picked":"beaked:CursingBlood","floor":11},{"not_picked":["beaked:Evade","beaked:Poke","beaked:TuckingFeathers"],"picked":"SKIP","floor":13},{"not_picked":["beaked:ShadowFade","beaked:Recite"],"picked":"beaked:Insight","floor":14},{"not_picked":["beaked:Tweet","beaked:Windmill+1","beaked:Evade"],"picked":"beaked:Foresight","floor":18},{"not_picked":["beaked:Replenish","beaked:Poke","beaked:Flinch"],"picked":"beaked:VolatileMisfortune","floor":20},{"not_picked":["beaked:CursingBlood","beaked:RitualOfBody","beaked:WindBringer+1"],"picked":"beaked:Foresight","floor":22},{"not_picked":["beaked:Poke","beaked:Windmill+1","beaked:Brace"],"picked":"beaked:Foresight","floor":24},{"not_picked":["beaked:VolatileMisfortune","beaked:Overpower+1","beaked:Poke+1"],"picked":"beaked:Windmill+1","floor":25},{"not_picked":["beaked:TuckingFeathers","beaked:WarriorEssence","beaked:Tradeoff"],"picked":"beaked:MachineSpirit","floor":27},{"not_picked":["beaked:Redirect+1","beaked:Resilience","beaked:DigDeep"],"picked":"beaked:MachineSpirit","floor":28},{"not_picked":["beaked:WildInstinct","beaked:Redirect+1","beaked:StunningBlow+1"],"picked":"ReplayTheSpireMod:Wings of Steel+1","floor":31},{"not_picked":["beaked:FullHouse","beaked:FakeOut","beaked:SacrificialScars"],"picked":"beaked:CheekyTricks","floor":33},{"not_picked":["beaked:Daydream","beaked:Tweet","beaked:Resilience"],"picked":"beaked:HuntressEssence+1","floor":35},{"not_picked":["beaked:Brace","beaked:Devastation+1","beaked:TuckingFeathers+1","beaked:StickSmack"],"picked":"SKIP","floor":36},{"not_picked":["beaked:Daydream","beaked:VolatileMisfortune","beaked:Flinch","beaked:SurvivalInstinct+1"],"picked":"SKIP","floor":40},{"not_picked":["beaked:Overpower+1","beaked:Devastation+1","beaked:Struggle"],"picked":"beaked:MaddeningMurmurs+1","floor":42},{"not_picked":["beaked:WarriorEssence+1","beaked:Brace","ReplayTheSpireMod:Wings of Steel","beaked:Flinch+1"],"picked":"SKIP","floor":45},{"not_picked":["beaked:HuntressSpirit+1","beaked:BraceForImpact+1","beaked:Daydream","beaked:Brace"],"picked":"SKIP","floor":54}],"player_experience":1702740,"relics_obtained":[{"floor":7,"key":"Bronze Scales"},{"floor":13,"key":"Replay:Bottled Flurry"},{"floor":25,"key":"Simple Rune"},{"floor":26,"key":"White_Cape"},{"floor":26,"key":"Replay:Ringing Soul"},{"floor":27,"key":"Pen Nib"},{"floor":31,"key":"Replay:Wax Seal"},{"floor":40,"key":"hubris:CrystalStatue"},{"floor":43,"key":"Potion Belt"},{"floor":43,"key":"Toy Ornithopter"},{"floor":48,"key":"Ring of Chaos"},{"floor":48,"key":"ReplayTheSpireMod:Ring of Challenge"},{"floor":54,"key":"Nunchaku"}],"event_choices":[{"cards_removed":["beaked:Defend_Y"],"damage_healed":0,"gold_gain":0,"player_choice":"Upgrade and Remove","damage_taken":0,"max_hp_gain":0,"max_hp_loss":0,"event_name":"Designer","floor":19,"gold_loss":90,"cards_upgraded":["beaked:Insight"]},{"damage_healed":0,"gold_gain":100,"player_choice":"Pray","damage_taken":0,"max_hp_gain":0,"max_hp_loss":0,"event_name":"Golden Shrine","floor":38,"gold_loss":0},{"damage_healed":0,"gold_gain":0,"player_choice":"Ignored","damage_taken":0,"max_hp_gain":0,"max_hp_loss":0,"event_name":"Tomb of Lord Red Mask","floor":46,"gold_loss":0}],"is_beta":false,"boss_relics":[{"not_picked":["hubris:RunicObelisk","aspiration:RunicSpoon"],"picked":"Honey Jar"},{"not_picked":["beaked:BlessedCoat","SacredBark"],"picked":"hubris:Backtick"}],"items_purged_floors":[2,8,21,29,39,49],"is_endless":false,"potions_floor_spawned":[3,10,11,14,18,25,27,42],"ascension_level":9}}