{"host":"fhwr1fuluf6086fh","time":1608828154,"event":{"mods":["2.2 Compatiblity","Act Like it!","BaseMod","Elementarium","Hermit","Minty Spire (QoL Compilation)","Robot Space Explorer","StSLib","The Blue Laboratory","The Dragon Tamer","The Factory","The Hierophant","TheLocksmith"],"gold_per_floor":[118,128,140,150,166,166,192,202,227,252,269,281,325,342,342,440,440,440,440,278,278,278,278,278,278,278],"floor_reached":25,"playtime":3719,"items_purged":["hierophant:Strike_Hierophant"],"score":277,"play_id":"63bdfc7b-c8b0-47a3-a59a-00f5233ad889","local_time":"20201224114234","is_ascension_mode":true,"campfire_choices":[{"data":"hierophant:LocustPlague","floor":6,"key":"SMITH"},{"floor":15,"key":"REST"}],"circlet_count":0,"master_deck":["hierophant:Strike_Hierophant","hierophant:Punish","hierophant:Defend_Hierophant","hierophant:Defend_Hierophant","hierophant:Defend_Hierophant","hierophant:Defend_Hierophant","hierophant:ChurchCoffers","hierophant:Flagellation","hierophant:LocustPlague+1","hierophant:Upheaval","hierophant:ArchangelShield","hierophant:HammerAndAnvil","hierophant:Flagellation","hierophant:FlamingChariot","hierophant:ArchangelShield","hierophant:HolyVerse","hierophant:Flagellation","hierophant:ThreeLashes","hierophant:RepressedViolence","hierophant:Rebuild","hierophant:Flagellation","hierophant:LocustPlague","hierophant:MorningPrayer+1","hierophant:FaithHealing+1","Madness","hierophant:Encroach","hierophant:Kindle","hierophant:HolyVerse","Doubt","hierophant:FaithHealing+1"],"relics":["hierophant:PropheticMaskRelic","Orichalcum","Toy Ornithopter","Potion Belt","Juzu Bracelet","Ectoplasm","Tiny Chest"],"acts_visited":["Exordium","Elementarium:Elementarium"],"potions_floor_usage":[4,10,11,13,14,16],"damage_taken":[{"damage":1,"enemies":"Jaw Worm","floor":1,"turns":3},{"damage":0,"enemies":"Small Slimes","floor":2,"turns":2},{"damage":0,"enemies":"2 Louse","floor":3,"turns":1},{"damage":8,"enemies":"Large Slime","floor":4,"turns":4},{"damage":0,"enemies":"3 Louse","floor":5,"turns":1},{"damage":21,"enemies":"3 Sentries","floor":7,"turns":7},{"damage":0,"enemies":"Exordium Wildlife","floor":8,"turns":1},{"damage":14,"enemies":"Gremlin Nob","floor":10,"turns":4},{"damage":0,"enemies":"Large Slime","floor":11,"turns":2},{"damage":0,"enemies":"2 Fungi Beasts","floor":12,"turns":2},{"damage":24,"enemies":"Lagavulin Event","floor":13,"turns":6},{"damage":2,"enemies":"Looter","floor":14,"turns":4},{"damage":17,"enemies":"Hexaghost","floor":16,"turns":11},{"damage":6,"enemies":"Elementarium:VoidCorruption","floor":18,"turns":4},{"damage":0,"enemies":"Elementarium:2_ELEMENTALS","floor":19,"turns":1},{"damage":25,"enemies":"Elementarium:Hydrostalker","floor":21,"turns":7},{"damage":10,"enemies":"Elementarium:VoidBeast","floor":22,"turns":3},{"damage":23,"enemies":"Elementarium:FIRE_NOBILITY","floor":23,"turns":6},{"damage":21,"enemies":"Elementarium:WarGolem","floor":25,"turns":2}],"seed_played":"1032767117980100972","potions_obtained":[{"floor":2,"key":"AttackPotion"},{"floor":3,"key":"blueLaboratory:AbyssPotion"},{"floor":8,"key":"blueLaboratory:PhilterOfMotion"},{"floor":10,"key":"FearPotion"},{"floor":12,"key":"Block Potion"},{"floor":13,"key":"blueLaboratory:HorrorPotion"},{"floor":14,"key":"blueLaboratory:PyrophylliteBrew"},{"floor":16,"key":"blueLaboratory:NullPotion"},{"floor":21,"key":"blueLaboratory:ExaltedPotion"}],"is_trial":false,"path_per_floor":["M","M","M","M","M","R","E","M","T","E","M","M","?","M","R","B",null,"M","M","$","M","M","E","?","E"],"character_chosen":"HIEROPHANT","items_purchased":["Madness"],"campfire_rested":1,"item_purchase_floors":[20],"current_hp_per_floor":[53,53,53,45,45,45,24,24,24,15,20,20,1,4,26,14,75,69,69,69,44,34,11,11,0,0],"gold":278,"neow_bonus":"TRANSFORM_TWO_CARDS","is_daily":false,"chose_seed":false,"campfire_upgraded":1,"win_rate":0.0,"timestamp":1608828154,"path_taken":["M","M","M","M","M","R","E","M","T","E","M","M","?","M","R","BOSS","M","M","$","M","M","E","?","E"],"items_purchased_type":["Card"],"build_version":"2020-12-22","purchased_purges":1,"victory":false,"max_hp_per_floor":[75,75,75,75,75,75,75,75,75,75,75,75,75,75,75,75,75,75,75,75,75,75,75,75,75,75],"card_choices":[{"not_picked":["hierophant:Shelter","hierophant:Blessing"],"picked":"hierophant:Upheaval","floor":1},{"not_picked":["hierophant:MorningPrayer","hierophant:Shelter"],"picked":"hierophant:ArchangelShield","floor":2},{"not_picked":["hierophant:Blessing","hierophant:Racketeering"],"picked":"hierophant:HammerAndAnvil","floor":3},{"not_picked":["hierophant:Refuge","hierophant:AuricBeam"],"picked":"hierophant:Flagellation","floor":4},{"not_picked":["hierophant:Doomsaying","hierophant:AuricBeam"],"picked":"hierophant:FlamingChariot","floor":5},{"not_picked":["hierophant:SealAway","hierophant:Dazzle"],"picked":"hierophant:ArchangelShield","floor":7},{"not_picked":["hierophant:Patience","hierophant:EyeForCoin"],"picked":"hierophant:HolyVerse","floor":8},{"not_picked":["hierophant:SolarFlare","hierophant:SealAway"],"picked":"hierophant:Flagellation","floor":10},{"not_picked":["hierophant:PassingBell","hierophant:WrathOfGod"],"picked":"hierophant:ThreeLashes","floor":11},{"not_picked":["hierophant:AuricShield","hierophant:Zeal"],"picked":"hierophant:RepressedViolence","floor":12},{"not_picked":["hierophant:HammerAndAnvil","hierophant:Mercenaries"],"picked":"hierophant:Rebuild","floor":13},{"not_picked":["hierophant:FlamingChariot","hierophant:Generosity"],"picked":"hierophant:Flagellation","floor":14},{"not_picked":["hierophant:Cornucopia","hierophant:Levitation"],"picked":"hierophant:LocustPlague","floor":16},{"not_picked":["hierophant:RecallFunds+1","hierophant:Purify+1"],"picked":"hierophant:MorningPrayer+1","floor":18},{"not_picked":["hierophant:PassingBell","hierophant:EyeForCoin"],"picked":"hierophant:FaithHealing+1","floor":19},{"not_picked":["hierophant:AuricBeam+1","hierophant:Purify"],"picked":"hierophant:Encroach","floor":21},{"not_picked":["hierophant:AuricShield","hierophant:PassingBell"],"picked":"hierophant:Kindle","floor":22},{"not_picked":["hierophant:DisplayOfPower","hierophant:Chorus"],"picked":"hierophant:HolyVerse","floor":23}],"player_experience":799518,"relics_obtained":[{"floor":7,"key":"Orichalcum"},{"floor":9,"key":"Toy Ornithopter"},{"floor":10,"key":"Potion Belt"},{"floor":13,"key":"Juzu Bracelet"},{"floor":23,"key":"Tiny Chest"}],"event_choices":[{"damage_healed":0,"gold_gain":0,"player_choice":"Searched \u00271\u0027 times","damage_taken":0,"max_hp_gain":0,"max_hp_loss":0,"event_name":"Dead Adventurer","floor":13,"gold_loss":0},{"damage_healed":0,"gold_gain":0,"player_choice":"Embrace","damage_taken":0,"max_hp_gain":0,"max_hp_loss":0,"event_name":"Elementarium:VoidShrine","floor":24,"gold_loss":0,"cards_obtained":["Doubt","hierophant:FaithHealing"]}],"is_beta":false,"boss_relics":[{"not_picked":["Empty Cage","Tiny House"],"picked":"Ectoplasm"}],"items_purged_floors":[20],"is_endless":false,"potions_floor_spawned":[2,3,8,10,12,13,14,16,21],"killed_by":"Elementarium:WarGolem","ascension_level":1}}