{"host":"diy71vlueofrnn1o","time":1608818240,"event":{"mods":["2.2 Compatiblity","AchievementEnabler","BaseMod","Best Route Mod","Colored Map","Curses Come First","DeckTracker","Minty Spire (QoL Compilation)","Quick Restart","Rare Cards Sparkle","StSLib","SuperFastMode"],"gold_per_floor":[116,127,147,158,171,171,171,198,198,198,230,11,25,51,28,28,125,125,141,155,171,14,14,14,14],"floor_reached":24,"playtime":1036,"items_purged":["Strike_G"],"score":375,"play_id":"abbcc6f3-5e7b-4ace-8a52-5b8a1c66b682","local_time":"20201224145720","is_ascension_mode":true,"campfire_choices":[{"data":"Backstab","floor":6,"key":"SMITH"},{"floor":16,"key":"REST"}],"circlet_count":0,"master_deck":["Strike_G+1","Strike_G","Strike_G+1","Strike_G","Defend_G","Defend_G","Defend_G","Defend_G","Defend_G","Survivor","Neutralize","Blade Dance","Dagger Throw","Backstab+1","Blur","Escape Plan","Choke","Slice","Crippling Poison","Poisoned Stab","After Image","Bane+1"],"relics":["Ring of the Snake","NeowsBlessing","InkBottle","Ginger","Darkstone Periapt","Whetstone","Dead Branch","Runic Pyramid","Akabeko","Enchiridion"],"acts_visited":["Exordium","TheCity"],"potions_floor_usage":[4,8,8,11,17,24],"damage_taken":[{"damage":0,"enemies":"Cultist","floor":1,"turns":1},{"damage":0,"enemies":"Jaw Worm","floor":2,"turns":1},{"damage":0,"enemies":"Small Slimes","floor":3,"turns":1},{"damage":6,"enemies":"Exordium Wildlife","floor":4,"turns":5},{"damage":5,"enemies":"Gremlin Gang","floor":5,"turns":5},{"damage":25,"enemies":"Lagavulin","floor":8,"turns":4},{"damage":0,"enemies":"Gremlin Nob","floor":11,"turns":2},{"damage":9,"enemies":"2 Fungi Beasts","floor":13,"turns":2},{"damage":17,"enemies":"Lagavulin","floor":14,"turns":5},{"damage":8,"enemies":"Slime Boss","floor":17,"turns":5},{"damage":0,"enemies":"3 Byrds","floor":19,"turns":3},{"damage":2,"enemies":"Spheric Guardian","floor":20,"turns":3},{"damage":10,"enemies":"Snake Plant","floor":21,"turns":4},{"damage":29,"enemies":"Slavers","floor":24,"turns":2}],"seed_played":"-4118325089268549503","potions_obtained":[{"floor":2,"key":"AttackPotion"},{"floor":3,"key":"PowerPotion"},{"floor":5,"key":"AttackPotion"},{"floor":7,"key":"Explosive Potion"},{"floor":14,"key":"Fire Potion"},{"floor":20,"key":"Explosive Potion"}],"is_trial":false,"path_per_floor":["M","M","M","M","M","R","?","E","E","T","E","$","M","E","$","R","B",null,"M","M","M","$","?","E"],"character_chosen":"THE_SILENT","items_purchased":["Whetstone","Poisoned Stab","Akabeko"],"campfire_rested":1,"item_purchase_floors":[12,15,22],"current_hp_per_floor":[63,63,63,57,52,52,52,27,27,27,27,27,18,1,1,22,14,56,56,54,44,44,28,0,0],"gold":14,"neow_bonus":"THREE_ENEMY_KILL","is_daily":false,"chose_seed":false,"campfire_upgraded":1,"win_rate":0.0,"timestamp":1608818240,"path_taken":["M","?","M","M","M","R","?","E","E","T","E","$","M","E","?","R","BOSS","M","M","M","$","?","E"],"items_purchased_type":["Relic","Card","Relic"],"build_version":"2020-12-22","purchased_purges":1,"victory":false,"max_hp_per_floor":[70,70,70,70,70,70,70,70,70,70,70,70,70,70,70,70,70,70,70,70,70,70,70,70,70],"card_choices":[{"not_picked":["Cloak And Dagger","Catalyst"],"picked":"Blade Dance","floor":1},{"not_picked":["Calculated Gamble","Prepared"],"picked":"Dagger Throw","floor":2},{"not_picked":["Poisoned Stab","Dagger Spray"],"picked":"Backstab","floor":3},{"not_picked":["Bane","Acrobatics"],"picked":"Blur","floor":4},{"not_picked":["Deadly Poison","Wraith Form v2"],"picked":"Escape Plan","floor":5},{"not_picked":["Reflex","Slice"],"picked":"Choke","floor":8},{"not_picked":["Dagger Throw","Outmaneuver"],"picked":"Slice","floor":11},{"not_picked":["Prepared","PiercingWail"],"picked":"Crippling Poison","floor":13},{"not_picked":["Eviscerate","Storm of Steel","Setup"],"picked":"SKIP","floor":14},{"not_picked":["Storm of Steel","Grand Finale"],"picked":"After Image","floor":17},{"not_picked":["Bane","Dagger Throw","Cloak And Dagger"],"picked":"SKIP","floor":19},{"not_picked":["Noxious Fumes","Deflect","Masterful Stab"],"picked":"SKIP","floor":20},{"not_picked":["Deadly Poison","PiercingWail+1"],"picked":"Bane+1","floor":21}],"player_experience":395116,"relics_obtained":[{"floor":8,"key":"InkBottle"},{"floor":10,"key":"Ginger"},{"floor":11,"key":"Darkstone Periapt"},{"floor":14,"key":"Dead Branch"},{"floor":23,"key":"Enchiridion"}],"event_choices":[{"damage_healed":0,"gold_gain":0,"player_choice":"Got Potions","damage_taken":0,"max_hp_gain":0,"max_hp_loss":0,"event_name":"Lab","floor":7,"gold_loss":0},{"damage_healed":0,"gold_gain":0,"player_choice":"Obtained Book","damage_taken":16,"max_hp_gain":0,"max_hp_loss":0,"event_name":"Cursed Tome","floor":23,"gold_loss":0}],"is_beta":false,"boss_relics":[{"not_picked":["Pandora\u0027s Box","Empty Cage"],"picked":"Runic Pyramid"}],"items_purged_floors":[12],"is_endless":false,"potions_floor_spawned":[2,3,5,14,20],"killed_by":"Slavers","ascension_level":8}}