{"host":"v1m5rkjj38qutr02","time":1608803982,"event":{"mods":["Act Like it!","BaseMod","Conspire","Gensokyo","GungeonMod","Hallownest","Minty Spire (QoL Compilation)","Replay The Spire","StSLib","The Bug Knight","Youmu£®ªÍ∆«—˝√Œ£©"],"gold_per_floor":[114,114,36,54,71,71,97,97,145,174,186,186],"floor_reached":11,"playtime":253,"items_purged":[],"score":91,"play_id":"91d0e429-6a4b-4d53-975e-545dff8b15fa","local_time":"20201224175942","is_ascension_mode":true,"campfire_choices":[{"data":"Electrodynamics","floor":6,"key":"SMITH"},{"floor":8,"key":"REST"}],"circlet_count":0,"master_deck":["Strike_B","Strike_B","Strike_B","Strike_B","Defend_B","Defend_B","Defend_B","Defend_B","Zap","Dualcast","Zap","Electrodynamics+1","Coolheaded","Capacitor","Machine Learning","Ball Lightning"],"relics":["Cracked Core","Happy Flower","MawBank"],"acts_visited":["Exordium"],"potions_floor_usage":[7,10],"damage_taken":[{"damage":7,"enemies":"Jaw Worm","floor":1,"turns":3},{"damage":6,"enemies":"Cultist","floor":4,"turns":4},{"damage":12,"enemies":"2 Louse","floor":5,"turns":3},{"damage":26,"enemies":"Lagavulin","floor":7,"turns":4},{"damage":11,"enemies":"Lots of Slimes","floor":10,"turns":2},{"damage":26,"enemies":"Gremlin Nob","floor":11,"turns":4}],"seed_played":"3497782810677816835","potions_obtained":[{"floor":4,"key":"FocusPotion"},{"floor":5,"key":"Swift Potion"},{"floor":10,"key":"Adrenaline Potion"}],"is_trial":false,"path_per_floor":["M","?","$","M","M","R","E","R","T","M","E"],"character_chosen":"DEFECT","items_purchased":["Capacitor"],"campfire_rested":1,"item_purchase_floors":[3],"current_hp_per_floor":[68,68,68,62,50,50,24,46,46,35,9,9],"gold":186,"neow_bonus":"THREE_RARE_CARDS","is_daily":false,"chose_seed":false,"campfire_upgraded":1,"win_rate":0.0,"timestamp":1608803982,"path_taken":["M","?","$","?","M","R","E","R","T","M","E"],"items_purchased_type":["Card"],"build_version":"2020-12-22","purchased_purges":0,"victory":false,"max_hp_per_floor":[75,75,75,75,75,75,75,75,75,75,75,75],"card_choices":[{"not_picked":["Multi-Cast","Rainbow"],"picked":"Electrodynamics","floor":0},{"not_picked":["Cold Snap","Chill"],"picked":"Coolheaded","floor":1},{"not_picked":["Crystallizer","Coolheaded","Leap"],"picked":"SKIP","floor":4},{"not_picked":["Go for the Eyes","ReplayTheSpireMod:Reroute Power"],"picked":"Machine Learning","floor":5},{"not_picked":["Compile Driver","Melter","ReplayTheSpireMod:Reroute Power"],"picked":"SKIP","floor":7},{"not_picked":["Coolheaded","Beam Cell"],"picked":"Ball Lightning","floor":10}],"player_experience":369895,"relics_obtained":[{"floor":7,"key":"Happy Flower"},{"floor":9,"key":"MawBank"}],"event_choices":[{"cards_removed":["Strike_P"],"damage_healed":0,"gold_gain":0,"player_choice":"Offered Basic","damage_taken":0,"max_hp_gain":0,"max_hp_loss":0,"event_name":"Bonfire Elementals","floor":2,"gold_loss":0}],"is_beta":false,"boss_relics":[],"items_purged_floors":[],"is_endless":false,"potions_floor_spawned":[4,5,10],"killed_by":"Gremlin Nob","ascension_level":5}}