{"host":"htqwg582tjjtn9p7","time":1608799973,"event":{"mods":["2.2 Compatiblity","AchievementEnabler","Act Like it!","Aspiration","BaseMod","Better Third Choice","Colored Map","Conspire","Curses Come First","Displayed Cursed Tome","Energized Spire","Force Act Four","GifTheSpireLib","Hermit","Highlight Path","JesterMod","Mad Scientist","Minty Spire (QoL Compilation)","Pale of the Ancients","Permanent Neow","Random Character Button","Relic Stats","Replay The Spire","Robot Space Explorer","Somnambulant","Spicy Shops","Spikes Relics","StSLib","Stuff the Spire","The Blue Laboratory","The Disciple","The Dragon Tamer","The Forsaken","The Gatherer","The Judge","The Jungle","The Marked","The Runesmith","The Servant 0.9.4"],"gold_per_floor":[111,126,126,144,90,125,125,136,136,164,181,195,195,195,195,298,298,314,314,56,156,171,197,210,221,244,271,298,340,352,461,473,582,594,616,678,3,19,19,19,54,54,78,111,11,11,11,31,31,31,44,44,44,44,44,61,61,129,129,129],"floor_reached":61,"playtime":2180,"items_purged":["theMarked:Strike","theMarked:Strike"],"score":1952,"play_id":"fd6cb1fd-6518-49d6-a4bb-85b49f15f3e8","local_time":"20201224095253","is_ascension_mode":false,"campfire_choices":[{"data":"theMarked:Improvise","floor":7,"key":"SMITH"},{"floor":13,"key":"REST"},{"data":"theMarked:EmpowerWeapon","floor":15,"key":"SMITH"},{"floor":32,"key":"REST"},{"data":"StuffTheSpire:Innocence","floor":40,"key":"SMITH"},{"data":"Ghostly","floor":42,"key":"SMITH"},{"data":"theMarked:MysticalArsenal","floor":46,"key":"SMITH"},{"data":"Ghostly","floor":49,"key":"SMITH"},{"data":"theMarked:BindingBlade","floor":55,"key":"SMITH"},{"data":"theMarked:MysticalArsenal","floor":57,"key":"SMITH"}],"circlet_count":0,"master_deck":["theMarked:Strike","theMarked:Strike","theMarked:Defend","theMarked:Defend","theMarked:Defend","theMarked:Defend","theMarked:SoldierOfQuellstein","theMarked:EmpowerWeapon","theMarked:Seal","theMarked:Improvise+1","theMarked:HeightenedSenses","theMarked:FavorableWinds","theMarked:EmpowerWeapon+1","theMarked:BindingBlade+1","theMarked:WardOff","theMarked:BanishingStrike","StuffTheSpire:Innocence+1","theMarked:SoldierForm","Ghostly+1","Ghostly+1","Ghostly","Ghostly","Ghostly","theMarked:SwordAndMagic","theMarked:Opportunist+1","theMarked:WardOff+1","theMarked:RepellingDischarge+1","theMarked:Improvise+1","theMarked:MysticalArsenal+1","theMarked:MysticalArsenal+1","theMarked:ParalyzingBlade+1","theMarked:EmpowerWeapon"],"relics":["theMarked:ArtifactOfAir","Happy Flower","Meat on the Bone","Shuriken","Oddly Smooth Stone","conspire:SeveredTorchhead","ReplayTheSpireMod:Ninjato","Matryoshka","Akabeko","StuffTheSpire:HeavyRock","Iron Hammer","MawBank","Bronze Scales","Replay:Wax Seal","Sandwich","Runesmith:AutoHammer","HandDrill","SpikesRelics:ToyHorsey","RetroEgg","SpikesRelics:DaevaFist","Blue Doll","Smiling Mask","paleoftheancients:Timepiece","Gremlin Horn","CultistMask","paleoftheancients:SoulOfTheCollector","HornCleat"],"acts_visited":["Exordium","TheCity","TheBeyond","TheBeyond"],"potions_floor_usage":[10,35,50,50],"damage_taken":[{"damage":1,"enemies":"Cultist","floor":1,"turns":3},{"damage":0,"enemies":"Small Slimes","floor":2,"turns":4},{"damage":3,"enemies":"Jaw Worm","floor":4,"turns":5},{"damage":13,"enemies":"Lagavulin","floor":6,"turns":5},{"damage":4,"enemies":"2 Fungi Beasts","floor":8,"turns":3},{"damage":29,"enemies":"Gremlin Nob","floor":10,"turns":4},{"damage":7,"enemies":"Red Slaver","floor":11,"turns":4},{"damage":4,"enemies":"Exordium Thugs","floor":12,"turns":4},{"damage":17,"enemies":"Slime Boss","floor":16,"turns":7},{"damage":16,"enemies":"2 Thieves","floor":18,"turns":4},{"damage":2,"enemies":"Spheric Guardian","floor":22,"turns":5},{"damage":12,"enemies":"Gremlin Leader","floor":23,"turns":6},{"damage":5,"enemies":"3 Cultists","floor":24,"turns":6},{"damage":0,"enemies":"Snake Plant","floor":25,"turns":4},{"damage":2,"enemies":"Shelled Parasite and Fungi","floor":28,"turns":6},{"damage":4,"enemies":"Book of Stabbing","floor":29,"turns":5},{"damage":1,"enemies":"Pondfish","floor":33,"turns":7},{"damage":0,"enemies":"Orb Walker","floor":35,"turns":2},{"damage":0,"enemies":"3 Shapes","floor":38,"turns":5},{"damage":1,"enemies":"R_Hoarder","floor":41,"turns":5},{"damage":0,"enemies":"Nemesis","floor":44,"turns":3},{"damage":6,"enemies":"Writhing Mass","floor":48,"turns":4},{"damage":0,"enemies":"conspire:OrnateMirror","floor":50,"turns":5},{"damage":10,"enemies":"conspire:OrnateMirror","floor":51,"turns":6},{"damage":42,"enemies":"conspire:OrnateMirror","floor":52,"turns":8},{"damage":1,"enemies":"conspire:OrnateMirror","floor":56,"turns":6},{"damage":37,"enemies":"paleoftheancients:N","floor":60,"turns":11}],"seed_played":"8900288512994391699","potions_obtained":[{"floor":6,"key":"blueLaboratory:BottledHope"},{"floor":8,"key":"SteroidPotion"},{"floor":10,"key":"blueLaboratory:NullPotion"},{"floor":16,"key":"blueLaboratory:NullPotion"},{"floor":24,"key":"Death Potion"},{"floor":25,"key":"blueLaboratory:BottleOfVodka"},{"floor":38,"key":"PowerPotion"},{"floor":41,"key":"LifebloodPotion"}],"is_trial":false,"path_per_floor":["M","M","?","M","$","E","R","M","T","E","M","M","R","?","R","B",null,"M","?","$","?","M","E","M","M","T","T","M","E","?","?","R","B",null,"M","T","$","M","$","R","E","R","T","E","$","R","?","M","R","B","M","M","?","T","R","M","R","T","?","B",null],"character_chosen":"THE_DEFAULT","items_purchased":["theMarked:HeightenedSenses","ReplayTheSpireMod:Ninjato","theMarked:Improvise+1","HandDrill","SpikesRelics:ToyHorsey","RetroEgg","theMarked:MysticalArsenal"],"campfire_rested":2,"item_purchase_floors":[5,20,37,37,37,37,45],"current_hp_per_floor":[69,69,62,59,59,46,46,42,42,25,30,38,59,52,52,47,70,54,35,35,35,33,21,28,28,28,28,26,22,18,8,20,31,40,40,40,40,40,40,40,39,39,39,39,39,39,39,33,33,40,35,40,40,40,40,40,40,40,40,28],"gold":129,"neow_bonus":"RANDOM_COMMON_RELIC","is_daily":false,"chose_seed":false,"campfire_upgraded":8,"win_rate":0.0,"timestamp":1608799973,"path_taken":["M","M","?","M","$","E","R","M","T","E","M","M","R","?","R","BOSS","M","?","$","?","?","E","M","M","T","?","M","E","?","?","R","BOSS","M","?","$","?","?","R","E","R","T","E","$","R","?","M","R","BOSS","M","M","?","T","R","M","R","T","?","BOSS"],"items_purchased_type":["Card","Relic","Card","Relic","Relic","Relic","Card"],"build_version":"2020-12-22","purchased_purges":2,"victory":true,"max_hp_per_floor":[70,70,70,70,70,70,70,70,70,70,70,70,70,70,70,70,70,70,35,35,35,35,35,35,35,35,35,35,35,40,40,40,40,40,40,40,40,40,40,40,40,40,40,40,40,40,40,40,40,40,40,40,40,40,40,40,40,40,40,40],"relic_stats":{"Happy Flower":[45],"Gremlin Horn":[24,31],"counters":[27,137],"Shuriken":[47],"Bronze Scales":[260],"HandDrill":[34],"MawBank":120,"Smiling Mask":50,"obtain_stats":[{"Gremlin Horn":50,"RetroEgg":37,"Blue Doll":43,"Smiling Mask":44,"conspire:SeveredTorchhead":17,"Matryoshka":23,"SpikesRelics:ToyHorsey":37,"HornCleat":54,"StuffTheSpire:HeavyRock":26,"Iron Hammer":27,"HandDrill":37,"Replay:Wax Seal":31,"ReplayTheSpireMod:Ninjato":20,"Happy Flower":0,"Oddly Smooth Stone":10,"MawBank":27,"Akabeko":26,"Sandwich":34,"paleoftheancients:Timepiece":50,"theMarked:ArtifactOfAir":0,"Shuriken":9,"Bronze Scales":29,"CultistMask":50,"SpikesRelics:DaevaFist":41,"Runesmith:AutoHammer":36,"paleoftheancients:SoulOfTheCollector":51,"Meat on the Bone":6},{"Gremlin Horn":23,"RetroEgg":18,"Blue Doll":20,"Smiling Mask":21,"conspire:SeveredTorchhead":9,"Matryoshka":12,"SpikesRelics:ToyHorsey":18,"HornCleat":25,"StuffTheSpire:HeavyRock":14,"Iron Hammer":14,"HandDrill":18,"Replay:Wax Seal":16,"ReplayTheSpireMod:Ninjato":10,"Happy Flower":0,"Oddly Smooth Stone":6,"MawBank":14,"Akabeko":14,"Sandwich":17,"paleoftheancients:Timepiece":23,"theMarked:ArtifactOfAir":0,"Shuriken":5,"Bronze Scales":16,"CultistMask":23,"SpikesRelics:DaevaFist":20,"Runesmith:AutoHammer":18,"paleoftheancients:SoulOfTheCollector":24,"Meat on the Bone":4},{"Gremlin Horn":106,"RetroEgg":84,"Blue Doll":94,"Smiling Mask":97,"conspire:SeveredTorchhead":39,"Matryoshka":54,"SpikesRelics:ToyHorsey":84,"HornCleat":120,"StuffTheSpire:HeavyRock":64,"Iron Hammer":64,"HandDrill":84,"Replay:Wax Seal":75,"ReplayTheSpireMod:Ninjato":43,"Happy Flower":0,"Oddly Smooth Stone":24,"MawBank":64,"Akabeko":64,"Sandwich":82,"paleoftheancients:Timepiece":106,"theMarked:ArtifactOfAir":0,"Shuriken":20,"Bronze Scales":75,"CultistMask":106,"SpikesRelics:DaevaFist":94,"Runesmith:AutoHammer":84,"paleoftheancients:SoulOfTheCollector":112,"Meat on the Bone":17}],"Meat on the Bone":84},"card_choices":[{"not_picked":["theMarked:Aftermath","theMarked:ChainLightning"],"picked":"theMarked:EmpowerWeapon","floor":1},{"not_picked":["theMarked:BanishingWave","theMarked:Polarize"],"picked":"theMarked:Seal","floor":2},{"not_picked":["theMarked:EnhanceMovement","theMarked:RepellingDischarge"],"picked":"theMarked:Improvise","floor":4},{"not_picked":["theMarked:ShockingTouch","theMarked:Indomitable"],"picked":"theMarked:FavorableWinds","floor":6},{"not_picked":["theMarked:HeightenedSenses","theMarked:Parkour"],"picked":"theMarked:EmpowerWeapon","floor":8},{"not_picked":["theMarked:Parkour","theMarked:ElectricStrings"],"picked":"theMarked:BindingBlade","floor":10},{"not_picked":["theMarked:BanishingStrike","theMarked:ShockingTouch"],"picked":"theMarked:WardOff","floor":11},{"not_picked":["theMarked:Convert","theMarked:Aftermath"],"picked":"theMarked:BanishingStrike","floor":12},{"not_picked":["theMarked:SuspiciousRaven","theMarked:Challenge"],"picked":"theMarked:SoldierForm","floor":16},{"not_picked":["theMarked:Indomitable","theMarked:EnhanceMovement","theMarked:Frustration"],"picked":"SKIP","floor":18},{"not_picked":["theMarked:WardOff","theMarked:ChainLightning"],"picked":"theMarked:SwordAndMagic","floor":22},{"not_picked":["theMarked:CreepingChasm","theMarked:MysticalArsenal+1"],"picked":"theMarked:Opportunist+1","floor":23},{"not_picked":["theMarked:MagicAdept+1","theMarked:Polarize+1"],"picked":"theMarked:WardOff+1","floor":24},{"not_picked":["theMarked:RepellingDischarge","theMarked:WardOff","theMarked:ElectricStrings"],"picked":"SKIP","floor":25},{"not_picked":["theMarked:BanishingWave","theMarked:Panic","theMarked:ResourceFulStrike"],"picked":"SKIP","floor":28},{"not_picked":["theMarked:TurnInvisible","theMarked:SwordAndMagic"],"picked":"theMarked:RepellingDischarge+1","floor":29},{"not_picked":["theMarked:ResourceFulStrike+1","theMarked:BanishingStrike+1","theMarked:HeightenedSenses"],"picked":"SKIP","floor":35},{"not_picked":["theMarked:Electrocute+1","theMarked:WastefulAttack","theMarked:BanishingWave+1"],"picked":"SKIP","floor":38},{"not_picked":["theMarked:KeepCalmAndFightOn+1","theMarked:Aftermath+1","theMarked:Generate"],"picked":"SKIP","floor":41},{"not_picked":["theMarked:RepellingDischarge+1","theMarked:ElectricStrings","theMarked:TurnInvisible"],"picked":"SKIP","floor":44},{"not_picked":["theMarked:ChainLightning+1","theMarked:Electrocute+1"],"picked":"theMarked:ParalyzingBlade+1","floor":48},{"not_picked":["theMarked:WastefulAttack+1","theMarked:SwordAndMagic"],"picked":"theMarked:EmpowerWeapon","floor":51},{"not_picked":["theMarked:Reabsorb","theMarked:BanishingStrike","theMarked:Static+1"],"picked":"SKIP","floor":56}],"player_experience":1757147,"relics_obtained":[{"floor":6,"key":"Meat on the Bone"},{"floor":9,"key":"Shuriken"},{"floor":10,"key":"Oddly Smooth Stone"},{"floor":23,"key":"Matryoshka"},{"floor":26,"key":"Akabeko"},{"floor":26,"key":"StuffTheSpire:HeavyRock"},{"floor":27,"key":"Iron Hammer"},{"floor":27,"key":"MawBank"},{"floor":29,"key":"Bronze Scales"},{"floor":31,"key":"Replay:Wax Seal"},{"floor":36,"key":"Runesmith:AutoHammer"},{"floor":41,"key":"SpikesRelics:DaevaFist"},{"floor":43,"key":"Blue Doll"},{"floor":44,"key":"Smiling Mask"},{"floor":51,"key":"paleoftheancients:SoulOfTheCollector"},{"floor":54,"key":"HornCleat"}],"event_choices":[{"cards_removed":["theMarked:Strike"],"damage_healed":0,"gold_gain":0,"player_choice":"Card Removal","damage_taken":7,"max_hp_gain":0,"max_hp_loss":0,"event_name":"Golden Wing","floor":3,"gold_loss":0},{"damage_healed":0,"gold_gain":0,"player_choice":"Became a Ghost","damage_taken":0,"max_hp_gain":0,"max_hp_loss":35,"event_name":"Ghosts","floor":19,"gold_loss":0,"cards_obtained":["Ghostly","Ghostly","Ghostly","Ghostly","Ghostly"]},{"damage_healed":0,"gold_gain":100,"player_choice":"Pray","damage_taken":0,"max_hp_gain":0,"max_hp_loss":0,"event_name":"Golden Shrine","floor":21,"gold_loss":0},{"damage_healed":0,"gold_gain":0,"player_choice":"Shed Blood","damage_taken":9,"max_hp_gain":5,"max_hp_loss":0,"event_name":"Forgotten Altar","floor":30,"gold_loss":0}],"is_beta":false,"boss_relics":[{"not_picked":["Kintsugi","Ring of Chaos"],"picked":"conspire:SeveredTorchhead"},{"not_picked":["Coffee Dripper","aspiration:ServantSkillbook"],"picked":"Sandwich"}],"items_purged_floors":[37,45],"is_endless":false,"potions_floor_spawned":[6,8,10,16,18,24,25,38,41,48],"ascension_level":0}}