{"host":"w3q5ijqu8eoknil3","time":1608774088,"event":{"mods":["AchievementEnabler","BaseMod","Block Reminder","Colored Powertips","Minty Spire (QoL Compilation)","Quick Restart","Relic Stats","ojb\u0027s Better Paths Mod","ojb\u0027s Info Mod","slay the spire mod where everything is the same but ironclad has a cowboy hat"],"gold_per_floor":[161,171,187,20,20,50,50,50,50],"floor_reached":8,"playtime":306,"items_purged":[],"score":112,"play_id":"505a3311-0f2d-497b-822b-2381855102c8","local_time":"20201224014128","is_ascension_mode":true,"campfire_choices":[],"circlet_count":0,"master_deck":["AscendersBane","Strike_R","Strike_R","Strike_R","Strike_R","Strike_R","Defend_R","Defend_R","Defend_R","Defend_R+1","Bash","Power Through","Ghostly Armor","Uppercut","Clothesline","Rage"],"relics":["Tiny House","HandDrill","Pear","Gambling Chip"],"acts_visited":["Exordium"],"potions_floor_usage":[],"damage_taken":[{"damage":0,"enemies":"Cultist","floor":1,"turns":4},{"damage":1,"enemies":"Small Slimes","floor":2,"turns":5},{"damage":9,"enemies":"Jaw Worm","floor":3,"turns":3},{"damage":44,"enemies":"3 Sentries","floor":6,"turns":12},{"damage":23,"enemies":"Gremlin Nob","floor":8,"turns":3}],"seed_played":"-928033910731251220","potions_obtained":[{"floor":0,"key":"SpeedPotion"},{"floor":1,"key":"GamblersBrew"}],"is_trial":false,"path_per_floor":["M","M","M","$","?","E","$","E"],"character_chosen":"IRONCLAD","items_purchased":["HandDrill"],"campfire_rested":0,"item_purchase_floors":[4],"current_hp_per_floor":[73,72,63,63,62,18,18,0,0],"gold":50,"neow_bonus":"BOSS_RELIC","is_daily":false,"chose_seed":false,"campfire_upgraded":0,"win_rate":0.0,"timestamp":1608774088,"path_taken":["M","?","M","?","?","E","?","E"],"items_purchased_type":["Relic"],"build_version":"2020-12-22","purchased_purges":0,"victory":false,"max_hp_per_floor":[80,80,80,80,90,90,90,90,90],"relic_stats":{"counters":[5,27],"Gambling Chip":[3],"HandDrill":[0],"obtain_stats":[{"Tiny House":0,"Pear":5,"Gambling Chip":6,"HandDrill":4,"Burning Blood":0},{"Tiny House":0,"Pear":3,"Gambling Chip":4,"HandDrill":3,"Burning Blood":0},{"Tiny House":0,"Pear":12,"Gambling Chip":24,"HandDrill":12,"Burning Blood":0}]},"card_choices":[{"not_picked":["Wild Strike","Infernal Blade"],"picked":"Power Through","floor":0},{"not_picked":["Cleave","Dropkick"],"picked":"Ghostly Armor","floor":1},{"not_picked":["Havoc","Clash"],"picked":"Uppercut","floor":2},{"not_picked":["Dual Wield","Seeing Red"],"picked":"Clothesline","floor":3},{"not_picked":["Perfected Strike","Flex"],"picked":"Rage","floor":6}],"player_experience":940056,"relics_obtained":[{"floor":6,"key":"Gambling Chip"}],"event_choices":[{"damage_healed":0,"gold_gain":0,"player_choice":"Success","damage_taken":11,"relics_obtained":["Pear"],"max_hp_gain":0,"max_hp_loss":0,"event_name":"Scrap Ooze","floor":5,"gold_loss":0}],"is_beta":false,"boss_relics":[],"items_purged_floors":[],"is_endless":false,"potions_floor_spawned":[1,3,6],"killed_by":"Gremlin Nob","ascension_level":20}}