{"host":"873t0y8ybyo38pfq","time":1608827121,"event":{"mods":["BaseMod","Colored Map","Highlight Path","Minty Spire (QoL Compilation)","Rare Cards Sparkle","StSLib"],"gold_per_floor":[359,376,389,177,177,177,196,23,23,58,58,73,38,59,59,154,154,177,177,197,217,238,238,238,256,256,271,271,292,52,0,0,94,94,119,137,152,1,15,15,348,348,348,348,348,373,373,373,373],"floor_reached":48,"playtime":1581,"items_purged":["Doubt","Strike_G"],"score":1018,"play_id":"bc80be07-4978-4c0a-8965-9d26de7e9c97","local_time":"20201224112521","is_ascension_mode":true,"campfire_choices":[{"data":"Noxious Fumes","floor":6.0,"key":"SMITH"},{"data":"Catalyst","floor":15.0,"key":"SMITH"},{"floor":23.0,"key":"REST"},{"data":"Footwork","floor":28,"key":"SMITH"},{"data":"Sadistic Nature","floor":32,"key":"SMITH"},{"data":"Wraith Form v2","floor":40,"key":"SMITH"},{"data":"Sadistic Nature","floor":42,"key":"SMITH"},{"data":"Neutralize","floor":44,"key":"SMITH"}],"circlet_count":0,"master_deck":["AscendersBane","Strike_G","Strike_G+1","Defend_G","Defend_G","Defend_G","Defend_G","Defend_G","Survivor","Neutralize+1","Noxious Fumes+1","Footwork+1","Deadly Poison+1","Sadistic Nature+1","Blur","Predator+1","Catalyst+1","PiercingWail","Venomology","PiercingWail+1","Acrobatics","Die Die Die+1","Dash+1","Sucker Punch+1","Sadistic Nature+1","Wraith Form v2+1","Noxious Fumes+1","Blur","PiercingWail","PiercingWail","Shame","Setup"],"relics":["Ring of the Snake","Happy Flower","Meat on the Bone","Molten Egg 2","Cursed Key","White Beast Statue","DollysMirror","Velvet Choker","Shovel"],"acts_visited":["TheCity","TheBeyond"],"potions_floor_usage":[25,27,27,29,33,33,35,35,35,36,37,37,39,46,46,48,48],"damage_taken":[{"damage":1.0,"enemies":"Cultist","floor":1.0,"turns":4.0},{"damage":0.0,"enemies":"2 Louse","floor":2.0,"turns":4.0},{"damage":1.0,"enemies":"Small Slimes","floor":3.0,"turns":6.0},{"damage":3.0,"enemies":"Exordium Wildlife","floor":7.0,"turns":4.0},{"damage":8.0,"enemies":"Gremlin Nob","floor":10.0,"turns":3.0},{"damage":1.0,"enemies":"Looter","floor":12.0,"turns":3.0},{"damage":7.0,"enemies":"3 Louse","floor":14.0,"turns":3.0},{"damage":12.0,"enemies":"Hexaghost","floor":16.0,"turns":9.0},{"damage":10.0,"enemies":"Shell Parasite","floor":18.0,"turns":4.0},{"damage":2.0,"enemies":"3 Byrds","floor":20.0,"turns":5.0},{"damage":10.0,"enemies":"Centurion and Healer","floor":21.0,"turns":6.0},{"damage":30.0,"enemies":"Shelled Parasite and Fungi","floor":22.0,"turns":4.0},{"damage":6,"enemies":"Snake Plant","floor":25,"turns":4},{"damage":20,"enemies":"Snecko","floor":27,"turns":6},{"damage":0,"enemies":"Centurion and Healer","floor":29,"turns":4},{"damage":0,"enemies":"Collector","floor":33,"turns":7},{"damage":0,"enemies":"Orb Walker","floor":35,"turns":2},{"damage":16,"enemies":"3 Darklings","floor":36,"turns":4},{"damage":0,"enemies":"4 Shapes","floor":37,"turns":4},{"damage":4,"enemies":"Writhing Mass","floor":39,"turns":5},{"damage":1,"enemies":"Mind Bloom Boss Battle","floor":46,"turns":6},{"damage":54,"enemies":"Nemesis","floor":48,"turns":10}],"seed_played":"-8631529104534899371","potions_obtained":[{"floor":1.0,"key":"LiquidMemories"},{"floor":3.0,"key":"BlessingOfTheForge"},{"floor":10.0,"key":"Poison Potion"},{"floor":16.0,"key":"CunningPotion"},{"floor":18.0,"key":"Fire Potion"},{"floor":20.0,"key":"Fruit Juice"},{"floor":27,"key":"ColorlessPotion"},{"floor":29,"key":"AttackPotion"},{"floor":33,"key":"GamblersBrew"},{"floor":35,"key":"Explosive Potion"},{"floor":36,"key":"Block Potion"},{"floor":37,"key":"GhostInAJar"},{"floor":39,"key":"Poison Potion"},{"floor":46,"key":"ColorlessPotion"}],"is_trial":false,"path_per_floor":["M","M","M","$","?","R","M","$","T","E","?","M","?","M","R","B",null,"M","?","M","M","M","R","?","M","T","M","R","M","$","?","R","B",null,"M","M","M","$","M","R","?","R","T","R","?","?","?","E"],"character_chosen":"THE_SILENT","items_purchased":["Sadistic Nature","Happy Flower","DollysMirror","PiercingWail"],"campfire_rested":1,"item_purchase_floors":[4,8,30,38],"current_hp_per_floor":[58,58,57,57,54,54,51,51,51,43,27,38,51,44,44,32,49,39,39,37,32,14,31,31,37,37,29,29,41,41,41,41,41,55,55,39,39,39,35,35,35,35,35,35,35,34,34,0,0],"gold":373,"neow_bonus":"TWO_FIFTY_GOLD","is_daily":false,"chose_seed":false,"campfire_upgraded":7,"win_rate":0.0,"timestamp":1608827121,"path_taken":["M","?","M","?","?","R","M","$","T","E","?","?","?","M","R","BOSS","M","?","M","M","M","R","?","M","T","M","R","?","$","?","R","BOSS","M","M","M","$","M","R","?","R","T","R","?","?","?","E"],"items_purchased_type":["Card","Relic","Relic","Card"],"build_version":"2020-12-22","purchased_purges":2,"victory":false,"max_hp_per_floor":[60,60,60,60,54,54,54,54,54,54,54,54,54,54,54,54,54,54,54,54,59,59,59,59,59,59,59,59,59,59,59,59,59,59,59,59,59,59,59,59,59,59,59,59,59,59,59,59,59],"card_choices":[{"not_picked":["Terror","Deadly Poison"],"picked":"Noxious Fumes","floor":1.0},{"not_picked":["PiercingWail","Accuracy"],"picked":"Footwork","floor":2.0},{"not_picked":["Blade Dance","Dodge and Roll"],"picked":"Deadly Poison","floor":3.0},{"not_picked":["Skewer","Bane"],"picked":"Blur","floor":7.0},{"not_picked":["Deadly Poison","Sucker Punch+1"],"picked":"Predator+1","floor":10.0},{"not_picked":["Well Laid Plans","Cloak And Dagger"],"picked":"Catalyst","floor":12.0},{"not_picked":["Blade Dance","Flying Knee+1"],"picked":"PiercingWail","floor":14.0},{"not_picked":["Grand Finale+1","Unload+1"],"picked":"Venomology","floor":16.0},{"not_picked":["Tactician+1","Concentrate","Flying Knee+1"],"picked":"SKIP","floor":18.0},{"not_picked":["Endless Agony+1","Flying Knee+1"],"picked":"PiercingWail+1","floor":20.0},{"not_picked":["Slice+1","Sucker Punch+1"],"picked":"Acrobatics","floor":21.0},{"not_picked":["Noxious Fumes","Masterful Stab+1"],"picked":"Die Die Die+1","floor":22.0},{"not_picked":["Riddle With Holes+1","Backstab+1"],"picked":"Dash+1","floor":25},{"not_picked":["Prepared","Skewer+1","Choke+1"],"picked":"SKIP","floor":27},{"not_picked":["Bane+1","Poisoned Stab+1"],"picked":"Sucker Punch+1","floor":29},{"not_picked":["Phantasmal Killer","A Thousand Cuts"],"picked":"Wraith Form v2","floor":33},{"not_picked":["Calculated Gamble","Quick Slash+1"],"picked":"Noxious Fumes+1","floor":35},{"not_picked":["Quick Slash+1","Deflect"],"picked":"Blur","floor":36},{"not_picked":["Masterful Stab+1","Choke+1"],"picked":"PiercingWail","floor":37},{"not_picked":["Deadly Poison","Well Laid Plans","Tactician"],"picked":"SKIP","floor":39}],"player_experience":1346187,"relics_obtained":[{"floor":9.0,"key":"Meat on the Bone"},{"floor":10.0,"key":"Molten Egg 2"},{"floor":26,"key":"White Beast Statue"},{"floor":46,"key":"Shovel"}],"event_choices":[{"damage_healed":0.0,"max_hp_gain":0.0,"max_hp_loss":6.0,"gold_gain":0.0,"event_name":"Golden Idol","player_choice":"Lose Max HP","floor":5.0,"gold_loss":0.0,"damage_taken":0.0,"relics_obtained":["Golden Idol"]},{"damage_healed":0.0,"max_hp_gain":0.0,"max_hp_loss":0.0,"gold_gain":0.0,"event_name":"Shining Light","player_choice":"Entered Light","floor":11.0,"gold_loss":0.0,"damage_taken":16.0,"cards_upgraded":["Deadly Poison","Strike_G"]},{"damage_healed":13.0,"max_hp_gain":0.0,"max_hp_loss":0.0,"gold_gain":0.0,"event_name":"The Cleric","player_choice":"Healed","floor":13.0,"gold_loss":35.0,"damage_taken":0.0},{"damage_healed":0.0,"max_hp_gain":0.0,"max_hp_loss":0.0,"gold_gain":0.0,"event_name":"Ghosts","player_choice":"Ignored","floor":19.0,"gold_loss":0.0,"damage_taken":0.0},{"cards_removed":["Strike_G"],"damage_healed":0.0,"max_hp_gain":0.0,"max_hp_loss":0.0,"gold_gain":0.0,"event_name":"Bonfire Elementals","player_choice":"Offered Basic","floor":24.0,"gold_loss":0.0,"damage_taken":0.0},{"damage_healed":0,"gold_gain":0,"player_choice":"Paid Fearfully","damage_taken":0,"max_hp_gain":0,"max_hp_loss":0,"event_name":"Masked Bandits","floor":31,"gold_loss":52},{"damage_healed":0,"gold_gain":333,"player_choice":"Gave Idol","damage_taken":0,"max_hp_gain":0,"max_hp_loss":0,"event_name":"The Moai Head","floor":41,"relics_lost":["Golden Idol"],"gold_loss":0},{"damage_healed":0,"gold_gain":0,"player_choice":"Ignored","damage_taken":0,"max_hp_gain":0,"max_hp_loss":0,"event_name":"Tomb of Lord Red Mask","floor":45,"gold_loss":0},{"damage_healed":0,"gold_gain":0,"player_choice":"Fight","damage_taken":0,"max_hp_gain":0,"max_hp_loss":0,"event_name":"MindBloom","floor":46,"gold_loss":0},{"damage_healed":0,"gold_gain":0,"cards_transformed":["Strike_G"],"player_choice":"Transformed","damage_taken":0,"max_hp_gain":0,"max_hp_loss":0,"event_name":"Transmorgrifier","floor":47,"gold_loss":0,"cards_obtained":["Setup"]}],"is_beta":false,"boss_relics":[{"not_picked":["Calling Bell","Fusion Hammer"],"picked":"Cursed Key"},{"not_picked":["Snecko Eye","WristBlade"],"picked":"Velvet Choker"}],"items_purged_floors":[30,38],"is_endless":false,"potions_floor_spawned":[1,3,10,16,18,20,27,29,33,35,36,37,39,46],"killed_by":"Nemesis","ascension_level":20}}