{"host":"zjc1tzo4ovig5lll","time":1608797655,"event":{"mods":["AchievementEnabler","Aspiration","BaseMod","Beaked The Cultist","Better Altar","Better Match","Better Note","Better Sensory Stone","Colored Map","Colored Powertips","Conspire","Energized Spire","Friendly Minions","GifTheSpireLib","Halation","Hermit","Hubris","Minty Spire (QoL Compilation)","Rare Cards Sparkle","Replay The Spire","Spikes Relics","StSLib","Stuff the Spire","The Bug Knight","The Construct","The Jungle","The Servant 0.9.4","everything is the same but u backflip on backflip","vexMod"],"gold_per_floor":[109,109,123,133,147,147,180,194,242,242,252,252,272,283,283,283,283],"floor_reached":16,"playtime":590,"items_purged":[],"score":111,"play_id":"d208ffdf-a458-483f-8291-d32b329dd482","local_time":"20201224101415","is_ascension_mode":true,"campfire_choices":[{"data":"ReplayTheSpireMod:Muscle Training","floor":6,"key":"SMITH"},{"floor":10,"key":"REST"},{"floor":12,"key":"REST"},{"floor":15,"key":"REST"}],"circlet_count":0,"master_deck":["Strike_R","Strike_R","Strike_R","Strike_R","Strike_R","Defend_R","Defend_R","Defend_R","Defend_R","Bash","Pain","Metallicize","ReplayTheSpireMod:Muscle Training+1","Shrug It Off"],"relics":["Burning Blood","WarpedTongs","InkBottle"],"acts_visited":["Exordium"],"potions_floor_usage":[],"damage_taken":[{"damage":5,"enemies":"Jaw Worm","floor":1,"turns":5},{"damage":5,"enemies":"Cultist","floor":3,"turns":4},{"damage":2,"enemies":"conspire:RoseBush","floor":4,"turns":4},{"damage":20,"enemies":"Exordium Thugs","floor":5,"turns":6},{"damage":63,"enemies":"Gremlin Nob","floor":7,"turns":7},{"damage":14,"enemies":"Looter","floor":8,"turns":4},{"damage":17,"enemies":"Large Slime","floor":11,"turns":8},{"damage":9,"enemies":"2 Fungi Beasts","floor":13,"turns":4},{"damage":16,"enemies":"Exordium Thugs","floor":14,"turns":7},{"damage":68,"enemies":"Hexaghost","floor":16,"turns":11}],"seed_played":"7585422192601775466","potions_obtained":[],"is_trial":false,"path_per_floor":["M","?","M","M","M","R","E","M","T","R","M","R","M","M","R","B"],"character_chosen":"IRONCLAD","items_purchased":[],"campfire_rested":3,"item_purchase_floors":[],"current_hp_per_floor":[88,88,88,88,74,74,17,9,9,35,24,50,47,37,63,0,0],"gold":283,"neow_bonus":"TEN_PERCENT_HP_BONUS","is_daily":false,"chose_seed":false,"campfire_upgraded":1,"win_rate":0.0,"timestamp":1608797655,"path_taken":["M","?","M","M","M","R","E","M","T","R","M","R","M","?","R","BOSS"],"items_purchased_type":[],"build_version":"2020-12-22","purchased_purges":0,"victory":false,"max_hp_per_floor":[88,88,88,88,88,88,88,88,88,88,88,88,88,88,88,88,88],"card_choices":[{"not_picked":["Twin Strike","Second Wind","Flex"],"picked":"SKIP","floor":1},{"not_picked":["Pommel Strike","StuffTheSpire:Incineration"],"picked":"Metallicize","floor":3},{"not_picked":["Disarm","Twin Strike"],"picked":"ReplayTheSpireMod:Muscle Training","floor":4},{"not_picked":["Pummel","Sever Soul","Massacre"],"picked":"SKIP","floor":5},{"not_picked":["ReplayTheSpireMod:LeadingStrike","Sever Soul","Seeing Red"],"picked":"SKIP","floor":7},{"not_picked":["StuffTheSpire:RagingBull","Warcry","ReplayTheSpireMod:LeadingStrike"],"picked":"SKIP","floor":8},{"not_picked":["Power Through","Fiend Fire"],"picked":"Shrug It Off","floor":11},{"not_picked":["StuffTheSpire:RockThrow","Clash","ReplayTheSpireMod:Stacked"],"picked":"SKIP","floor":13},{"not_picked":["Shrug It Off","Spot Weakness","Perfected Strike"],"picked":"SKIP","floor":14}],"player_experience":582439,"relics_obtained":[{"floor":7,"key":"InkBottle"}],"event_choices":[{"damage_healed":0,"gold_gain":0,"player_choice":"Rummage","damage_taken":0,"relics_obtained":["WarpedTongs"],"max_hp_gain":0,"max_hp_loss":0,"event_name":"Accursed Blacksmith","floor":2,"gold_loss":0,"cards_obtained":["Pain"]}],"is_beta":false,"boss_relics":[],"items_purged_floors":[],"is_endless":false,"potions_floor_spawned":[3,5,8,11],"killed_by":"Hexaghost","ascension_level":1}}