{"host":"hgkb2zpbo2dcws21","time":1608820474,"event":{"mods":["AchievementEnabler","BaseMod","Colored Map","Colored Powertips","Custom Start","DeckTracker","KOR Keyword Fix","Minty Spire (QoL Compilation)","Relic Stats","StSLib","SuperFastMode"],"gold_per_floor":[18,18,41,56,79,79,123,48,48,88,238,68,68,68,68,161,161,177,177,97,122,40,40,78,78,101,140,140,140,165,180,180,180,180],"floor_reached":33,"playtime":659,"items_purged":["Strike_P","Doubt"],"score":550,"play_id":"8161b1b5-edcb-4d9b-a26c-afaae0d17562","local_time":"20201224233434","is_ascension_mode":true,"campfire_choices":[{"data":"Eruption","floor":6.0,"key":"SMITH"},{"data":"ConjureBlade","floor":13.0,"key":"SMITH"},{"data":"Tantrum","floor":15.0,"key":"SMITH"},{"floor":23.0,"key":"REST"},{"data":"Meditate","floor":25.0,"key":"SMITH"},{"floor":29.0,"key":"REST"},{"data":"MentalFortress","floor":32.0,"key":"SMITH"}],"circlet_count":0,"master_deck":["AscendersBane","Strike_P","Strike_P","Defend_P","Defend_P","Defend_P","Defend_P","Eruption+1","Vigilance","ConjureBlade+1","Tantrum+1","FlurryOfBlows","Consecrate","FearNoEvil","Establishment","Meditate+1","MentalFortress+1","EmptyMind","MentalFortress"],"relics":["PureWater","Golden Idol","Toy Ornithopter","White Beast Statue","Bottled Flame","Boot","Runic Pyramid","Singing Bowl","Blood Vial","Sundial","Eternal Feather"],"acts_visited":["Exordium","TheCity"],"potions_floor_usage":[],"damage_taken":[{"damage":6.0,"enemies":"Cultist","floor":1.0,"turns":3.0},{"damage":7.0,"enemies":"Jaw Worm","floor":4.0,"turns":4.0},{"damage":0.0,"enemies":"2 Louse","floor":5.0,"turns":1.0},{"damage":0.0,"enemies":"Lagavulin","floor":7.0,"turns":3.0},{"damage":10.0,"enemies":"3 Sentries","floor":10.0,"turns":3.0},{"damage":32.0,"enemies":"The Guardian","floor":16.0,"turns":9.0},{"damage":31.0,"enemies":"2 Thieves","floor":18.0,"turns":3.0},{"damage":0.0,"enemies":"Chosen","floor":21.0,"turns":4.0},{"damage":4.0,"enemies":"Gremlin Leader","floor":24.0,"turns":5.0},{"damage":19.0,"enemies":"Slavers","floor":27.0,"turns":4.0},{"damage":10.0,"enemies":"3 Cultists","floor":30.0,"turns":4.0},{"damage":6.0,"enemies":"Snecko","floor":31.0,"turns":3.0},{"damage":46,"enemies":"Collector","floor":33,"turns":3}],"seed_played":"-265427558810505943","potions_obtained":[{"floor":1.0,"key":"Strength Potion"},{"floor":10.0,"key":"BottledMiracle"},{"floor":16.0,"key":"Weak Potion"},{"floor":18.0,"key":"CultistPotion"},{"floor":24.0,"key":"DuplicationPotion"},{"floor":31.0,"key":"PowerPotion"}],"is_trial":false,"path_per_floor":["M","?","T","M","M","R","E","$","T","E","?","$","R","?","R","B",null,"M","?","$","M","$","R","E","R","T","E","T","R","M","M","R","B"],"character_chosen":"WATCHER","items_purchased":["FearNoEvil","MentalFortress","MentalFortress"],"campfire_rested":2,"item_purchase_floors":[12,20,22],"current_hp_per_floor":[55,55,55,48,48,48,48,48,48,43,43,43,43,36,36,9,49,18,12,12,12,12,30,28,28,28,13,13,41,35,33,42,0,0],"gold":180,"neow_bonus":"THREE_RARE_CARDS","is_daily":false,"chose_seed":false,"campfire_upgraded":5,"win_rate":0.0,"timestamp":1608820474,"path_taken":["M","?","?","?","M","R","E","?","T","E","?","$","R","?","R","BOSS","M","?","$","M","?","R","E","R","T","E","?","R","?","M","R","BOSS"],"items_purchased_type":["Card","Card","Card"],"build_version":"2020-12-22","purchased_purges":2,"victory":false,"max_hp_per_floor":[68,62,62,62,62,62,62,62,62,62,62,62,62,62,62,62,62,62,62,62,62,62,62,64,64,64,66,66,66,68,70,70,70,70],"relic_stats":{"Blood Vial":8,"Singing Bowl":8,"counters":[13,49],"Golden Idol":79,"Sundial":[0],"Eternal Feather":18,"Boot":[76],"obtain_stats":[{"Blood Vial":26,"Bottled Flame":9,"Singing Bowl":24,"Golden Idol":2,"Sundial":27,"Eternal Feather":28,"PureWater":0,"Boot":10,"Toy Ornithopter":3,"White Beast Statue":7,"Runic Pyramid":17},{"Blood Vial":9,"Bottled Flame":4,"Singing Bowl":9,"Golden Idol":1,"Sundial":10,"Eternal Feather":10,"PureWater":0,"Boot":5,"Toy Ornithopter":1,"White Beast Statue":4,"Runic Pyramid":6},{"Blood Vial":35,"Bottled Flame":11,"Singing Bowl":35,"Golden Idol":3,"Sundial":39,"Eternal Feather":39,"PureWater":0,"Boot":14,"Toy Ornithopter":3,"White Beast Statue":11,"Runic Pyramid":23}],"Toy Ornithopter":10},"card_choices":[{"not_picked":["SpiritShield","Blasphemy"],"picked":"ConjureBlade","floor":0.0},{"not_picked":["WreathOfFlame","PathToVictory"],"picked":"Tantrum","floor":1.0},{"not_picked":["FlyingSleeves","ReachHeaven","Protect"],"picked":"SKIP","floor":4.0},{"not_picked":["Protect","CutThroughFate"],"picked":"FlurryOfBlows","floor":5.0},{"not_picked":["Halt","FlurryOfBlows","Omniscience"],"picked":"SKIP","floor":7.0},{"not_picked":["FlurryOfBlows","ThirdEye"],"picked":"Consecrate","floor":10.0},{"not_picked":["Judgement","MasterReality"],"picked":"Establishment","floor":16.0},{"not_picked":["ClearTheMind","ThirdEye","Meditate"],"picked":"SKIP","floor":18.0},{"not_picked":["ClearTheMind","ThirdEye"],"picked":"Meditate","floor":18.0},{"not_picked":["ReachHeaven","FollowUp"],"picked":"EmptyMind","floor":21.0},{"not_picked":["Perseverance","EmptyFist","Protect"],"picked":"Singing Bowl","floor":24.0},{"not_picked":["WindmillStrike","SandsOfTime","EmptyFist"],"picked":"Singing Bowl","floor":27.0},{"not_picked":["Nirvana","Sanctity","Crescendo"],"picked":"Singing Bowl","floor":30.0},{"not_picked":["Vengeance","CutThroughFate","Evaluate"],"picked":"Singing Bowl","floor":31.0}],"player_experience":1104944,"relics_obtained":[{"floor":3.0,"key":"Toy Ornithopter"},{"floor":7.0,"key":"White Beast Statue"},{"floor":9.0,"key":"Bottled Flame"},{"floor":10.0,"key":"Boot"},{"floor":24.0,"key":"Singing Bowl"},{"floor":26.0,"key":"Blood Vial"},{"floor":27.0,"key":"Sundial"},{"floor":28.0,"key":"Eternal Feather"}],"event_choices":[{"damage_healed":0.0,"max_hp_gain":0.0,"max_hp_loss":6.0,"gold_gain":0.0,"event_name":"Golden Idol","player_choice":"Lose Max HP","floor":2.0,"gold_loss":0.0,"damage_taken":0.0,"relics_obtained":["Golden Idol"]},{"damage_healed":0.0,"max_hp_gain":0.0,"max_hp_loss":0.0,"gold_gain":150.0,"event_name":"Liars Game","player_choice":"AGREE","floor":11.0,"gold_loss":0.0,"damage_taken":0.0,"cards_obtained":["Doubt"]},{"cards_removed":["Strike_P"],"damage_healed":0.0,"max_hp_gain":0.0,"max_hp_loss":0.0,"gold_gain":0.0,"event_name":"Golden Wing","player_choice":"Card Removal","floor":14.0,"gold_loss":0.0,"damage_taken":7.0},{"damage_healed":0.0,"max_hp_gain":0.0,"max_hp_loss":0.0,"gold_gain":0.0,"event_name":"Knowing Skull","player_choice":"","floor":19.0,"potions_obtained":[],"gold_loss":0.0,"damage_taken":6.0,"cards_obtained":[]}],"is_beta":false,"boss_relics":[{"not_picked":["Philosopher\u0027s Stone","Astrolabe"],"picked":"Runic Pyramid"}],"items_purged_floors":[8,12],"is_endless":false,"potions_floor_spawned":[1,10,16,18,21,24,27,30,31],"killed_by":"Collector","ascension_level":15}}