{"host":"gx7yyrn1gkym3qpb","time":1608790125,"event":{"mods":["AchievementEnabler","BaseMod","Better Altar","Better Match","Better Note","Better Sensory Stone","Better Skull","Better Third Choice","Hubris","Minty Spire (QoL Compilation)","Permanent Neow","StSLib","Unceasing Turn Reminder"],"gold_per_floor":[117,137,137,150,169,197,197,224,304,321,335,335,156,189,189,265,265,276,276,286,302,326,326,352,352,352,45,62,62,62,77,77,154,154,171,184,202,80,80,80,80,80,80,80,80,80,100,111,111,111],"floor_reached":51,"playtime":3080,"items_purged":["Strike_G","Strike_G","Strike_G","Strike_G","Strike_G"],"score":1184,"play_id":"e43d1484-dd77-408e-84da-b14aaed22bcf","local_time":"20201224010845","is_ascension_mode":true,"campfire_choices":[{"data":"Deadly Poison","floor":7.0,"key":"SMITH"},{"data":"Crippling Poison","floor":12.0,"key":"SMITH"},{"floor":15.0,"key":"REST"},{"floor":23.0,"key":"REST"},{"floor":25.0,"key":"REST"},{"data":"Wraith Form v2","floor":30.0,"key":"SMITH"},{"data":"Catalyst","floor":32.0,"key":"SMITH"},{"data":"Catalyst","floor":40,"key":"SMITH"},{"data":"Crippling Poison","floor":42,"key":"SMITH"},{"floor":46,"key":"REST"},{"data":"Noxious Fumes","floor":49,"key":"SMITH"}],"circlet_count":0,"master_deck":["AscendersBane","Defend_G","Defend_G","Defend_G","Defend_G","Defend_G","Survivor","Neutralize","Flash of Steel","Dagger Spray","Deadly Poison+1","Deadly Poison","Crippling Poison+1","Catalyst+1","Adrenaline","Flechettes","Bullet Time","Crippling Poison+1","Catalyst+1","PiercingWail","PiercingWail","Noxious Fumes+1","Wraith Form v2+1","Corpse Explosion","Defend_G","Catalyst+1"],"relics":["Ring of the Serpent","Gremlin Horn","Orichalcum","Lantern","The Courier","Regal Pillow","Ginger","SlaversCollar","Ancient Tea Set","Ice Cream","Omamori","Bottled Lightning","DollysMirror","hubris:Icosahedron","Singing Bowl","hubris:Towel","FossilizedHelix"],"acts_visited":["Exordium","TheCity","TheBeyond"],"potions_floor_usage":[35],"damage_taken":[{"damage":0.0,"enemies":"Cultist","floor":1.0,"turns":4.0},{"damage":0.0,"enemies":"Small Slimes","floor":2.0,"turns":5.0},{"damage":3.0,"enemies":"Jaw Worm","floor":4.0,"turns":5.0},{"damage":2.0,"enemies":"Large Slime","floor":5.0,"turns":4.0},{"damage":24.0,"enemies":"3 Sentries","floor":6.0,"turns":8.0},{"damage":13.0,"enemies":"Gremlin Nob","floor":8.0,"turns":4.0},{"damage":0.0,"enemies":"3 Louse","floor":10.0,"turns":2.0},{"damage":1.0,"enemies":"Red Slaver","floor":11.0,"turns":4.0},{"damage":1.0,"enemies":"Lagavulin","floor":14.0,"turns":5.0},{"damage":30.0,"enemies":"Slime Boss","floor":16.0,"turns":8.0},{"damage":15.0,"enemies":"Spheric Guardian","floor":18.0,"turns":5.0},{"damage":3.0,"enemies":"Shell Parasite","floor":20.0,"turns":4.0},{"damage":32.0,"enemies":"Cultist and Chosen","floor":21.0,"turns":6.0},{"damage":32.0,"enemies":"Book of Stabbing","floor":24.0,"turns":5.0},{"damage":7.0,"enemies":"Shelled Parasite and Fungi","floor":28.0,"turns":4.0},{"damage":4.0,"enemies":"Centurion and Healer","floor":31.0,"turns":5.0},{"damage":7.0,"enemies":"Champ","floor":33.0,"turns":8.0},{"damage":1,"enemies":"3 Darklings","floor":35,"turns":3},{"damage":0,"enemies":"Orb Walker","floor":36,"turns":4},{"damage":3,"enemies":"4 Shapes","floor":37,"turns":4},{"damage":0,"enemies":"Maw","floor":47,"turns":3},{"damage":0,"enemies":"Writhing Mass","floor":48,"turns":3},{"damage":28,"enemies":"Time Eater","floor":50,"turns":6}],"seed_played":"8283205960511348656","potions_obtained":[{"floor":1.0,"key":"BlessingOfTheForge"},{"floor":2.0,"key":"FearPotion"},{"floor":6.0,"key":"Dexterity Potion"},{"floor":10.0,"key":"Strength Potion"},{"floor":14.0,"key":"Strength Potion"},{"floor":21.0,"key":"SpeedPotion"},{"floor":33.0,"key":"GhostInAJar"},{"floor":37,"key":"Fire Potion"},{"floor":47,"key":"DistilledChaos"}],"is_trial":false,"path_per_floor":["M","M","T","M","M","E","R","E","T","M","M","R","$","E","R","B",null,"M","?","M","M","T","R","E","R","T","$","M","?","R","M","R","B",null,"M","M","M","$","?","R","$","R","T","?","$","R","M","M","R","B",null],"character_chosen":"THE_SILENT","items_purchased":["Regal Pillow","Bottled Lightning","Noxious Fumes","DollysMirror","FossilizedHelix"],"campfire_rested":4,"item_purchase_floors":[13,27,27,38,45],"current_hp_per_floor":[59,59,59,56,54,30,30,17,17,17,16,16,16,15,49,19,54,39,39,36,4,4,38,6,40,40,40,33,33,33,29,29,22,55,54,54,51,51,51,51,51,51,51,51,10,44,46,48,48,20],"gold":111,"neow_bonus":"RANDOM_COLORLESS","is_daily":false,"chose_seed":false,"campfire_upgraded":7,"win_rate":0.0,"timestamp":1608790125,"path_taken":["M","M","?","M","M","E","R","E","T","M","M","R","$","E","R","BOSS","M","?","M","M","?","R","E","R","T","$","M","?","R","M","R","BOSS","M","M","M","$","?","R","$","R","T","?","?","R","M","M","R","BOSS"],"items_purchased_type":["Relic","Relic","Card","Relic","Relic"],"build_version":"2020-12-22","purchased_purges":5,"victory":true,"max_hp_per_floor":[66,66,66,66,66,66,66,66,66,66,66,66,66,66,66,66,66,66,66,66,66,66,66,66,66,66,66,66,66,66,66,66,66,66,66,66,66,66,66,66,66,66,66,66,66,66,68,70,70,70],"card_choices":[{"not_picked":["Blind","Swift Strike"],"picked":"Flash of Steel","floor":0.0},{"not_picked":["Dodge and Roll","Concentrate","Underhanded Strike"],"picked":"SKIP","floor":1.0},{"not_picked":["Slice","Underhanded Strike"],"picked":"Dagger Spray","floor":2.0},{"not_picked":["Slice","Setup"],"picked":"Deadly Poison","floor":4.0},{"not_picked":["Cloak And Dagger","Eviscerate"],"picked":"Deadly Poison","floor":5.0},{"not_picked":["Dagger Throw","Bane"],"picked":"Crippling Poison","floor":6.0},{"not_picked":["Cloak And Dagger","Heel Hook","Prepared"],"picked":"SKIP","floor":8.0},{"not_picked":["Deadly Poison","Reflex"],"picked":"Catalyst","floor":10.0},{"not_picked":["PiercingWail","Bane"],"picked":"Adrenaline","floor":11.0},{"not_picked":["Terror","Endless Agony"],"picked":"Flechettes","floor":14.0},{"not_picked":["Phantasmal Killer","Venomology"],"picked":"Bullet Time","floor":16.0},{"not_picked":["Distraction","Prepared"],"picked":"Crippling Poison","floor":18.0},{"not_picked":["Poisoned Stab","Outmaneuver"],"picked":"PiercingWail","floor":20.0},{"not_picked":["Deadly Poison","Flying Knee","Prepared"],"picked":"SKIP","floor":21.0},{"not_picked":["Backflip","Dash"],"picked":"PiercingWail","floor":24.0},{"not_picked":["Reflex","Bane","Quick Slash"],"picked":"SKIP","floor":28.0},{"not_picked":["Endless Agony","Bullet Time","Outmaneuver"],"picked":"SKIP","floor":31.0},{"not_picked":["Venomology","Doppelganger"],"picked":"Corpse Explosion","floor":33.0},{"not_picked":["Crippling Poison","Blade Dance","PiercingWail"],"picked":"SKIP","floor":35},{"not_picked":["Endless Agony","Flying Knee+1","Well Laid Plans"],"picked":"SKIP","floor":36},{"not_picked":["Noxious Fumes","Bouncing Flask","Endless Agony+1"],"picked":"SKIP","floor":37},{"not_picked":["Backflip+1","Dash","Flechettes"],"picked":"Singing Bowl","floor":47},{"not_picked":["Well Laid Plans","Crippling Poison","Prepared"],"picked":"Singing Bowl","floor":48}],"player_experience":354274,"relics_obtained":[{"floor":3.0,"key":"Gremlin Horn"},{"floor":6.0,"key":"Orichalcum"},{"floor":8.0,"key":"Lantern"},{"floor":9.0,"key":"The Courier"},{"floor":14.0,"key":"Ginger"},{"floor":22.0,"key":"Ancient Tea Set"},{"floor":24.0,"key":"Ice Cream"},{"floor":26.0,"key":"Omamori"},{"floor":43,"key":"Singing Bowl"}],"event_choices":[{"damage_healed":0.0,"max_hp_gain":0.0,"max_hp_loss":0.0,"gold_gain":0.0,"event_name":"Duplicator","player_choice":"Copied","floor":19.0,"gold_loss":0.0,"damage_taken":0.0,"cards_obtained":["Catalyst"]},{"cards_removed":["Adrenaline"],"damage_healed":0.0,"max_hp_gain":0.0,"max_hp_loss":0.0,"gold_gain":0.0,"event_name":"betterNote:BetterNote","player_choice":"Take \u0026 Give","floor":29.0,"gold_loss":0.0,"damage_taken":0.0,"cards_obtained":["Wraith Form v2"]}],"is_beta":false,"boss_relics":[{"not_picked":["Cursed Key","Runic Dome"],"picked":"SlaversCollar"},{"not_picked":["Pandora\u0027s Box","Astrolabe"],"picked":"Ring of the Serpent"}],"items_purged_floors":[13,27,45,45,45],"is_endless":false,"potions_floor_spawned":[1,2,6,10,11,14,21,33,37,47],"ascension_level":15}}