{"host":"BK","time":1608853441,"event":{"mods":["BaseMod","Highlight Path","Minty Spire (QoL Compilation)","StSLib"],"gold_per_floor":[114,134,31,41,41,41,67,67,91,107,107,136,147,162,162,162,162],"floor_reached":16,"playtime":596,"items_purged":["Strike_R"],"score":224,"play_id":"ec4bca6b-fe7d-4e56-9f1a-21659b217c2e","local_time":"20201224164401","is_ascension_mode":true,"campfire_choices":[{"data":"Hemokinesis","floor":6,"key":"SMITH"},{"floor":11,"key":"REST"},{"floor":15,"key":"REST"}],"circlet_count":0,"master_deck":["AscendersBane","Strike_R","Strike_R","Strike_R","Defend_R","Defend_R","Defend_R","Defend_R","Bash","Anger","Hemokinesis+1","Sword Boomerang","Armaments","Cleave","Feed"],"relics":["Mark of Pain","Bronze Scales","Orichalcum","Omamori"],"acts_visited":["Exordium"],"potions_floor_usage":[12,13,16],"damage_taken":[{"damage":7,"enemies":"2 Louse","floor":1,"turns":2},{"damage":1,"enemies":"Cultist","floor":2,"turns":3},{"damage":4,"enemies":"Small Slimes","floor":4,"turns":4},{"damage":59,"enemies":"3 Sentries","floor":7,"turns":9},{"damage":11,"enemies":"Red Slaver","floor":10,"turns":2},{"damage":21,"enemies":"Lagavulin","floor":12,"turns":6},{"damage":0,"enemies":"2 Fungi Beasts","floor":13,"turns":2},{"damage":8,"enemies":"Exordium Thugs","floor":14,"turns":5},{"damage":48,"enemies":"Slime Boss","floor":16,"turns":8}],"seed_played":"6203036176030694962","potions_obtained":[{"floor":2,"key":"EssenceOfSteel"},{"floor":4,"key":"FairyPotion"},{"floor":10,"key":"BlessingOfTheForge"},{"floor":12,"key":"Explosive Potion"}],"is_trial":false,"path_per_floor":["M","M","$","M","?","R","E","?","T","M","R","E","M","M","R","B"],"character_chosen":"IRONCLAD","items_purchased":["Sword Boomerang"],"campfire_rested":2,"item_purchase_floors":[3],"current_hp_per_floor":[61,60,60,56,61,61,2,2,2,22,46,25,25,17,41,0,0],"gold":162,"neow_bonus":"BOSS_RELIC","is_daily":false,"chose_seed":false,"campfire_upgraded":1,"win_rate":0.0,"timestamp":1608853441,"path_taken":["M","M","$","M","?","R","E","?","T","M","R","E","M","?","R","BOSS"],"items_purchased_type":["Card"],"build_version":"2020-12-18","purchased_purges":1,"victory":false,"max_hp_per_floor":[75,75,75,75,80,80,80,80,80,80,80,80,80,80,80,80,80],"card_choices":[{"not_picked":["True Grit","Second Wind"],"picked":"Anger","floor":1},{"not_picked":["Thunderclap","Power Through"],"picked":"Hemokinesis","floor":2},{"not_picked":["Sword Boomerang","Heavy Blade","Iron Wave"],"picked":"SKIP","floor":4},{"not_picked":["Anger","Headbutt"],"picked":"Armaments","floor":7},{"not_picked":["Sword Boomerang","Wild Strike","Power Through"],"picked":"SKIP","floor":10},{"not_picked":["Whirlwind","Rupture"],"picked":"Feed","floor":12},{"not_picked":["Armaments","Anger","Flex"],"picked":"SKIP","floor":13},{"not_picked":["Body Slam","Rupture","Seeing Red"],"picked":"SKIP","floor":14}],"player_experience":2415665,"relics_obtained":[{"floor":7,"key":"Bronze Scales"},{"floor":9,"key":"Orichalcum"},{"floor":12,"key":"Omamori"}],"event_choices":[{"damage_healed":0,"gold_gain":0,"player_choice":"Donut","damage_taken":0,"max_hp_gain":5,"max_hp_loss":0,"event_name":"Big Fish","floor":5,"gold_loss":0},{"damage_healed":0,"gold_gain":0,"cards_transformed":["Strike_R"],"player_choice":"Transformed","damage_taken":0,"max_hp_gain":0,"max_hp_loss":0,"event_name":"Transmorgrifier","floor":8,"gold_loss":0,"cards_obtained":["Cleave"]}],"is_beta":true,"boss_relics":[],"items_purged_floors":[3],"is_endless":false,"potions_floor_spawned":[2,4,10,12],"killed_by":"Slime Boss","ascension_level":20}}