{"host":"mytek2nu1hrzdnew","time":1608845019,"event":{"mods":["Aspiration","BaseMod","ChefMod","Conspire","GifTheSpireLib","Gold Saver","Hubris","Minty Spire (QoL Compilation)","Replay The Spire","StSLib","Stuff the Spire"],"gold_per_floor":[1077,1096,1110,1110,846,846,873,873,873,603,603,603,603,637,637,738,738,748,767,692,705,721,721,721,737,761,761,774,774,774],"floor_reached":29,"playtime":2072,"items_purged":["chefmod:Strike"],"score":233,"play_id":"2b5a538b-77ba-4d11-8ffd-f09d5bb78686","local_time":"20201224162339","is_ascension_mode":false,"campfire_choices":[{"data":"chefmod:FireUp","floor":6,"key":"SMITH"},{"floor":8,"key":"REST"},{"data":"chefmod:QuickThaw","floor":11,"key":"SMITH"},{"floor":15,"key":"REST"},{"floor":23,"key":"REST"},{"floor":27,"key":"REST"}],"circlet_count":0,"master_deck":["chefmod:Strike","chefmod:Strike","chefmod:Strike","chefmod:Strike","chefmod:Defend","chefmod:Defend","chefmod:Defend","chefmod:QuickThaw+1","chefmod:TodaysSpecial","chefmod:FireUp+1","chefmod:FiveAlarmChili","chefmod:FiveAlarmChili+1","chefmod:DinoKale","chefmod:KnifeFlurry","chefmod:KnifeFlurry","chefmod:Fillet","chefmod:Fillet","chefmod:FullBurn","chefmod:LocoMoco","chefmod:OldCookbook","chefmod:FryPan","chefmod:BananaSplit","chefmod:IcePick","chefmod:NoSoupForYou","chefmod:OldCookbook"],"relics":["chefmod:TrustyPot","Dream Catcher","Lantern","Happy Flower","Replay:Rubber Ducky","aspiration:ChemicalBlood","aspiration:IroncladSkillbook","FaceOfCleric","Juzu Bracelet"],"acts_visited":["Exordium","TheCity"],"potions_floor_usage":[16,16,16,18,21,21,21,25,25,28,29,29],"damage_taken":[{"damage":3,"enemies":"Jaw Worm","floor":1,"turns":5},{"damage":9,"enemies":"conspire:RoseBush","floor":2,"turns":4},{"damage":0,"enemies":"2 Louse","floor":3,"turns":3},{"damage":19,"enemies":"Gremlin Nob","floor":7,"turns":5},{"damage":11,"enemies":"3 Sentries","floor":14,"turns":4},{"damage":48,"enemies":"The Guardian","floor":16,"turns":10},{"damage":30,"enemies":"3 Byrds","floor":18,"turns":5},{"damage":6,"enemies":"Spheric Guardian","floor":19,"turns":5},{"damage":40,"enemies":"Snake Plant","floor":21,"turns":6},{"damage":25,"enemies":"Shelled Parasite and Fungi","floor":22,"turns":7},{"damage":12,"enemies":"Centurion and Healer","floor":25,"turns":5},{"damage":53,"enemies":"Cultist and Chosen","floor":28,"turns":8},{"damage":10,"enemies":"Shelled Parasite and Fungi","floor":29,"turns":2}],"seed_played":"5954704934480673769","potions_obtained":[{"floor":2,"key":"Block Potion"},{"floor":3,"key":"Swift Potion"},{"floor":14,"key":"chefmod:PotionOfPlenty"},{"floor":22,"key":"Explosive Potion"},{"floor":28,"key":"Energy Potion"}],"is_trial":false,"path_per_floor":["M","M","M","?","$","R","E","R","T","$","R","?","?","E","R","B",null,"M","M","$","M","M","R","?","M","T","R","M","M"],"character_chosen":"THE_CHEF","items_purchased":["chefmod:DinoKale","chefmod:KnifeFlurry","Dream Catcher","chefmod:FullBurn","chefmod:LocoMoco","Replay:Rubber Ducky"],"campfire_rested":4,"item_purchase_floors":[5,5,5,10,10,10],"current_hp_per_floor":[80,71,71,71,71,71,52,76,76,76,76,76,79,68,86,38,86,60,58,58,34,13,38,38,31,31,57,9,0,0],"gold":774,"neow_bonus":"TEN_PERCENT_HP_BONUS","is_daily":false,"chose_seed":false,"campfire_upgraded":2,"win_rate":0.0,"timestamp":1608845019,"path_taken":["M","M","M","?","$","R","E","R","T","$","R","?","?","E","R","BOSS","M","M","$","M","M","R","?","M","T","R","M","M"],"items_purchased_type":["Card","Card","Relic","Card","Card","Relic"],"build_version":"2020-12-22","purchased_purges":1,"victory":false,"max_hp_per_floor":[83,83,83,83,83,83,83,83,83,83,83,83,86,86,86,86,86,86,86,86,86,86,86,86,87,87,87,88,88,88],"card_choices":[{"not_picked":["chefmod:Chop","chefmod:Gelato"],"picked":"chefmod:FireUp","floor":1},{"not_picked":["chefmod:Sorbet","chefmod:CandyBowl"],"picked":"chefmod:FiveAlarmChili","floor":2},{"not_picked":["chefmod:Gelato","chefmod:ColdSteel"],"picked":"chefmod:SliceAndDice","floor":3},{"not_picked":["chefmod:AlooGobi","chefmod:OrderUp"],"picked":"chefmod:Fillet","floor":7},{"not_picked":["chefmod:ZaruSoba","chefmod:DinoKale"],"picked":"chefmod:Fillet","floor":8},{"not_picked":["chefmod:HotSoup","chefmod:IcePick"],"picked":"chefmod:OldCookbook","floor":14},{"not_picked":["chefmod:DinoKale","chefmod:ZaruSoba"],"picked":"chefmod:FryPan","floor":15},{"not_picked":["chefmod:Mince","chefmod:FrozenTuna"],"picked":"chefmod:BananaSplit","floor":16},{"not_picked":["chefmod:HotSoup","chefmod:Chop","Thunderclap+1"],"picked":"chefmod:IcePick","floor":18},{"not_picked":["ReplayTheSpireMod:Limb From Limb","chefmod:SaveForLater","Body Slam","Havoc+1"],"picked":"SKIP","floor":19},{"not_picked":["StuffTheSpire:Pyroclast","Hemokinesis","chefmod:KnifeFlurry","hubris:ReadiedAction"],"picked":"SKIP","floor":21},{"not_picked":["Wild Strike","chefmod:CleanHouse","chefmod:HotSoup","Exhume"],"picked":"SKIP","floor":22},{"not_picked":["Shrug It Off","chefmod:HotSoup","Replay:Undeath\u0027s Touch+1"],"picked":"chefmod:NoSoupForYou","floor":23},{"not_picked":["Bloodletting","chefmod:SliceAndDice+1","Body Slam","Disarm"],"picked":"SKIP","floor":25},{"not_picked":["chefmod:FarmersMarket","Twin Strike+1","Sword Boomerang+1"],"picked":"chefmod:OldCookbook","floor":28}],"player_experience":923138,"relics_obtained":[{"floor":7,"key":"Lantern"},{"floor":9,"key":"Happy Flower"},{"floor":14,"key":"aspiration:ChemicalBlood"},{"floor":26,"key":"Juzu Bracelet"}],"event_choices":[{"damage_healed":0,"gold_gain":0,"player_choice":"Trade","damage_taken":0,"relics_obtained":["FaceOfCleric"],"max_hp_gain":0,"max_hp_loss":0,"event_name":"FaceTrader","floor":24,"gold_loss":0}],"is_beta":false,"boss_relics":[{"not_picked":["aspiration:FutureDiary","Replay:Drink Me"],"picked":"aspiration:IroncladSkillbook"}],"items_purged_floors":[20],"is_endless":false,"potions_floor_spawned":[2,3,14,22,28],"killed_by":"Shelled Parasite and Fungi","ascension_level":0}}