{"host":"zh06ha8197vgjo02","time":1608792494,"event":{"mods":["AchievementEnabler","Arknights The Spire","BaseMod","Better Skull","CapriCore","DeckTracker","GifTheSpireLib","Hermit","Koishi","Marisa£¨Ùöéë¡¡Øª×âÞÞ£©","Minty Spire (QoL Compilation)","Reimu£¨ÚÏ???£©","StSLib","SuperFastMode","Td1madao Mod","The Cursed","The Immortal","TheBandit","WarShipGirlsR/??á´Ò³R mod"],"gold_per_floor":[11,86,86,100,112,112,132,160,160,179,213,69,344,362,362,458,458,478,478,493,493,527,527,527,497,497,497,509,541,554,565,565,565,565],"floor_reached":33,"playtime":1274,"items_purged":[],"score":307,"play_id":"da94f19b-bc76-469b-b352-16ac288c10ab","local_time":"20201224154814","is_ascension_mode":true,"campfire_choices":[{"data":"hermit:Roulette","floor":6,"key":"SMITH"},{"floor":15,"key":"REST"},{"floor":24,"key":"REST"},{"floor":27,"key":"REST"},{"floor":32,"key":"REST"}],"circlet_count":0,"master_deck":["hermit:Strike_Hermit","hermit:Strike_Hermit","hermit:Defend_Hermit","hermit:Defend_Hermit","hermit:Defend_Hermit","hermit:Defend_Hermit","hermit:Snapshot","hermit:Covet","hermit:BodyArmor","hermit:Adapt","hermit:Misfire","hermit:Roulette+1","hermit:Brawl","hermit:GoldenBullet","Regret","hermit:DeadOrAlive","hermit:Shortfuse","hermit:GoldenBullet","hermit:TakeAim"],"relics":["hermit:Momento","CultistMask","Torii","Bird Faced Urn","Thread and Needle","TentaclePot:ReiMu","Black Star","Red Mask","Singing Bowl"],"acts_visited":["Exordium","TheCity"],"potions_floor_usage":[11,11,16,18,22,23,30,33],"damage_taken":[{"damage":3,"enemies":"Jaw Worm","floor":1,"turns":5},{"damage":1,"enemies":"Cultist","floor":4,"turns":4},{"damage":0,"enemies":"2 Louse","floor":5,"turns":2},{"damage":9,"enemies":"Red Slaver","floor":7,"turns":2},{"damage":16,"enemies":"3 Sentries","floor":8,"turns":7},{"damage":9,"enemies":"2 Fungi Beasts","floor":10,"turns":3},{"damage":1,"enemies":"Gremlin Nob","floor":11,"turns":3},{"damage":0,"enemies":"Large Slime","floor":14,"turns":5},{"damage":20,"enemies":"Slime Boss","floor":16,"turns":11},{"damage":0,"enemies":"3 Byrds","floor":18,"turns":4},{"damage":32,"enemies":"2 Thieves","floor":20,"turns":3},{"damage":25,"enemies":"Masked Bandits","floor":22,"turns":6},{"damage":20,"enemies":"Book of Stabbing","floor":23,"turns":6},{"damage":25,"enemies":"Snake Plant","floor":28,"turns":4},{"damage":24,"enemies":"Centurion and Healer","floor":29,"turns":7},{"damage":9,"enemies":"Sentry and Sphere","floor":30,"turns":6},{"damage":3,"enemies":"Cultist and Chosen","floor":31,"turns":8},{"damage":53,"enemies":"Champ","floor":33,"turns":9}],"seed_played":"9116557098118383788","potions_obtained":[{"floor":1,"key":"SkillPotion"},{"floor":8,"key":"PowerPotion"},{"floor":10,"key":"SmokeBomb"},{"floor":14,"key":"ColorlessPotion"},{"floor":16,"key":"Fire Potion"},{"floor":18,"key":"Dexterity Potion"},{"floor":28,"key":"Explosive Potion"},{"floor":30,"key":"LiquidBronze"}],"is_trial":false,"path_per_floor":["M","?","?","M","M","R","M","E","T","M","E","$","?","M","R","B",null,"M","?","M","?","?","E","R","?","T","R","M","M","M","M","R","B"],"character_chosen":"HERMIT","items_purchased":["TentaclePot:ReiMu"],"campfire_rested":4,"item_purchase_floors":[12],"current_hp_per_floor":[72,61,61,60,60,60,51,35,35,26,27,27,27,27,49,33,75,75,75,43,43,22,4,26,26,26,48,27,9,4,9,33,0,0],"gold":565,"neow_bonus":"TRANSFORM_TWO_CARDS","is_daily":false,"chose_seed":false,"campfire_upgraded":1,"win_rate":0.0,"timestamp":1608792494,"path_taken":["M","?","?","M","M","R","?","E","T","M","E","$","?","?","R","BOSS","M","?","M","?","?","E","R","?","T","R","M","M","M","?","R","BOSS"],"items_purchased_type":["Relic"],"build_version":"2020-12-22","purchased_purges":0,"victory":false,"max_hp_per_floor":[75,75,75,75,75,75,75,75,75,75,75,75,75,75,75,75,75,75,75,75,75,75,75,75,75,75,75,77,79,79,81,81,81,81],"card_choices":[{"not_picked":["hermit:Determination","hermit:Desperado"],"picked":"hermit:Misfire","floor":1},{"not_picked":["hermit:WideOpen","hermit:LuckOfTheDraw","hermit:Manifest"],"picked":"SKIP","floor":4},{"not_picked":["hermit:Desperado","hermit:TakeCover"],"picked":"hermit:Roulette","floor":5},{"not_picked":["hermit:HighCaliber","hermit:NoHoldsBarred"],"picked":"hermit:Brawl","floor":7},{"not_picked":["hermit:TakeAim","hermit:TrackingShot"],"picked":"hermit:GoldenBullet","floor":8},{"not_picked":["hermit:TrackingShot","hermit:Headshot","hermit:FlashPowder"],"picked":"SKIP","floor":10},{"not_picked":["hermit:Adapt","hermit:Quickdraw","hermit:Ricochet"],"picked":"SKIP","floor":11},{"not_picked":["hermit:Feint","hermit:Roulette","hermit:HoleUp"],"picked":"SKIP","floor":14},{"not_picked":["hermit:EternalForm","hermit:RoundhouseKick"],"picked":"hermit:DeadOrAlive","floor":16},{"not_picked":["hermit:SprayPray","hermit:FlashPowder","hermit:CursedWeapon"],"picked":"SKIP","floor":18},{"not_picked":["hermit:Malice","hermit:TrackingShot+1","hermit:Quickdraw+1"],"picked":"SKIP","floor":20},{"not_picked":["hermit:TrackingShot","hermit:Feint"],"picked":"hermit:GoldenBullet","floor":22},{"not_picked":["hermit:DeadMansHand+1","hermit:Desperado","hermit:Headshot"],"picked":"Singing Bowl","floor":28},{"not_picked":["hermit:Desperado","hermit:BodyArmor","hermit:CalledShot"],"picked":"Singing Bowl","floor":29},{"not_picked":["hermit:HoleUp","hermit:WideOpen"],"picked":"hermit:TakeAim","floor":30},{"not_picked":["hermit:Headshot+1","hermit:Quickdraw","hermit:Roulette"],"picked":"Singing Bowl","floor":31}],"player_experience":737677,"relics_obtained":[{"floor":8,"key":"Torii"},{"floor":9,"key":"Bird Faced Urn"},{"floor":11,"key":"Thread and Needle"},{"floor":22,"key":"Red Mask"},{"floor":26,"key":"Singing Bowl"}],"event_choices":[{"damage_healed":0,"gold_gain":75,"player_choice":"Gather Gold","damage_taken":11,"max_hp_gain":0,"max_hp_loss":0,"event_name":"World of Goop","floor":2,"gold_loss":0},{"damage_healed":0,"gold_gain":0,"player_choice":"Trade","damage_taken":0,"relics_obtained":["CultistMask"],"max_hp_gain":0,"max_hp_loss":0,"event_name":"FaceTrader","floor":3,"gold_loss":0},{"damage_healed":0,"gold_gain":275,"player_choice":"Desecrate","damage_taken":0,"max_hp_gain":0,"max_hp_loss":0,"event_name":"Golden Shrine","floor":13,"gold_loss":0,"cards_obtained":["Regret"]},{"damage_healed":0,"gold_gain":0,"player_choice":"Read","damage_taken":0,"max_hp_gain":0,"max_hp_loss":0,"event_name":"The Library","floor":19,"gold_loss":0,"cards_obtained":["hermit:Shortfuse"]},{"damage_healed":0,"gold_gain":0,"player_choice":"Ignored","damage_taken":0,"max_hp_gain":0,"max_hp_loss":0,"event_name":"Vampires","floor":21,"gold_loss":0},{"damage_healed":0,"gold_gain":0,"player_choice":"Fought Bandits","damage_taken":0,"max_hp_gain":0,"max_hp_loss":0,"event_name":"Masked Bandits","floor":22,"gold_loss":0}],"is_beta":false,"boss_relics":[{"not_picked":["Ectoplasm","SlaversCollar"],"picked":"Black Star"}],"items_purged_floors":[],"is_endless":false,"potions_floor_spawned":[1,8,10,14,16,18,28,30],"killed_by":"Champ","ascension_level":2}}