{"host":"bhj73plqr6q46rek","time":1608804378,"event":{"mods":["2.2 Compatiblity","Abigail Mod","Aspiration","BaseMod","Better Third Choice","BetterRewards","CapriCore","Conspire","Downfall","Energized Spire","Friendly Minions","GungeonMod","Halation","HololiveMod","Hubris","Infinite Spire","KinomotoSakuraMod(木之本?)","Kiyohime（清?）","Marisa（霧雨　魔理沙）","Minty Spire (QoL Compilation)","Prisma Mod","Reimu（博??梦）","Relic Sorter","Remilia_Scarlet Moed（蕾米莉?・斯?雷特）3.3.5","StSLib","The Alterego","The Immortal","The Servant 0.9.4","WarShipGirlsR/??少女R mod"],"gold_per_floor":[111,124,124,124,124,153,153,213,213,213,243,255,283,297,297,302,302],"floor_reached":16,"playtime":855,"items_purged":[],"score":145,"play_id":"88aef0f5-3131-4dae-a7c5-79339b6749dc","local_time":"20201224110618","is_ascension_mode":false,"campfire_choices":[{"data":"DemoMod:ChanceBullets","floor":7,"key":"SMITH"},{"floor":15,"key":"REST"}],"circlet_count":0,"master_deck":["DemoMod:Strike_Huntress","DemoMod:Strike_Huntress","DemoMod:Defend_Huntress","DemoMod:Roll","DemoMod:ManualReload","DemoMod:RustySidearm","DemoMod:CrossBow","DemoMod:PracticeMakesPerfect","conspire:DoublingDagger","Defend_G","Bouncing Flask","DemoMod:ChanceBullets+1","DemoMod:SkilledReload","DemoMod:ShadowBullets","DemoMod:AbyssalTentacle","DemoMod:TableSutra"],"relics":["DemoMod:Dog","NeowsBlessing","MealTicket","HornCleat","GremlinMask","halation:BottledLove","Omamori"],"acts_visited":["Exordium"],"potions_floor_usage":[13,13,16],"damage_taken":[{"damage":0,"enemies":"Jaw Worm","floor":1,"turns":1},{"damage":0,"enemies":"2 Louse","floor":2,"turns":1},{"damage":0,"enemies":"3 Sentries","floor":6,"turns":1},{"damage":1,"enemies":"Cultist","floor":8,"turns":3},{"damage":13,"enemies":"Gremlin Nob","floor":11,"turns":4},{"damage":0,"enemies":"Exordium Wildlife","floor":12,"turns":3},{"damage":19,"enemies":"Lagavulin","floor":13,"turns":6},{"damage":23,"enemies":"Gremlin Gang","floor":14,"turns":7},{"damage":34,"enemies":"Slime Boss","floor":16,"turns":8}],"seed_played":"-112017166818517738","potions_obtained":[{"floor":6,"key":"SkillPotion"},{"floor":12,"key":"DemoMod:LeadSkinPotion"},{"floor":14,"key":"PowerPotion"}],"is_trial":false,"path_per_floor":["M","M","?","$","?","E","R","M","T","?","E","M","E","M","R","B"],"character_chosen":"HUNTRESS","items_purchased":[],"campfire_rested":1,"item_purchase_floors":[],"current_hp_per_floor":[70,70,63,63,63,63,63,62,62,62,49,49,30,7,28,0,0],"gold":302,"neow_bonus":"THREE_ENEMY_KILL","is_daily":false,"chose_seed":false,"campfire_upgraded":1,"win_rate":0.0,"timestamp":1608804378,"path_taken":["M","M","?","$","?","E","R","M","T","?","E","?","E","M","R","BOSS"],"items_purchased_type":[],"build_version":"2020-12-22","purchased_purges":0,"victory":false,"max_hp_per_floor":[70,70,70,70,70,70,70,70,70,70,70,70,70,70,70,70,70],"card_choices":[{"not_picked":["DemoMod:EasyReloadBullets","DemoMod:ShadowBullets"],"picked":"DemoMod:PracticeMakesPerfect","floor":1},{"not_picked":["DemoMod:ConditionalReflex","DemoMod:HuntsMan","DemoMod:ProbeStrike"],"picked":"SKIP","floor":2},{"not_picked":["DemoMod:JK47","DemoMod:AC15"],"picked":"DemoMod:ChanceBullets","floor":6},{"not_picked":["DemoMod:MachoBrace","DemoMod:TeaPot","DemoMod:HardPowerCard"],"picked":"SKIP","floor":8},{"not_picked":["DemoMod:ZorGun","DemoMod:DoubleSwitch"],"picked":"DemoMod:SkilledReload","floor":11},{"not_picked":["DemoMod:SAA","DemoMod:TripleGun"],"picked":"DemoMod:ShadowBullets","floor":12},{"not_picked":["DemoMod:FeignSurrender","DemoMod:BlackHoleGun"],"picked":"DemoMod:AbyssalTentacle","floor":13},{"not_picked":["DemoMod:BattleInHaste","DemoMod:BoxingGlove"],"picked":"DemoMod:TableSutra","floor":14}],"player_experience":330345,"relics_obtained":[{"floor":6,"key":"MealTicket"},{"floor":9,"key":"HornCleat"},{"floor":11,"key":"halation:BottledLove"},{"floor":13,"key":"Omamori"}],"event_choices":[{"cards_removed":["DemoMod:Strike_Huntress"],"damage_healed":0,"gold_gain":0,"player_choice":"Card Removal","damage_taken":7,"max_hp_gain":0,"max_hp_loss":0,"event_name":"Golden Wing","floor":3,"gold_loss":0},{"damage_healed":0,"gold_gain":0,"player_choice":"Trade","damage_taken":0,"relics_obtained":["GremlinMask"],"max_hp_gain":0,"max_hp_loss":0,"event_name":"FaceTrader","floor":10,"gold_loss":0}],"is_beta":false,"boss_relics":[],"items_purged_floors":[],"is_endless":false,"potions_floor_spawned":[6,12,14],"killed_by":"Slime Boss","ascension_level":0}}