{"host":"anox4050deqdcqoh","time":1608814350,"event":{"mods":["BaseMod","Colored Map","Minty Spire (QoL Compilation)","Quick Restart"],"gold_per_floor":[117,128,147,127,31,31,61,61,113,113,132,132,132,145,145,249,249,263,276,276,276],"floor_reached":20,"playtime":3466,"items_purged":[],"score":183,"play_id":"91e7465f-9f86-4bfa-bcb6-3924273bb8c4","local_time":"20201224075230","is_ascension_mode":true,"campfire_choices":[{"floor":6,"key":"RECALL"},{"data":"Blind","floor":10,"key":"SMITH"},{"data":"Berserk","floor":13,"key":"SMITH"},{"floor":15,"key":"REST"}],"circlet_count":0,"master_deck":["Strike_R","Strike_R","Strike_R+1","Strike_R","Strike_R+1","Defend_R","Defend_R","Defend_R","Defend_R","Bash","Perfected Strike","Inflame","Berserk+1","Blind+1","Shockwave","Carnage","Berserk","Iron Wave","Wild Strike+1"],"relics":["Burning Blood","NeowsBlessing","Whetstone"],"acts_visited":["Exordium","TheCity"],"potions_floor_usage":[7,20,20],"damage_taken":[{"damage":0,"enemies":"Cultist","floor":1,"turns":1},{"damage":0,"enemies":"2 Louse","floor":2,"turns":1},{"damage":0,"enemies":"Small Slimes","floor":3,"turns":1},{"damage":51,"enemies":"3 Sentries","floor":7,"turns":9},{"damage":0,"enemies":"3 Louse","floor":11,"turns":3},{"damage":0,"enemies":"Large Slime","floor":14,"turns":5},{"damage":35,"enemies":"The Guardian","floor":16,"turns":11},{"damage":36,"enemies":"Shell Parasite","floor":18,"turns":6},{"damage":45,"enemies":"Spheric Guardian","floor":19,"turns":6},{"damage":15,"enemies":"Snecko","floor":20,"turns":3}],"seed_played":"-599873652809303834","potions_obtained":[{"floor":2,"key":"Energy Potion"},{"floor":4,"key":"ColorlessPotion"},{"floor":7,"key":"Dexterity Potion"},{"floor":14,"key":"Explosive Potion"}],"is_trial":false,"path_per_floor":["M","M","M","?","$","R","E","$","T","R","M","?","R","M","R","B",null,"M","M","M"],"character_chosen":"IRONCLAD","items_purchased":["Blind"],"campfire_rested":1,"item_purchase_floors":[5],"current_hp_per_floor":[80,80,80,80,80,80,35,35,35,35,41,41,41,47,71,42,80,50,11,0,0],"gold":276,"neow_bonus":"THREE_ENEMY_KILL","is_daily":false,"chose_seed":false,"campfire_upgraded":2,"win_rate":0.0,"timestamp":1608814350,"path_taken":["M","M","?","?","$","R","E","?","T","R","M","?","R","M","R","BOSS","M","M","M"],"items_purchased_type":["Card"],"build_version":"2020-12-22","purchased_purges":0,"victory":false,"max_hp_per_floor":[80,80,80,80,80,80,80,80,80,80,80,80,80,80,80,80,80,80,80,80,80],"card_choices":[{"not_picked":["Entrench","Shrug It Off"],"picked":"Perfected Strike","floor":1},{"not_picked":["Clothesline","Iron Wave"],"picked":"Inflame","floor":2},{"not_picked":["Ghostly Armor","Clash"],"picked":"Berserk","floor":3},{"not_picked":["Sword Boomerang","Second Wind","Clash"],"picked":"SKIP","floor":7},{"not_picked":["Whirlwind","Hemokinesis"],"picked":"Shockwave","floor":11},{"not_picked":["Wild Strike","Headbutt"],"picked":"Carnage","floor":14},{"not_picked":["Double Tap","Immolate"],"picked":"Berserk","floor":16},{"not_picked":["Perfected Strike","Headbutt"],"picked":"Iron Wave","floor":18},{"not_picked":["Shrug It Off","Pommel Strike"],"picked":"Wild Strike+1","floor":19}],"player_experience":161176,"relics_obtained":[{"floor":7,"key":"Whetstone"}],"event_choices":[{"damage_healed":0,"gold_gain":0,"player_choice":"Bought 1 Potion","damage_taken":0,"max_hp_gain":0,"max_hp_loss":0,"event_name":"The Woman in Blue","floor":4,"gold_loss":0},{"damage_healed":0,"gold_gain":0,"player_choice":"Ignored","damage_taken":0,"max_hp_gain":0,"max_hp_loss":0,"event_name":"Golden Wing","floor":12,"gold_loss":0}],"is_beta":false,"boss_relics":[{"not_picked":["Pandora\u0027s Box","Velvet Choker","Busted Crown"]}],"items_purged_floors":[],"is_endless":false,"potions_floor_spawned":[2,7,14,16,19],"killed_by":"Snecko","ascension_level":1}}