{"host":"rcanb95qz4o6v6pp","time":1608829326,"event":{"mods":["AchievementEnabler","BaseMod","Better Third Choice","Colored Map","Downfall","Minty Spire (QoL Compilation)","Replay The Spire","Spicy Shops","StSLib","The Blue Laboratory"],"gold_per_floor":[114,36,52,52,52,52,127,158,158,158,171,203,203,218,218,316,316,327,65,65,81,42,76,104,104,176,275,305,320,320,337,337,439,439,452,465,505,555,569,569,594,611,635,654,666,679,711,728,728,728],"floor_reached":51,"playtime":30826,"items_purged":[],"score":1652,"play_id":"c48f9515-5631-47e6-8a53-4d4b508e5ba4","local_time":"20201224120206","daily_mods":["Draft","Hoarder","Cursed Run"],"is_ascension_mode":false,"campfire_choices":[{"data":"Footwork","floor":6,"key":"SMITH"},{"data":"Footwork","floor":10,"key":"SMITH"},{"data":"Footwork","floor":15,"key":"SMITH"},{"floor":25,"key":"REST"},{"data":"Dramatic Entrance","floor":32,"key":"SMITH"},{"data":"Dramatic Entrance","floor":40,"key":"SMITH"},{"data":"Dramatic Entrance","floor":49,"key":"SMITH"}],"circlet_count":0,"master_deck":["Heel Hook","Heel Hook","Heel Hook","Backflip","Backflip","Backflip","Dagger Spray","Dagger Spray","Deadly Poison","Deadly Poison","Deadly Poison","Dodge and Roll","Dodge and Roll","Dodge and Roll","Hidden Blade","Hidden Blade","Hidden Blade","Poisoned Stab","Poisoned Stab","Poisoned Stab","Blade Dance","Blade Dance","Blade Dance","Backflip","Backflip","Backflip","Flying Knee","Flying Knee","Flying Knee","Terror","Terror","Terror","Cloak And Dagger","Cloak And Dagger","Cloak And Dagger","Sucker Punch","Sucker Punch","Sucker Punch","Flying Knee","Flying Knee","Flying Knee","Flying Knee","Flying Knee","Flying Knee","Backflip","Backflip","Backflip","Footwork+1","Footwork+1","Footwork+1","Cloak And Dagger","Cloak And Dagger","Cloak And Dagger","Caltrops","Caltrops","Caltrops","Amnesia","Amnesia","Amnesia","Pot Of Greed","Pot Of Greed","Pot Of Greed","Pot Of Greed","Pot Of Greed","Pot Of Greed","Pot Of Greed","Pot Of Greed","Pot Of Greed","Pot Of Greed","Pot Of Greed","Pot Of Greed","Pot Of Greed","Pot Of Greed","Pot Of Greed","Parasite","Parasite","Parasite","Pot Of Greed","Pot Of Greed","Pot Of Greed","Overencumbered","Overencumbered","Overencumbered","Envenom","Envenom","Envenom","Poisoned Stab","Poisoned Stab","Poisoned Stab","Crippling Poison+1","Crippling Poison+1","Crippling Poison+1","Injury","Injury","Injury","Dramatic Entrance+1","Dramatic Entrance+1","Dramatic Entrance+1","Adrenaline","Adrenaline","Adrenaline","Delirium","Delirium","Delirium","Shame","Shame","Shame","Malaise","Malaise","Malaise","Poisoned Stab","Poisoned Stab","Poisoned Stab","hexamod:Haunted","hexamod:Haunted","hexamod:Haunted","Pot Of Greed","Pot Of Greed","Pot Of Greed","Backstab+1","Backstab+1","Backstab+1","Writhe","Writhe","Writhe","Doubt","Doubt","Doubt","Normality","Normality","Normality"],"relics":["Cursed Key","Darkstone Periapt","Du-Vu Doll","Snake Skull","WingedGreaves","Grinning Jar","Runic Dome","Shuriken","Happy Flower","ReplayTheSpireMod:CursedCoin","HornCleat","Akabeko","Garlic","Toy Ornithopter","MutagenicStrength","Painkiller Herb","Singing Bowl","Ring of Greed","ReplayTheSpireMod:Ring of Addiction","MealTicket","Blue Doll","SacredBark","White Beast Statue","Replay:Accelerometer","Bronze Scales","FossilizedHelix"],"acts_visited":["Exordium","TheCity","TheBeyond"],"potions_floor_usage":[16,50,50],"damage_taken":[{"damage":0,"enemies":"Cultist","floor":1,"turns":2},{"damage":0,"enemies":"2 Louse","floor":3,"turns":2},{"damage":0,"enemies":"Gremlin Nob","floor":8,"turns":3},{"damage":0,"enemies":"Small Slimes","floor":11,"turns":1},{"damage":9,"enemies":"Lagavulin","floor":12,"turns":3},{"damage":0,"enemies":"2 Fungi Beasts","floor":14,"turns":2},{"damage":0,"enemies":"Fading Forest","floor":16,"turns":11},{"damage":0,"enemies":"Spheric Guardian","floor":18,"turns":3},{"damage":10,"enemies":"3 Byrds","floor":21,"turns":2},{"damage":0,"enemies":"Slavers","floor":23,"turns":1},{"damage":15,"enemies":"Book of Stabbing","floor":24,"turns":4},{"damage":0,"enemies":"Slavers","floor":28,"turns":1},{"damage":0,"enemies":"Snake Plant","floor":29,"turns":1},{"damage":0,"enemies":"Centurion and Healer","floor":31,"turns":1},{"damage":0,"enemies":"Pondfish","floor":33,"turns":5},{"damage":0,"enemies":"3 Darklings","floor":35,"turns":1},{"damage":6,"enemies":"3 Shapes","floor":36,"turns":1},{"damage":0,"enemies":"3 Darklings","floor":39,"turns":1},{"damage":0,"enemies":"Reptomancer","floor":41,"turns":1},{"damage":12,"enemies":"4 Shapes","floor":42,"turns":1},{"damage":0,"enemies":"Spire Growth","floor":44,"turns":1},{"damage":0,"enemies":"Jaw Worm Horde","floor":45,"turns":1},{"damage":0,"enemies":"Maw","floor":46,"turns":2},{"damage":0,"enemies":"Nemesis","floor":47,"turns":1},{"damage":0,"enemies":"Transient","floor":48,"turns":5},{"damage":36,"enemies":"Awakened One","floor":50,"turns":4}],"seed_played":"-5392049910767164738","potions_obtained":[{"floor":8,"key":"blueLaboratory:NullPotion"},{"floor":16,"key":"Guardian:BlockOnCardUsePotion"},{"floor":21,"key":"Elixir"},{"floor":38,"key":"Adrenaline Potion"},{"floor":38,"key":"Fire Potion"},{"floor":42,"key":"PowerPotion"}],"is_trial":true,"path_per_floor":["M","$","M","?","$","R","?","E","T","R","M","E","?","M","R","B",null,"M","$","?","M","$","E","E","R","T","?","E","M","?","M","R","B",null,"?","?","?","?","?","T","E","?","T","?","?","?","E","?","T","B",null],"character_chosen":"THE_SILENT","items_purchased":["Footwork","Shuriken","ReplayTheSpireMod:CursedCoin","BlessingOfTheForge","Dramatic Entrance"],"campfire_rested":1,"item_purchase_floors":[2,19,22,22,22],"current_hp_per_floor":[70,70,70,70,70,70,59,59,77,77,77,68,106,106,106,124,124,124,124,124,114,132,132,117,142,160,160,160,160,160,160,160,178,178,178,172,192,192,194,194,196,186,204,206,226,228,230,232,232,224],"gold":728,"neow_bonus":"","is_daily":false,"chose_seed":false,"campfire_upgraded":6,"win_rate":0.0,"timestamp":1608829326,"path_taken":["M","$","?","?","$","R","?","E","T","R","M","E","?","M","R","BOSS","M","$","?","?","$","E","E","R","T","?","E","M","?","M","R","BOSS","?","?","?","?","?","T","E","?","T","?","?","?","E","?","T","BOSS"],"items_purchased_type":["Card","Relic","Relic","Potion","Card"],"build_version":"2020-12-22","purchased_purges":0,"victory":true,"max_hp_per_floor":[70,70,70,70,70,70,70,70,88,88,88,88,106,106,106,124,124,124,124,124,124,142,142,142,142,160,160,160,160,160,160,160,178,178,178,178,198,198,200,200,202,202,220,222,240,242,244,244,244,262],"card_choices":[{"not_picked":["Bane","ReplayTheSpireMod:Shiv Toss"],"picked":"Heel Hook","floor":0},{"not_picked":["PiercingWail","Eviscerate"],"picked":"Backflip","floor":0},{"not_picked":["Slice","Blur"],"picked":"Dagger Spray","floor":0},{"not_picked":["Underhanded Strike","PiercingWail"],"picked":"Deadly Poison","floor":0},{"not_picked":["Slice","Well Laid Plans"],"picked":"Dodge and Roll","floor":0},{"not_picked":["Backflip","ReplayTheSpireMod:Speed Training"],"picked":"Hidden Blade","floor":0},{"not_picked":["Calculated Gamble","Outmaneuver"],"picked":"Poisoned Stab","floor":0},{"not_picked":["Backflip","Poisoned Stab"],"picked":"Blade Dance","floor":0},{"not_picked":["Calculated Gamble","Outmaneuver"],"picked":"Backflip","floor":0},{"not_picked":["Prepared","Skewer"],"picked":"Flying Knee","floor":0},{"not_picked":["Setup","Dagger Throw"],"picked":"Terror","floor":0},{"not_picked":["Dash","Distraction"],"picked":"Cloak And Dagger","floor":0},{"not_picked":["Outmaneuver","Heel Hook"],"picked":"Sucker Punch","floor":0},{"not_picked":["Slice","Dagger Spray"],"picked":"Flying Knee","floor":0},{"not_picked":["Sneak Up","Quick Slash"],"picked":"Flying Knee","floor":0},{"not_picked":["PiercingWail","Eviscerate"],"picked":"Backflip","floor":1},{"not_picked":["Backflip","Hidden Blade"],"picked":"Cloak And Dagger","floor":3},{"not_picked":["Dagger Spray","Dash","Draining Mist"],"picked":"SKIP","floor":8},{"not_picked":["Bane","Finisher","Acrobatics"],"picked":"SKIP","floor":11},{"not_picked":["Slice","Dodge and Roll","Predator"],"picked":"SKIP","floor":12},{"not_picked":["Backflip","Hidden Blade","Dagger Spray"],"picked":"SKIP","floor":14},{"not_picked":["A Thousand Cuts","Wraith Form v2"],"picked":"Envenom","floor":16},{"not_picked":["Prepared","Hidden Blade"],"picked":"Poisoned Stab","floor":18},{"not_picked":["Deadly Poison","Dodge and Roll"],"picked":"Crippling Poison+1","floor":21},{"not_picked":["Calculated Gamble","Hidden Blade","Flying Knee"],"picked":"SKIP","floor":23},{"not_picked":["Backflip+1","Blade Dance"],"picked":"Adrenaline","floor":24},{"not_picked":["ReplayTheSpireMod:The Works","Dagger Throw","Quick Slash"],"picked":"SKIP","floor":28},{"not_picked":["Prepared","Slice","Distraction"],"picked":"SKIP","floor":29},{"not_picked":["Dash","Footwork","Dodge and Roll"],"picked":"SKIP","floor":31},{"not_picked":["Corpse Explosion","Doppelganger"],"picked":"Malaise","floor":33},{"not_picked":["Underhanded Strike+1","PiercingWail+1"],"picked":"Poisoned Stab","floor":35},{"not_picked":["Backflip+1","PiercingWail","Dodge and Roll+1"],"picked":"SKIP","floor":36},{"not_picked":["Prepared+1","Bane+1","Deadly Poison+1"],"picked":"Singing Bowl","floor":37},{"not_picked":["Outmaneuver+1","Footwork"],"picked":"Backstab+1","floor":37},{"not_picked":["Underhanded Strike+1","Escape Plan+1","Grand Finale"],"picked":"Singing Bowl","floor":39},{"not_picked":["Dodge and Roll+1","Quick Slash+1","Replay:Bag of Tricks"],"picked":"Singing Bowl","floor":41},{"not_picked":["Underhanded Strike+1","Acrobatics","Dash+1"],"picked":"Singing Bowl","floor":42},{"not_picked":["Terror","Crippling Poison","Flying Knee+1"],"picked":"Singing Bowl","floor":44},{"not_picked":["Dagger Spray+1","Deadly Poison","Fluid Movement"],"picked":"Singing Bowl","floor":45},{"not_picked":["Cloak And Dagger","Infinite Blades","Fluid Movement+1"],"picked":"Singing Bowl","floor":46},{"not_picked":["ReplayTheSpireMod:The Works","Reflex","ReplayTheSpireMod:Exploit Weakness"],"picked":"Singing Bowl","floor":47},{"not_picked":["Noxious Fumes+1","Slice","Sneak Up+1"],"picked":"Singing Bowl","floor":48}],"player_experience":1537445,"relics_obtained":[{"floor":8,"key":"Snake Skull"},{"floor":9,"key":"WingedGreaves"},{"floor":12,"key":"Grinning Jar"},{"floor":23,"key":"HornCleat"},{"floor":24,"key":"Akabeko"},{"floor":26,"key":"Garlic"},{"floor":28,"key":"Toy Ornithopter"},{"floor":37,"key":"Singing Bowl"},{"floor":38,"key":"Ring of Greed"},{"floor":38,"key":"ReplayTheSpireMod:Ring of Addiction"},{"floor":38,"key":"MealTicket"},{"floor":38,"key":"Blue Doll"},{"floor":38,"key":"SacredBark"},{"floor":38,"key":"White Beast Statue"},{"floor":41,"key":"Replay:Accelerometer"},{"floor":43,"key":"Bronze Scales"},{"floor":47,"key":"FossilizedHelix"}],"event_choices":[{"damage_healed":0,"gold_gain":0,"cards_transformed":["Dagger Spray"],"player_choice":"Change","damage_taken":0,"max_hp_gain":0,"max_hp_loss":0,"event_name":"Living Wall","floor":4,"gold_loss":0,"cards_obtained":["Caltrops"]},{"damage_healed":0,"gold_gain":75,"player_choice":"Gold","damage_taken":11,"max_hp_gain":0,"max_hp_loss":0,"event_name":"betterThird:BetterGoop","floor":7,"gold_loss":0},{"damage_healed":22,"gold_gain":0,"player_choice":"Healed and dodged fight","damage_taken":0,"max_hp_gain":0,"max_hp_loss":0,"event_name":"Mushrooms","floor":13,"gold_loss":0,"cards_obtained":["Parasite"]},{"damage_healed":0,"gold_gain":0,"player_choice":"Gave Potion","damage_taken":0,"relics_obtained":["Happy Flower"],"max_hp_gain":0,"max_hp_loss":0,"event_name":"WeMeetAgain","floor":20,"gold_loss":0},{"damage_healed":0,"gold_gain":99,"player_choice":"Steal","damage_taken":0,"max_hp_gain":0,"max_hp_loss":0,"event_name":"betterThird:BetterNest","floor":27,"gold_loss":0},{"damage_healed":0,"gold_gain":0,"player_choice":"Inject Mutagens","damage_taken":0,"relics_obtained":["MutagenicStrength"],"max_hp_gain":0,"max_hp_loss":0,"event_name":"Drug Dealer","floor":30,"gold_loss":0}],"is_beta":false,"boss_relics":[{"not_picked":["Sozu","Snecko Scales"],"picked":"Runic Dome"},{"not_picked":["Velvet Choker","Astrolabe"],"picked":"Painkiller Herb"}],"items_purged_floors":[],"is_endless":false,"potions_floor_spawned":[8,16,21,28,33,39,41,42,44,45,46,47,48],"ascension_level":0}}