{"host":"ci7ivtocgfxh0ueo","time":1608816270,"event":{"mods":["BaseMod","GifTheSpireLib","Minty Spire (QoL Compilation)","StSLib"],"gold_per_floor":[113,113,133,151,171,171,181,200,200,200,219,10,160,140,140,140,140],"floor_reached":16,"playtime":443,"items_purged":[],"score":174,"play_id":"a10a80ff-41d9-428f-b158-e7c092ae6ca2","local_time":"20201224212430","is_ascension_mode":true,"campfire_choices":[{"floor":6,"key":"DIG"},{"floor":10,"key":"DIG"},{"floor":15,"key":"DIG"}],"circlet_count":0,"master_deck":["AscendersBane","Strike_G","Strike_G","Strike_G","Strike_G","Defend_G","Defend_G","Defend_G","Defend_G","Defend_G","Survivor","Neutralize","Riddle With Holes","Predator","Endless Agony","Crippling Poison","Escape Plan","Distraction","Sadistic Nature","Doubt"],"relics":["Ring of the Snake","Shovel","Mango","CaptainsWheel","The Specimen","Matryoshka"],"acts_visited":["Exordium"],"potions_floor_usage":[5,16],"damage_taken":[{"damage":0,"enemies":"Jaw Worm","floor":1,"turns":5},{"damage":0,"enemies":"Cultist","floor":3,"turns":4},{"damage":0,"enemies":"2 Louse","floor":4,"turns":2},{"damage":6,"enemies":"Gremlin Gang","floor":5,"turns":7},{"damage":6,"enemies":"Looter","floor":7,"turns":4},{"damage":10,"enemies":"Blue Slaver","floor":8,"turns":4},{"damage":6,"enemies":"3 Louse","floor":11,"turns":3},{"damage":41,"enemies":"Slime Boss","floor":16,"turns":6}],"seed_played":"4990763907816858121","potions_obtained":[{"floor":1,"key":"LiquidBronze"},{"floor":8,"key":"BlessingOfTheForge"},{"floor":14,"key":"GhostInAJar"}],"is_trial":false,"path_per_floor":["M","?","M","M","M","R","M","M","T","R","M","$","?","?","R","B"],"character_chosen":"THE_SILENT","items_purchased":["Sadistic Nature"],"campfire_rested":0,"item_purchase_floors":[12],"current_hp_per_floor":[44,44,44,44,38,52,46,36,36,36,30,30,30,30,30,0,0],"gold":140,"neow_bonus":"ONE_RARE_RELIC","is_daily":false,"chose_seed":false,"campfire_upgraded":0,"win_rate":0.0,"timestamp":1608816270,"path_taken":["M","?","M","?","M","R","?","M","T","R","?","?","?","?","R","BOSS"],"items_purchased_type":["Card"],"build_version":"2020-12-22","purchased_purges":0,"victory":false,"max_hp_per_floor":[66,66,66,66,66,80,80,80,80,80,80,80,80,80,80,80,80],"card_choices":[{"not_picked":["Dodge and Roll","Deadly Poison"],"picked":"Riddle With Holes","floor":1},{"not_picked":["Deadly Poison","Outmaneuver"],"picked":"Predator","floor":3},{"not_picked":["Cloak And Dagger","Quick Slash"],"picked":"Endless Agony","floor":4},{"not_picked":["Deadly Poison","Prepared"],"picked":"Crippling Poison","floor":5},{"not_picked":["Deflect","Reflex"],"picked":"Escape Plan","floor":7},{"not_picked":["PiercingWail","Deadly Poison","Reflex"],"picked":"SKIP","floor":8},{"not_picked":["Blade Dance","Leg Sweep"],"picked":"Distraction","floor":11}],"player_experience":1292862,"relics_obtained":[{"floor":6,"key":"Mango"},{"floor":9,"key":"CaptainsWheel"},{"floor":10,"key":"The Specimen"},{"floor":15,"key":"Matryoshka"}],"event_choices":[{"cards_removed":["Strike_G"],"damage_healed":0,"gold_gain":0,"player_choice":"Purged","damage_taken":0,"max_hp_gain":0,"max_hp_loss":0,"event_name":"Purifier","floor":2,"gold_loss":0},{"damage_healed":0,"gold_gain":150,"player_choice":"AGREE","damage_taken":0,"max_hp_gain":0,"max_hp_loss":0,"event_name":"Liars Game","floor":13,"gold_loss":0,"cards_obtained":["Doubt"]},{"damage_healed":0,"gold_gain":0,"player_choice":"Bought 1 Potion","damage_taken":0,"max_hp_gain":0,"max_hp_loss":0,"event_name":"The Woman in Blue","floor":14,"gold_loss":0}],"is_beta":false,"boss_relics":[],"items_purged_floors":[],"is_endless":false,"potions_floor_spawned":[1,8],"killed_by":"Slime Boss","ascension_level":17}}