{"host":"o54aw4mfims5m8ve","time":1608780190,"event":{"mods":["BaseMod","Downfall","Minty Spire (QoL Compilation)","StSLib","The Cursed","The Senshi"],"gold_per_floor":[114,114,128,140,65,100,100,119,119,119,136,136,36,36,36,138,138,152,0,0,0,0,35,35,49,49,49,61,61,61,91,91,190,240,259,259,276,246,258,258,269,269,323,351,371,399,399,18,18,18,18],"floor_reached":50,"playtime":4469,"items_purged":["theSenshi:SailorKick","theSenshi:SailorBlock"],"score":611,"play_id":"7d92888f-e58f-45d3-9ec1-b56194478725","local_time":"20201224032310","is_ascension_mode":false,"campfire_choices":[{"data":"theSenshi:SailorMercuryAssists","floor":7,"key":"SMITH"},{"floor":10,"key":"REST"},{"floor":12,"key":"REST"},{"data":"theSenshi:SailorPlanetAttack","floor":15,"key":"SMITH"},{"floor":24,"key":"REST"},{"floor":27,"key":"REST"},{"floor":29,"key":"REST"},{"floor":32,"key":"REST"},{"floor":40,"key":"REST"},{"floor":42,"key":"REST"},{"floor":47,"key":"REST"},{"data":"theSenshi:KlutzyLuck","floor":49,"key":"SMITH"}],"circlet_count":0,"master_deck":["theSenshi:SailorKick","theSenshi:SailorKick","theSenshi:SailorBlock","theSenshi:SailorBlock","theSenshi:RoseThrow","theSenshi:MoonPrismPowerMakeUp","theSenshi:SailorChibiMoonAssists","theSenshi:SailorMercuryAssists+1","theSenshi:SailorPlanetAttack+1","theSenshi:SailorMarsAssists","theSenshi:TuxedoMaskAssists","theSenshi:JupitersPower","theSenshi:MoonPrismPowerMakeUp","theSenshi:MoonPunch","theSenshi:MoonPrincessHalation+1","theSenshi:SailorStarHealerAssists","theSenshi:SupersonicWaves+1","theSenshi:MoonsReflection","theSenshi:MoonKick+1","theSenshi:SailorMercuryAssists","theSenshi:SailorMercuryAssists","theSenshi:SailorStarHealerAssists","theSenshi:KlutzyLuck+1","theSenshi:Sidestep"],"relics":["theSenshi:TransformationBroochRelic","CultistMask","Girya","Pocketwatch","theSenshi:CrescentMoonWandRelic","Empty Cage","Frozen Eye","InkBottle","Regal Pillow","Matryoshka","theSenshi:SailorFukuRelic","Tiny House","Potion Belt","Pen Nib","Prayer Wheel","Boot","Lee\u0027s Waffle","Bag of Marbles"],"acts_visited":["Exordium","TheCity","TheBeyond"],"potions_floor_usage":[11,23,23,33,33,35,39,46,46,50,50],"damage_taken":[{"damage":7,"enemies":"2 Louse","floor":1,"turns":4},{"damage":6,"enemies":"Cultist","floor":3,"turns":4},{"damage":1,"enemies":"Jaw Worm","floor":4,"turns":4},{"damage":28,"enemies":"3 Sentries","floor":6,"turns":11},{"damage":6,"enemies":"Exordium Wildlife","floor":8,"turns":3},{"damage":24,"enemies":"Exordium Thugs","floor":11,"turns":5},{"damage":0,"enemies":"Hexaghost","floor":16,"turns":7},{"damage":5,"enemies":"Chosen","floor":18,"turns":5},{"damage":73,"enemies":"Slavers","floor":23,"turns":7},{"damage":22,"enemies":"Spheric Guardian","floor":25,"turns":4},{"damage":16,"enemies":"Centurion and Healer","floor":28,"turns":5},{"damage":40,"enemies":"Book of Stabbing","floor":31,"turns":5},{"damage":55,"enemies":"Collector","floor":33,"turns":8},{"damage":14,"enemies":"Orb Walker","floor":35,"turns":3},{"damage":58,"enemies":"3 Darklings","floor":37,"turns":6},{"damage":15,"enemies":"Spire Growth","floor":39,"turns":4},{"damage":66,"enemies":"Sphere and 2 Shapes","floor":41,"turns":6},{"damage":27,"enemies":"Reptomancer","floor":44,"turns":5},{"damage":35,"enemies":"4 Shapes","floor":45,"turns":5},{"damage":41,"enemies":"Nemesis","floor":46,"turns":5},{"damage":110,"enemies":"Donu and Deca","floor":50,"turns":8}],"seed_played":"-4921055508012655729","potions_obtained":[{"floor":3,"key":"Ancient Potion"},{"floor":4,"key":"FairyPotion"},{"floor":8,"key":"ColorlessPotion"},{"floor":18,"key":"Ancient Potion"},{"floor":23,"key":"CultistPotion"},{"floor":31,"key":"Energy Potion"},{"floor":34,"key":"PowerPotion"},{"floor":38,"key":"CultistPotion"},{"floor":38,"key":"ColorlessPotion"},{"floor":39,"key":"SpeedPotion"},{"floor":44,"key":"DuplicationPotion"},{"floor":45,"key":"FairyPotion"},{"floor":46,"key":"SteroidPotion"}],"is_trial":false,"path_per_floor":["M","?","M","M","$","E","R","M","T","R","M","R","$","?","R","B",null,"M","$","?","$","?","E","R","M","T","R","M","R","T","E","R","B",null,"M","?","M","?","M","R","M","R","T","E","M","E","R","$","R","B"],"character_chosen":"THE_SENSHI","items_purchased":["Frozen Eye","theSenshi:KlutzyLuck","theSenshi:Sidestep","Lee\u0027s Waffle","Bag of Marbles"],"campfire_rested":9,"item_purchase_floors":[19,48,48,48,48],"current_hp_per_floor":[75,75,69,68,68,40,40,34,34,58,34,58,58,51,51,51,82,77,77,77,77,77,4,28,6,6,45,29,68,68,28,67,12,87,73,73,20,20,10,51,18,59,59,37,7,26,67,94,94,0,0],"gold":18,"neow_bonus":"TEN_PERCENT_HP_BONUS","is_daily":false,"chose_seed":false,"campfire_upgraded":3,"win_rate":0.0,"timestamp":1608780190,"path_taken":["M","?","?","M","$","E","R","M","T","R","M","R","$","?","R","BOSS","M","$","?","?","?","E","R","?","T","R","M","R","?","E","R","BOSS","M","?","?","?","M","R","M","R","T","E","M","E","R","?","R","BOSS"],"items_purchased_type":["Relic","Card","Card","Relic","Relic"],"build_version":"2020-12-22","purchased_purges":2,"victory":false,"max_hp_per_floor":[82,82,82,82,82,82,82,82,82,82,82,82,82,82,82,82,82,82,82,82,82,82,82,82,82,82,82,82,82,82,82,82,82,87,87,87,87,87,87,87,87,87,87,87,87,87,87,94,94,94,94],"card_choices":[{"not_picked":["theSenshi:LunasBite","theSenshi:MoonKick"],"picked":"theSenshi:SailorChibiMoonAssists","floor":1},{"not_picked":["theSenshi:MoonPunch","theSenshi:SailorChibiMoonAssists"],"picked":"theSenshi:SailorMercuryAssists","floor":3},{"not_picked":["theSenshi:SupersonicWaves","theSenshi:YouCanTalk"],"picked":"theSenshi:SailorPlanetAttack","floor":4},{"not_picked":["theSenshi:MoonPunch","theSenshi:MoonsReflection"],"picked":"theSenshi:SailorMarsAssists","floor":6},{"not_picked":["theSenshi:SailorPlanetPower","theSenshi:LateForSchool","theSenshi:SailorCosmosAssists"],"picked":"SKIP","floor":8},{"not_picked":["theSenshi:MoonKick","theSenshi:SailorChibiMoonAssists"],"picked":"theSenshi:TuxedoMaskAssists","floor":11},{"not_picked":["theSenshi:WarriorOfTheMoon","theSenshi:MoonGorgeousMeditation"],"picked":"theSenshi:JupitersPower","floor":16},{"not_picked":["theSenshi:DramaticEntrance","theSenshi:LunasBite","theSenshi:MoonPrincessHalation"],"picked":"SKIP","floor":18},{"not_picked":["theSenshi:OdangoHead","theSenshi:SailorPlanetPower"],"picked":"theSenshi:MoonPunch","floor":23},{"not_picked":["theSenshi:SailorVenusAssists+1","theSenshi:MoonCrisisMakeUp","theSenshi:SailorChibiMoonAssists+1"],"picked":"SKIP","floor":25},{"not_picked":["theSenshi:LunasBite","theSenshi:JupitersPower","theSenshi:SailorMercuryAssists"],"picked":"SKIP","floor":28},{"not_picked":["theSenshi:LunasBite+1","theSenshi:SailorStarFighterAssists"],"picked":"theSenshi:MoonPrincessHalation","floor":31},{"not_picked":["theSenshi:JupitersPower","theSenshi:SailorCosmosAssists"],"picked":"theSenshi:SailorStarHealerAssists","floor":33},{"not_picked":["theSenshi:LunasBite","theSenshi:TallSilhouette"],"picked":"theSenshi:SupersonicWaves+1","floor":34},{"not_picked":["theSenshi:SchoolBag+1","theSenshi:SailorPlanetAttack"],"picked":"theSenshi:MoonsReflection","floor":35},{"not_picked":["theSenshi:MoonPower+1","theSenshi:SailorMercuryAssists+1"],"picked":"theSenshi:MoonKick+1","floor":37},{"not_picked":["theSenshi:LunasBite+1","theSenshi:PlutosSolemnity+1","theSenshi:EncouragingSpeech+1"],"picked":"SKIP","floor":39},{"not_picked":["theSenshi:MoonKick","theSenshi:TuxedoMaskAssists","theSenshi:VenusGlamour"],"picked":"SKIP","floor":41},{"not_picked":["theSenshi:GatheringStrength","theSenshi:MoonsReflection"],"picked":"theSenshi:SailorMercuryAssists","floor":44},{"not_picked":["theSenshi:MoonHealingEscalation","theSenshi:LunasBite+1"],"picked":"theSenshi:SailorMercuryAssists","floor":45},{"not_picked":["theSenshi:EncouragingSpeech+1","theSenshi:SailorMarsAssists+1","theSenshi:SailorVenusAssists"],"picked":"SKIP","floor":45},{"not_picked":["theSenshi:TuxedoMaskAssists","theSenshi:TallSilhouette"],"picked":"theSenshi:SailorStarHealerAssists","floor":46}],"player_experience":133135,"relics_obtained":[{"floor":6,"key":"Girya"},{"floor":9,"key":"Pocketwatch"},{"floor":23,"key":"InkBottle"},{"floor":26,"key":"Regal Pillow"},{"floor":30,"key":"Matryoshka"},{"floor":31,"key":"theSenshi:SailorFukuRelic"},{"floor":43,"key":"Potion Belt"},{"floor":43,"key":"Pen Nib"},{"floor":44,"key":"Prayer Wheel"},{"floor":46,"key":"Boot"}],"event_choices":[{"damage_healed":0,"gold_gain":0,"player_choice":"Trade","damage_taken":0,"relics_obtained":["CultistMask"],"max_hp_gain":0,"max_hp_loss":0,"event_name":"FaceTrader","floor":2,"gold_loss":0},{"damage_healed":0,"gold_gain":0,"player_choice":"Success","damage_taken":7,"relics_obtained":["theSenshi:CrescentMoonWandRelic"],"max_hp_gain":0,"max_hp_loss":0,"event_name":"Scrap Ooze","floor":14,"gold_loss":0},{"damage_healed":0,"gold_gain":0,"player_choice":"Cursed","damage_taken":0,"max_hp_gain":0,"max_hp_loss":0,"event_name":"Wheel of Change","floor":20,"gold_loss":0,"cards_obtained":["Decay"]},{"damage_healed":0,"gold_gain":0,"player_choice":"Copied","damage_taken":0,"max_hp_gain":0,"max_hp_loss":0,"event_name":"Duplicator","floor":22,"gold_loss":0,"cards_obtained":["theSenshi:MoonPrismPowerMakeUp"]},{"cards_removed":["Decay"],"damage_healed":0,"gold_gain":0,"player_choice":"Removed Curses","damage_taken":0,"max_hp_gain":0,"max_hp_loss":0,"event_name":"Fountain of Cleansing","floor":36,"gold_loss":0},{"damage_healed":0,"gold_gain":0,"player_choice":"Bought 2 Potions","damage_taken":0,"max_hp_gain":0,"max_hp_loss":0,"event_name":"The Woman in Blue","floor":38,"gold_loss":0}],"is_beta":false,"boss_relics":[{"not_picked":["Sozu","Busted Crown"],"picked":"Empty Cage"},{"not_picked":["Black Star","Cursed Key"],"picked":"Tiny House"}],"items_purged_floors":[5,13],"is_endless":false,"potions_floor_spawned":[3,4,8,18,23,31,39,44,45,46],"killed_by":"Donu and Deca","ascension_level":0}}