{"host":"zjc1tzo4ovig5lll","time":1608798924,"event":{"mods":["AchievementEnabler","Aspiration","BaseMod","Beaked The Cultist","Better Altar","Better Match","Better Note","Better Sensory Stone","Colored Map","Colored Powertips","Conspire","Energized Spire","Friendly Minions","GifTheSpireLib","Halation","Hermit","Hubris","Minty Spire (QoL Compilation)","Rare Cards Sparkle","Replay The Spire","Spikes Relics","StSLib","Stuff the Spire","The Bug Knight","The Construct","The Jungle","The Servant 0.9.4","everything is the same but u backflip on backflip","vexMod"],"gold_per_floor":[110,127,76,86,102,136,136,89,89,117,137,153,153,153,153,251,251,191,241,252,267,286,286,301,57,81,81,87,87],"floor_reached":28,"playtime":1234,"items_purged":[],"score":242,"play_id":"97975fe2-0efc-49f4-a9e6-4bca5627ab9b","local_time":"20201224103524","is_ascension_mode":true,"campfire_choices":[{"data":"Invigoration","floor":7,"key":"SMITH"},{"floor":13,"key":"REST"},{"data":"Massacre+1","floor":15,"key":"SMITH"},{"data":"Armaments","floor":23,"key":"SMITH"},{"floor":27,"key":"REST"}],"circlet_count":0,"master_deck":["Strike_R","Strike_R","Strike_R","Strike_R","Strike_R","Defend_R","Defend_R","Defend_R","Defend_R","Bash","Invigoration+1","Cleave","Massacre+2","ReplayTheSpireMod:Stacked","Iron Wave","Armaments+1","Iron Wave","Demonic Infusion","Armaments+1"],"relics":["Burning Blood","NeowsBlessing","Replay:WaspNest","aspiration:FrozenJewel","conspire:InfiniteJournal","SlaversCollar","hubris:IronBody","Blue Doll"],"acts_visited":["Exordium","TheCity"],"potions_floor_usage":[],"damage_taken":[{"damage":0,"enemies":"Cultist","floor":1,"turns":1},{"damage":0,"enemies":"Small Slimes","floor":2,"turns":1},{"damage":0,"enemies":"2 Louse","floor":4,"turns":1},{"damage":18,"enemies":"Exordium Wildlife","floor":5,"turns":6},{"damage":34,"enemies":"3 Sentries","floor":6,"turns":8},{"damage":17,"enemies":"Gremlin Nob","floor":10,"turns":4},{"damage":10,"enemies":"Gremlin Gang","floor":11,"turns":6},{"damage":0,"enemies":"Red Slaver","floor":12,"turns":4},{"damage":16,"enemies":"Hexaghost","floor":16,"turns":9},{"damage":9,"enemies":"2 Thieves","floor":18,"turns":4},{"damage":15,"enemies":"Shell Parasite","floor":20,"turns":5},{"damage":22,"enemies":"Centurion and Healer","floor":21,"turns":9},{"damage":23,"enemies":"Snake Plant","floor":22,"turns":4},{"damage":26,"enemies":"3 Cultists","floor":24,"turns":7},{"damage":39,"enemies":"conspire:MimicChest","floor":28,"turns":9}],"seed_played":"-6540737665940289223","potions_obtained":[{"floor":5,"key":"Dexterity Potion"}],"is_trial":false,"path_per_floor":["M","M","$","M","M","E","R","$","T","E","M","M","R","?","R","B",null,"M","?","M","M","M","R","M","$","T","R","?"],"character_chosen":"IRONCLAD","items_purchased":["Massacre+1","Armaments","hubris:IronBody"],"campfire_rested":2,"item_purchase_floors":[3,8,25],"current_hp_per_floor":[80,80,80,80,68,40,40,40,40,29,25,31,55,55,55,45,80,77,77,68,52,35,35,15,15,15,39,0,0],"gold":87,"neow_bonus":"THREE_ENEMY_KILL","is_daily":false,"chose_seed":false,"campfire_upgraded":3,"win_rate":0.0,"timestamp":1608798924,"path_taken":["M","?","$","M","M","E","R","$","T","E","M","M","R","?","R","BOSS","M","?","M","?","M","R","M","$","T","R","?"],"items_purchased_type":["Card","Card","Relic"],"build_version":"2020-12-22","purchased_purges":0,"victory":false,"max_hp_per_floor":[80,80,80,80,80,80,80,80,80,80,80,80,80,80,80,80,80,80,80,80,80,80,80,80,80,80,80,80,80],"card_choices":[{"not_picked":["Power Through","Headbutt"],"picked":"Invigoration","floor":1},{"not_picked":["Pommel Strike","Life Link"],"picked":"Cleave","floor":2},{"not_picked":["Barricade","StuffTheSpire:Slingshot"],"picked":"ReplayTheSpireMod:Stacked","floor":4},{"not_picked":["Run Through","Perfected Strike","ReplayTheSpireMod:Corrosion Curse"],"picked":"SKIP","floor":5},{"not_picked":["Thunderclap","hubris:ReadiedAction"],"picked":"Iron Wave","floor":6},{"not_picked":["Replay:Undeath\u0027s Touch","Reaper","Havoc"],"picked":"SKIP","floor":10},{"not_picked":["Replay:Undeath\u0027s Touch","Reaper","Havoc"],"picked":"SKIP","floor":10},{"not_picked":["StuffTheSpire:RockThrow","Headbutt"],"picked":"Iron Wave","floor":11},{"not_picked":["Heavy Blade","Warcry","Replay:Undeath\u0027s Touch"],"picked":"SKIP","floor":12},{"not_picked":["Demon Form","StuffTheSpire:TitanForm"],"picked":"Demonic Infusion","floor":16},{"not_picked":["Defy Death+1","Wild Strike","Bloodletting"],"picked":"SKIP","floor":18},{"not_picked":["Sword Boomerang","Ghostly Armor","Shockwave"],"picked":"SKIP","floor":20},{"not_picked":["StuffTheSpire:RockThrow+1","Run Through+1"],"picked":"Armaments","floor":21},{"not_picked":["Twin Strike","Combust","Sword Boomerang"],"picked":"SKIP","floor":22},{"not_picked":["Sword Boomerang","Anger+1","True Grit"],"picked":"SKIP","floor":24}],"player_experience":583041,"relics_obtained":[{"floor":6,"key":"Replay:WaspNest"},{"floor":9,"key":"aspiration:FrozenJewel"},{"floor":10,"key":"conspire:InfiniteJournal"},{"floor":26,"key":"Blue Doll"}],"event_choices":[{"damage_healed":0,"gold_gain":0,"player_choice":"Upgraded","damage_taken":0,"max_hp_gain":0,"max_hp_loss":0,"event_name":"Upgrade Shrine","floor":14,"gold_loss":0,"cards_upgraded":["Armaments"]},{"damage_healed":0,"gold_gain":100,"player_choice":"Bet on Murderer","damage_taken":0,"max_hp_gain":0,"max_hp_loss":0,"event_name":"The Joust","floor":19,"gold_loss":50}],"is_beta":false,"boss_relics":[{"not_picked":["Velvet Choker","vexMod:BigBerry"],"picked":"SlaversCollar"}],"items_purged_floors":[],"is_endless":false,"potions_floor_spawned":[1,4,5,10,20,24],"killed_by":"conspire:MimicChest","ascension_level":1}}