{"host":"ue7jlgf7uv134an9","time":1608823726,"event":{"mods":["BaseMod","Better Third Choice","Defuse TimeMaze Blight","Minty Spire (QoL Compilation)","Quick Restart","Rare Cards Sparkle","Relic Stats","StSLib","UnlockEverythingMod"],"gold_per_floor":[109,122,136,136,147,173,173,204,204,232,232,197,197,15,15,15,15],"floor_reached":16,"playtime":485,"items_purged":["Strike_G"],"score":236,"play_id":"eb3126f8-9391-4144-bf3c-ab2a4ab7ea39","local_time":"20201224102846","is_ascension_mode":true,"campfire_choices":[{"floor":7,"key":"REST"},{"floor":11,"key":"REST"},{"data":"Terror","floor":13,"key":"SMITH"},{"data":"Dash","floor":15,"key":"SMITH"}],"circlet_count":0,"master_deck":["AscendersBane","Strike_G","Strike_G","Strike_G","Strike_G","Defend_G","Defend_G","Defend_G","Defend_G","Defend_G","Survivor","Neutralize","Flying Knee","Backstab","Cloak And Dagger+1","All Out Attack","Terror+1","Well Laid Plans","Dash+1","Masterful Stab"],"relics":["Ring of the Snake","NeowsBlessing","Omamori","Toy Ornithopter","The Courier"],"acts_visited":["Exordium"],"potions_floor_usage":[2,6,10,10],"damage_taken":[{"damage":0,"enemies":"Jaw Worm","floor":1,"turns":1},{"damage":0,"enemies":"Cultist","floor":2,"turns":1},{"damage":0,"enemies":"2 Louse","floor":3,"turns":1},{"damage":11,"enemies":"2 Fungi Beasts","floor":5,"turns":4},{"damage":19,"enemies":"Lagavulin","floor":6,"turns":7},{"damage":48,"enemies":"Gremlin Nob","floor":8,"turns":5},{"damage":11,"enemies":"Lagavulin","floor":10,"turns":8},{"damage":58,"enemies":"Slime Boss","floor":16,"turns":8}],"seed_played":"2959517369365626687","potions_obtained":[{"floor":1,"key":"Dexterity Potion"},{"floor":2,"key":"Fruit Juice"},{"floor":3,"key":"PowerPotion"},{"floor":8,"key":"AttackPotion"}],"is_trial":false,"path_per_floor":["M","M","M","?","M","E","R","E","T","E","R","?","R","$","R","B"],"character_chosen":"THE_SILENT","items_purchased":["Dash","Masterful Stab"],"campfire_rested":2,"item_purchase_floors":[14,14],"current_hp_per_floor":[59,64,64,64,53,34,55,7,7,6,27,44,44,44,44,0,0],"gold":15,"neow_bonus":"THREE_ENEMY_KILL","is_daily":false,"chose_seed":false,"campfire_upgraded":2,"win_rate":0.0,"timestamp":1608823726,"path_taken":["M","M","M","?","?","E","R","E","T","E","R","?","R","$","R","BOSS"],"items_purchased_type":["Card","Card"],"build_version":"2020-12-22","purchased_purges":1,"victory":false,"max_hp_per_floor":[66,71,71,71,71,71,71,71,71,71,71,71,71,71,71,71,71],"relic_stats":{"counters":[8,35],"obtain_stats":[{"NeowsBlessing":0,"The Courier":10,"Omamori":6,"Toy Ornithopter":8,"Ring of the Snake":0},{"NeowsBlessing":0,"The Courier":7,"Omamori":5,"Toy Ornithopter":6,"Ring of the Snake":0},{"NeowsBlessing":0,"The Courier":27,"Omamori":14,"Toy Ornithopter":19,"Ring of the Snake":0}],"Toy Ornithopter":10,"Ring of the Snake":[16]},"card_choices":[{"not_picked":["Concentrate","Dagger Throw"],"picked":"Flying Knee","floor":1},{"not_picked":["PiercingWail","Tactician"],"picked":"Backstab","floor":2},{"not_picked":["Heel Hook","PiercingWail"],"picked":"Cloak And Dagger","floor":3},{"not_picked":["Burst","Poisoned Stab"],"picked":"All Out Attack","floor":5},{"not_picked":["Deflect","Concentrate","Sucker Punch"],"picked":"SKIP","floor":6},{"not_picked":["PiercingWail","Cloak And Dagger"],"picked":"Terror","floor":8},{"not_picked":["Masterful Stab","Infinite Blades"],"picked":"Well Laid Plans","floor":10}],"player_experience":46909,"relics_obtained":[{"floor":6,"key":"Omamori"},{"floor":8,"key":"Toy Ornithopter"},{"floor":10,"key":"The Courier"}],"event_choices":[{"damage_healed":0,"gold_gain":0,"player_choice":"Upgraded","damage_taken":0,"max_hp_gain":0,"max_hp_loss":0,"event_name":"Upgrade Shrine","floor":4,"gold_loss":0,"cards_upgraded":["Cloak And Dagger"]},{"damage_healed":17,"gold_gain":0,"player_choice":"Healed","damage_taken":0,"max_hp_gain":0,"max_hp_loss":0,"event_name":"The Cleric","floor":12,"gold_loss":35}],"is_beta":false,"boss_relics":[],"items_purged_floors":[14],"is_endless":false,"potions_floor_spawned":[1,2,3,8],"killed_by":"Slime Boss","ascension_level":20}}