{"host":"32wqp873k6v4mx0b","time":1608845119,"event":{"mods":["AchievementEnabler","Act Like it!","BaseMod","Friendly Minions","KinomotoSakuraMod(木之本樱)","Kiyohime（清姬）","LagranYue(拉格朗・月)","Marisa（F雨　魔理沙）","Minty Spire (QoL Compilation)","Quick Restart","Reimu（博丽灵梦）","RumiaBox-露米娅的神秘盒子","SOS（斯巴达之子）","StSLib","WarShipGirlsR/战舰少女R mod","vexMod","【功能Mod】混沌之环修复补丁"],"gold_per_floor":[113,125,136,101,12,45,45,55,55,67,67,67,84,64,64,160,160,170,186,111,111,111],"floor_reached":21,"playtime":3917,"items_purged":[],"score":181,"play_id":"69ba8c0b-b80c-4858-904e-21e444d2d39f","local_time":"20201225052519","is_ascension_mode":false,"campfire_choices":[{"data":"rmod:basicallowance","floor":7,"key":"SMITH"},{"floor":12,"key":"REST"},{"floor":15,"key":"REST"}],"circlet_count":0,"master_deck":["rmod:strick","rmod:strick","rmod:strick","rmod:defend","rmod:defend","rmod:defend","rmod:defend","rmod:basicallowance+1","rmod:maingunfire","rmod:ammunitionsupply","rmod:luckystar","rmod:firesupport","rmod:luckystar","rmod:salvage","rmod:fuelsupply","rmod:fletcherpendant","rmod:steelsupply","rmod:fletcher","rmod:windflower","rmod:fletcherpendant","rmod:lonelyqueen+1","rmod:chargemoney"],"relics":["rmod:firstchargereward","LagranYue:RandomDrawCardRelic","Peace Pipe","Girya","EasyGame_NEW"],"acts_visited":["Exordium","TheCity"],"potions_floor_usage":[16,16,16,18],"damage_taken":[{"damage":12,"enemies":"Jaw Worm","floor":1,"turns":4},{"damage":5,"enemies":"2 Louse","floor":2,"turns":3},{"damage":13,"enemies":"Small Slimes","floor":3,"turns":4},{"damage":23,"enemies":"3 Sentries","floor":6,"turns":7},{"damage":12,"enemies":"Blue Slaver","floor":8,"turns":2},{"damage":15,"enemies":"Exordium Wildlife","floor":10,"turns":3},{"damage":10,"enemies":"Looter","floor":13,"turns":2},{"damage":20,"enemies":"The Guardian","floor":16,"turns":13},{"damage":30,"enemies":"Spheric Guardian","floor":18,"turns":4},{"damage":25,"enemies":"3 Byrds","floor":19,"turns":6},{"damage":27,"enemies":"Centurion and Healer","floor":21,"turns":3}],"seed_played":"-6710795436493455594","potions_obtained":[{"floor":1,"key":"Dexterity Potion"},{"floor":2,"key":"Regen Potion"},{"floor":8,"key":"Block Potion"},{"floor":10,"key":"SkillPotion"},{"floor":18,"key":"Fruit Juice"}],"is_trial":false,"path_per_floor":["M","M","M","?","$","E","R","M","T","M","?","R","M","?","R","B",null,"M","M","?","M"],"character_chosen":"PRAEFECT","items_purchased":["rmod:salvage","rmod:fuelsupply"],"campfire_rested":2,"item_purchase_floors":[5,5],"current_hp_per_floor":[63,58,45,63,63,40,40,28,28,13,38,60,50,50,72,66,75,50,25,25,0,0],"gold":111,"neow_bonus":"THREE_CARDS","is_daily":false,"chose_seed":false,"campfire_upgraded":1,"win_rate":0.0,"timestamp":1608845119,"path_taken":["M","M","M","?","$","E","R","M","T","M","?","R","M","?","R","BOSS","M","M","?","M"],"items_purchased_type":["Card","Card"],"build_version":"2020-12-22","purchased_purges":0,"victory":false,"max_hp_per_floor":[75,75,75,75,75,75,75,75,75,75,75,75,75,75,75,75,75,80,80,80,80,80],"card_choices":[{"not_picked":["rmod:supportescort","rmod:guardianhero"],"picked":"rmod:ammunitionsupply","floor":0},{"not_picked":["rmod:maintain","rmod:fletcherpendant"],"picked":"rmod:luckystar","floor":1},{"not_picked":["rmod:aggressivemary","rmod:fuelsupply"],"picked":"rmod:firesupport","floor":2},{"not_picked":["rmod:ring","rmod:supriseattacks"],"picked":"rmod:luckystar","floor":3},{"not_picked":["rmod:garrisonisland","rmod:firesupport"],"picked":"rmod:steelsupply","floor":6},{"not_picked":["rmod:supportescort","rmod:fuelsupply","rmod:diamondstrike"],"picked":"SKIP","floor":8},{"not_picked":["rmod:diamondstrike","rmod:circuitoustactics","rmod:sl"],"picked":"SKIP","floor":10},{"not_picked":["rmod:gendarmerie","rmod:fletcherpendant","rmod:wolves"],"picked":"SKIP","floor":13},{"not_picked":["rmod:fletcher","rmod:highspeedmaneuver"],"picked":"rmod:windflower","floor":16},{"not_picked":["rmod:launchingtorpedo","rmod:selfconfidence"],"picked":"rmod:lonelyqueen+1","floor":18},{"not_picked":["rmod:victimresponsibility","rmod:rockthrower+1"],"picked":"rmod:chargemoney","floor":19}],"player_experience":240040,"relics_obtained":[{"floor":6,"key":"Peace Pipe"},{"floor":9,"key":"Girya"}],"event_choices":[{"damage_healed":18,"gold_gain":0,"player_choice":"Healed","damage_taken":0,"max_hp_gain":0,"max_hp_loss":0,"event_name":"The Cleric","floor":4,"gold_loss":35},{"damage_healed":25,"gold_gain":0,"player_choice":"Banana","damage_taken":0,"max_hp_gain":0,"max_hp_loss":0,"event_name":"Big Fish","floor":11,"gold_loss":0},{"cards_removed":["rmod:strick"],"damage_healed":0,"gold_gain":0,"player_choice":"Gave Gold","damage_taken":0,"max_hp_gain":0,"max_hp_loss":0,"event_name":"Beggar","floor":20,"gold_loss":75}],"is_beta":false,"boss_relics":[{"not_picked":["SacredBark","vexMod:BigBerry"],"picked":"EasyGame_NEW"}],"items_purged_floors":[],"is_endless":false,"potions_floor_spawned":[1,2,8,10,13,18],"killed_by":"Centurion and Healer","ascension_level":0}}