{"host":"uwh382mre4waz4ff","time":1608770667,"event":{"mods":["AchievementEnabler","BaseMod","Better Note","Better Third Choice","BetterRewards","Minty Spire (QoL Compilation)","StSLib","The Poker Player"],"gold_per_floor":[116,130,130,154,183,223,255,267,267,267],"floor_reached":8,"playtime":754,"items_purged":[],"score":58,"play_id":"25315301-e448-48fd-b492-038b9f17f9b3","local_time":"20201224084427","is_ascension_mode":false,"metric_token":530,"campfire_choices":[],"circlet_count":0,"master_deck":["PokerPlayerMod:Diamond1","PokerPlayerMod:Diamond2","PokerPlayerMod:Diamond3","PokerPlayerMod:Diamond4","PokerPlayerMod:Diamond5","PokerPlayerMod:Spade1","PokerPlayerMod:Spade2","PokerPlayerMod:Spade3","PokerPlayerMod:Spade4","PokerPlayerMod:Club1","PokerPlayerMod:Club2","PokerPlayerMod:Heart2","PokerPlayerMod:TrumpStrike","PokerPlayerMod:BadJoker","PokerPlayerMod:Mulligan","PokerPlayerMod:CardPrinter","PokerPlayerMod:Spade4","Regret","PokerPlayerMod:Diamond7","PokerPlayerMod:Diamond5","PokerPlayerMod:Heart4","PokerPlayerMod:Raise"],"relics":["PokerPlayerMod:DeckCase","MawBank","Nunchaku","Odd Mushroom"],"acts_visited":["Exordium"],"potions_floor_usage":[6,7,8],"damage_taken":[{"damage":5,"enemies":"Jaw Worm","floor":1,"turns":5},{"damage":3,"enemies":"Small Slimes","floor":2,"turns":3},{"damage":0,"enemies":"2 Louse","floor":4,"turns":1},{"damage":20,"enemies":"Large Slime","floor":5,"turns":4},{"damage":30,"enemies":"3 Sentries","floor":6,"turns":7},{"damage":6,"enemies":"The Mushroom Lair","floor":7,"turns":5},{"damage":19,"enemies":"Gremlin Nob","floor":8,"turns":3}],"seed_played":"6933125698243560698","potions_obtained":[{"floor":1,"key":"FearPotion"},{"floor":2,"key":"Explosive Potion"},{"floor":4,"key":"GamblersBrew"}],"is_trial":false,"path_per_floor":["M","M","?","M","M","E","?","E"],"character_chosen":"THE_POKER_PLAYER","items_purchased":[],"campfire_rested":0,"item_purchase_floors":[],"current_hp_per_floor":[52,52,52,52,36,8,9,0,0,0],"gold":267,"neow_bonus":"TEN_PERCENT_HP_BONUS","is_daily":false,"chose_seed":false,"campfire_upgraded":0,"win_rate":0.0,"timestamp":1608770667,"path_taken":["M","M","?","M","M","E","?","E"],"items_purchased_type":[],"build_version":"2020-12-22","purchased_purges":0,"victory":false,"max_hp_per_floor":[57,57,57,57,57,57,57,57,57,57],"card_choices":[{"not_picked":["PokerPlayerMod:DartThrow","PokerPlayerMod:Diamond2"],"picked":"PokerPlayerMod:CardPrinter","floor":1},{"not_picked":["PokerPlayerMod:Heart5","PokerPlayerMod:CardBurn"],"picked":"PokerPlayerMod:Spade4","floor":2},{"not_picked":["PokerPlayerMod:Configure","PokerPlayerMod:SpadeStrike"],"picked":"PokerPlayerMod:Diamond7","floor":4},{"not_picked":["PokerPlayerMod:Diamond2","PokerPlayerMod:Sharpen"],"picked":"PokerPlayerMod:Diamond5","floor":5},{"not_picked":["PokerPlayerMod:Configure","PokerPlayerMod:Spade9"],"picked":"PokerPlayerMod:Heart4","floor":6},{"not_picked":["PokerPlayerMod:ClubsClub","PokerPlayerMod:Harden"],"picked":"PokerPlayerMod:Raise","floor":7}],"player_experience":48109,"relics_obtained":[{"floor":6,"key":"Nunchaku"},{"floor":7,"key":"Odd Mushroom"}],"event_choices":[{"damage_healed":0,"gold_gain":0,"player_choice":"Box","damage_taken":0,"relics_obtained":["MawBank"],"max_hp_gain":0,"max_hp_loss":0,"event_name":"Big Fish","floor":3,"gold_loss":0,"cards_obtained":["Regret"]},{"damage_healed":0,"gold_gain":0,"player_choice":"Fought Mushrooms","damage_taken":0,"max_hp_gain":0,"max_hp_loss":0,"event_name":"Mushrooms","floor":7,"gold_loss":0}],"is_beta":false,"boss_relics":[],"items_purged_floors":[],"is_endless":false,"potions_floor_spawned":[1,2,4],"killed_by":"Gremlin Nob","ascension_level":0}}