{"host":"l66odvkqh04jpxx0","time":1608797159,"event":{"mods":["BaseMod","Colored Powertips","Conspire","Luminous","Minty Spire (QoL Compilation)","Replay The Spire","StSLib","The Construct","The Cursed","The Mystic","The Servant 0.9.4"],"gold_per_floor":[211,211,264,181,200,226,226,226,252,252,277,296,316,391,391,489,489,504,522,216,216,240,240,240,265,265,280,315,328,328,342,342,439,439,457,468,468,514,319,319,335,368,368,368,403,419,419,468,468,468],"floor_reached":51,"playtime":3747,"items_purged":["Bash"],"score":751,"play_id":"2fd01013-f4dc-40c3-8139-3bfc6df8f5f7","local_time":"20201224160559","is_ascension_mode":false,"campfire_choices":[{"floor":8,"key":"REST"},{"data":"Perfected Strike","floor":10,"key":"SMITH"},{"floor":15,"key":"REST"},{"floor":23,"key":"REST"},{"floor":32,"key":"REST"},{"data":"Double Tap","floor":40,"key":"SMITH"},{"floor":44,"key":"REST"},{"floor":47,"key":"REST"},{"data":"Perfected Strike","floor":49,"key":"SMITH"}],"circlet_count":0,"master_deck":["Strike_R+2","Strike_R+1","Strike_R+2","Strike_R+1","Strike_R+1","Defend_R+1","Defend_R+1","Defend_R+1","Twin Strike+1","Perfected Strike+1","Perfected Strike+1","Limit Break","ReplayReversal","Double Tap+1","Twin Strike","ReplayReversal+1","Perfected Strike","Perfected Strike+1","Impervious","Flex+1","Twin Strike+1","ReplayTheSpireMod:LeadingStrike","Flex","Enlightenment","Inflame","ReplayTheSpireMod:Muscle Training","Infernal Blade"],"relics":["Replay:Wanted Poster","Pantograph","Bag of Marbles","Vajra","HornCleat","Runic Cube","Replay:PocketPolymizer","Nilry\u0027s Codex","conspire:TopHat","conspire:Flyswatter","Iron Hammer","Orichalcum","Busted Crown","Another Sword","King of Hearts","conspire:GlowingRock","Golden Egg","Simple Rune"],"acts_visited":["Exordium","TheCity","TheBeyond"],"potions_floor_usage":[13,13,33,33,33,42,46],"damage_taken":[{"damage":1,"enemies":"Cultist","floor":1,"turns":3},{"damage":0,"enemies":"Jaw Worm","floor":5,"turns":1},{"damage":20,"enemies":"Gremlin Nob","floor":6,"turns":4},{"damage":24,"enemies":"Lagavulin","floor":11,"turns":4},{"damage":0,"enemies":"2 Louse","floor":12,"turns":1},{"damage":1,"enemies":"Lots of Slimes","floor":13,"turns":3},{"damage":22,"enemies":"Slime Boss","floor":16,"turns":5},{"damage":2,"enemies":"3 Byrds","floor":18,"turns":4},{"damage":2,"enemies":"2 Thieves","floor":19,"turns":3},{"damage":25,"enemies":"Book of Stabbing","floor":25,"turns":4},{"damage":4,"enemies":"Centurion and Healer","floor":27,"turns":4},{"damage":23,"enemies":"Slavers","floor":28,"turns":5},{"damage":0,"enemies":"3 Cultists","floor":29,"turns":3},{"damage":9,"enemies":"Chosen and Byrds","floor":31,"turns":4},{"damage":47,"enemies":"Collector","floor":33,"turns":7},{"damage":0,"enemies":"Orb Walker","floor":35,"turns":1},{"damage":2,"enemies":"3 Darklings","floor":36,"turns":3},{"damage":9,"enemies":"2 Orb Walkers","floor":38,"turns":3},{"damage":5,"enemies":"Maw","floor":41,"turns":5},{"damage":0,"enemies":"Nemesis","floor":42,"turns":1},{"damage":51,"enemies":"Reptomancer","floor":45,"turns":4},{"damage":0,"enemies":"Transient","floor":46,"turns":5},{"damage":86,"enemies":"Awakened One","floor":50,"turns":7}],"seed_played":"1948443154097898337","potions_obtained":[{"floor":6,"key":"ElixirPotion"},{"floor":11,"key":"EntropicBrew"},{"floor":16,"key":"Explosive Potion"},{"floor":25,"key":"Dexterity Potion"},{"floor":27,"key":"Energy Potion"},{"floor":33,"key":"ColorlessPotion"},{"floor":35,"key":"FairyPotion"},{"floor":41,"key":"Fire Potion"}],"is_trial":false,"path_per_floor":["M","?","?","$","M","E","?","R","T","R","E","M","M","T","R","B",null,"M","M","$","?","T","R","?","E","T","M","E","M","?","M","R","B",null,"M","M","?","?","$","R","M","E","T","R","E","M","R","T","R","B",null],"character_chosen":"IRONCLAD","items_purchased":["Twin Strike+1","Perfected Strike","Replay:PocketPolymizer","ReplayTheSpireMod:LeadingStrike","Flex"],"campfire_rested":6,"item_purchase_floors":[4,4,20,39,39],"current_hp_per_floor":[79,63,63,63,63,43,43,67,67,67,43,43,42,42,66,58,80,78,76,76,60,60,80,80,55,55,51,28,28,28,19,43,21,80,80,78,68,59,59,59,54,54,54,78,27,27,51,51,51,14],"gold":468,"neow_bonus":"BOSS_RELIC","is_daily":false,"chose_seed":false,"campfire_upgraded":3,"win_rate":0.0,"timestamp":1608797159,"path_taken":["M","?","?","$","M","E","?","R","T","R","E","?","M","?","R","BOSS","M","M","$","?","?","R","?","E","T","M","E","?","?","M","R","BOSS","M","M","?","?","$","R","M","E","T","R","E","M","R","?","R","BOSS"],"items_purchased_type":["Card","Card","Relic","Card","Card"],"build_version":"2020-12-22","purchased_purges":1,"victory":true,"max_hp_per_floor":[80,80,80,80,80,80,80,80,80,80,80,80,80,80,80,80,80,80,80,80,80,80,80,80,80,80,80,80,80,80,80,80,80,80,80,80,80,80,80,80,80,80,80,80,80,80,80,80,80,80],"card_choices":[{"not_picked":["Clothesline","Dark Embrace"],"picked":"Uppercut","floor":1},{"not_picked":["Burning Pact","Thunderclap","Shockwave"],"picked":"SKIP","floor":5},{"not_picked":["Heavy Blade","Thunderclap"],"picked":"Perfected Strike","floor":6},{"not_picked":["Sever Soul","Replay:Undeath\u0027s Touch"],"picked":"Limit Break","floor":11},{"not_picked":["conspire:ExplosiveBarrier","Anger"],"picked":"ReplayReversal","floor":12},{"not_picked":["True Grit","Clash","conspire:Charge"],"picked":"SKIP","floor":13},{"not_picked":["conspire:HitWhereItHurts","Berserk"],"picked":"Double Tap","floor":16},{"not_picked":["Warcry","Run Through","ReplayTheSpireMod:Stacked+1"],"picked":"SKIP","floor":18},{"not_picked":["Abandon+1","Armaments","True Grit"],"picked":"SKIP","floor":19},{"not_picked":["Fire Breathing","Rupture"],"picked":"Twin Strike","floor":25},{"not_picked":["Armaments","Ghostly Armor"],"picked":"ReplayReversal+1","floor":27},{"not_picked":["Spot Weakness","Shrug It Off"],"picked":"Perfected Strike","floor":28},{"not_picked":["Sever Soul","conspire:HitWhereItHurts","ReplayTheSpireMod:Corrosion Curse+1"],"picked":"SKIP","floor":29},{"not_picked":["Cleave","Intimidate+1","True Grit"],"picked":"SKIP","floor":31},{"not_picked":["Eclipse","Reaper"],"picked":"Impervious","floor":33},{"not_picked":[],"picked":"Flex+1","floor":35},{"not_picked":[],"picked":"Twin Strike+1","floor":36},{"not_picked":[],"picked":"Deep Breath","floor":37},{"not_picked":[],"picked":"Inflame","floor":41},{"not_picked":["True Grit+1"],"picked":"SKIP","floor":42},{"not_picked":["Iron Wave"],"picked":"SKIP","floor":45},{"not_picked":["ReplayTheSpireMod:Corrosion Curse"],"picked":"SKIP","floor":46}],"player_experience":33679,"relics_obtained":[{"floor":6,"key":"Pantograph"},{"floor":9,"key":"Bag of Marbles"},{"floor":11,"key":"Vajra"},{"floor":14,"key":"HornCleat"},{"floor":21,"key":"Nilry\u0027s Codex"},{"floor":22,"key":"conspire:TopHat"},{"floor":25,"key":"conspire:Flyswatter"},{"floor":26,"key":"Iron Hammer"},{"floor":28,"key":"Orichalcum"},{"floor":38,"key":"Another Sword"},{"floor":42,"key":"King of Hearts"},{"floor":43,"key":"conspire:GlowingRock"},{"floor":45,"key":"Golden Egg"},{"floor":48,"key":"Simple Rune"}],"event_choices":[{"damage_healed":0,"gold_gain":0,"player_choice":"Entered Light","damage_taken":16,"max_hp_gain":0,"max_hp_loss":0,"event_name":"Shining Light","floor":2,"gold_loss":0,"cards_upgraded":["Defend_R","Defend_R"]},{"damage_healed":0,"gold_gain":53,"player_choice":"Gained Gold","damage_taken":0,"max_hp_gain":0,"max_hp_loss":0,"event_name":"Golden Wing","floor":3,"gold_loss":0},{"damage_healed":0,"gold_gain":0,"player_choice":"Upgraded","damage_taken":0,"max_hp_gain":0,"max_hp_loss":0,"event_name":"Upgrade Shrine","floor":7,"gold_loss":0,"cards_upgraded":["Perfected Strike"]},{"damage_healed":0,"gold_gain":0,"player_choice":"Obtained Book","damage_taken":16,"max_hp_gain":0,"max_hp_loss":0,"event_name":"Cursed Tome","floor":21,"gold_loss":0},{"damage_healed":0,"gold_gain":0,"player_choice":"Simplicity","damage_taken":0,"max_hp_gain":0,"max_hp_loss":0,"event_name":"Back to Basics","floor":24,"gold_loss":0,"cards_upgraded":["Strike_R","Strike_R","Strike_R","Strike_R","Strike_R","Defend_R"]},{"damage_healed":0,"gold_gain":0,"player_choice":"Read","damage_taken":0,"max_hp_gain":0,"max_hp_loss":0,"event_name":"The Library","floor":30,"gold_loss":0,"cards_obtained":["Perfected Strike"]},{"damage_healed":0,"gold_gain":0,"player_choice":"Memory 3","damage_taken":10,"max_hp_gain":0,"max_hp_loss":0,"event_name":"SensoryStone","floor":37,"gold_loss":0},{"damage_healed":0,"gold_gain":0,"player_choice":"Fight","damage_taken":0,"max_hp_gain":0,"max_hp_loss":0,"event_name":"Mysterious Sphere","floor":38,"gold_loss":0}],"is_beta":false,"boss_relics":[{"not_picked":["Calling Bell","SacredBark"],"picked":"Runic Cube"},{"not_picked":["Mark of Pain","Painkiller Herb"],"picked":"Busted Crown"}],"items_purged_floors":[39],"is_endless":false,"potions_floor_spawned":[6,11,16,25,27,28,31,33,35,41],"ascension_level":0}}