{"host":"eh44sfktyv3bhkuy","time":1608829213,"event":{"mods":["Act Like it!","Aspiration","BaseMod","Better Note","Better Sensory Stone","Challenge The Spire","Colored Map","Colored Powertips","Conspire","DeckTracker","Downfall","Elementarium","Energized Spire","GifTheSpireLib","Halation","Highlight Path","Hubris","Infinite Spire","Mimic Mod","Minty Spire (QoL Compilation)","Quick Restart","Random Character Button","Relic Sorter","Replay The Spire","StSLib","SuperFastMode","Synergy Search","The Factory","The Jungle","Unceasing Turn Reminder","Wandering Minibosses","everything is the same but u backflip on backflip","vexMod"],"gold_per_floor":[0,19,39,56,56,71,111,111,111,111],"floor_reached":8,"playtime":452,"items_purged":[],"score":50,"play_id":"a0895f5a-ccf6-401d-9a9f-71d05dca7f6d","local_time":"20201224180013","is_ascension_mode":true,"campfire_choices":[{"data":"Slimebound:Split","floor":1,"key":"SMITH"}],"circlet_count":0,"master_deck":["Slimebound:Strike_Slimebound","Slimebound:Strike_Slimebound+1","Slimebound:Strike_Slimebound","Slimebound:Tackle","Slimebound:Defend_Slimebound+1","Slimebound:Defend_Slimebound","Slimebound:Defend_Slimebound","Slimebound:Defend_Slimebound","Slimebound:Split+1","Slimebound:CorrosiveSpit","Slimebound:SlimeBarrage","Slimebound:LeechEnergy","Slimebound:SplitBruiser","Slimebound:SplitAcid","Slimebound:LevelUp"],"relics":["Slimebound:AbsorbEndCombat","halation:SwordOfLegend","Simple Rune"],"acts_visited":["Exordium"],"potions_floor_usage":[8],"damage_taken":[{"damage":8,"enemies":"2 Louse","floor":2,"turns":3},{"damage":8,"enemies":"Small Slimes","floor":3,"turns":3},{"damage":15,"enemies":"infinitespire:Voidling","floor":4,"turns":3},{"damage":12,"enemies":"Large Slime","floor":6,"turns":4},{"damage":16,"enemies":"Lots of Slimes","floor":7,"turns":4},{"damage":89,"enemies":"Gremlin Nob","floor":8,"turns":4}],"seed_played":"6123159263875527385","potions_obtained":[{"floor":2,"key":"Elixir"},{"floor":4,"key":"SteroidPotion"}],"is_trial":false,"path_per_floor":["R","M","M","M","?","M","MIM","E"],"character_chosen":"SLIMEBOUND","items_purchased":[],"campfire_rested":0,"item_purchase_floors":[],"current_hp_per_floor":[59,60,60,60,60,60,60,0,0,0],"gold":111,"neow_bonus":"ONE_RARE_RELIC","is_daily":false,"chose_seed":false,"campfire_upgraded":1,"win_rate":0.0,"timestamp":1608829213,"path_taken":["R","M","M","M","?","M","MIM","E"],"items_purchased_type":[],"build_version":"2020-12-22","purchased_purges":0,"victory":false,"max_hp_per_floor":[60,60,60,60,60,60,60,60,60,60],"card_choices":[{"not_picked":["Slimebound:PressTheAttack","Slimebound:DisruptingSlam"],"picked":"Slimebound:SlimeBarrage","floor":2},{"not_picked":["Slimebound:SlimeSpikes","Slimebound:LeechingTouch"],"picked":"Slimebound:LeechEnergy","floor":3},{"not_picked":["Slimebound:ViciousTackle","Slimebound:LeechingTouch"],"picked":"Slimebound:SplitBruiser","floor":4},{"not_picked":["Slimebound:ViciousTackle","Slimebound:SplitLeeching"],"picked":"Slimebound:SplitAcid","floor":6},{"not_picked":["Slimebound:LeechingTouch","Slimebound:AcidTongue"],"picked":"Slimebound:LevelUp","floor":7}],"player_experience":645647,"relics_obtained":[{"floor":7,"key":"Simple Rune"}],"event_choices":[],"is_beta":false,"boss_relics":[],"items_purged_floors":[],"is_endless":false,"potions_floor_spawned":[2,4],"killed_by":"Gremlin Nob","ascension_level":1}}