{"host":"wha9hktbkslqvblg","time":1608803186,"event":{"mods":["BaseMod","Colored Map","Minty Spire (QoL Compilation)","Relic Stats","SuperFastMode","everything is the same but u backflip on backflip"],"gold_per_floor":[119,194,194,194,17,43,63,63,63],"floor_reached":8,"playtime":136,"items_purged":["Strike_R"],"score":158,"play_id":"d813c9bd-187e-4467-8e10-c99759e26f3e","local_time":"20201224184626","is_ascension_mode":true,"campfire_choices":[],"circlet_count":0,"master_deck":["AscendersBane","Strike_R","Strike_R","Strike_R","Defend_R","Defend_R","Defend_R","Defend_R","Bash","Flash of Steel","Burning Pact"],"relics":["Burning Blood","NeowsBlessing","Frozen Egg 2","Unceasing Top"],"acts_visited":["Exordium"],"potions_floor_usage":[8],"damage_taken":[{"damage":0,"enemies":"Jaw Worm","floor":1,"turns":1},{"damage":0,"enemies":"Gremlin Nob","floor":6,"turns":1},{"damage":0,"enemies":"2 Louse","floor":7,"turns":1},{"damage":50,"enemies":"3 Sentries","floor":8,"turns":11}],"seed_played":"379043866680206529","potions_obtained":[{"floor":6,"key":"Explosive Potion"}],"is_trial":false,"path_per_floor":["M","?","?","?","$","E","M","E"],"character_chosen":"IRONCLAD","items_purchased":["Flash of Steel"],"campfire_rested":0,"item_purchase_floors":[5],"current_hp_per_floor":[74,63,52,45,45,51,57,7,7],"gold":63,"neow_bonus":"THREE_ENEMY_KILL","is_daily":false,"chose_seed":false,"campfire_upgraded":0,"win_rate":0.0,"timestamp":1608803186,"path_taken":["M","?","?","?","?","E","?","E"],"items_purchased_type":["Card"],"build_version":"2020-12-22","purchased_purges":1,"victory":false,"max_hp_per_floor":[75,75,75,75,75,75,75,75,75],"relic_stats":{"counters":[4,14],"obtain_stats":[{"NeowsBlessing":0,"Frozen Egg 2":3,"Burning Blood":0,"Unceasing Top":6},{"NeowsBlessing":0,"Frozen Egg 2":1,"Burning Blood":0,"Unceasing Top":2},{"NeowsBlessing":0,"Frozen Egg 2":1,"Burning Blood":0,"Unceasing Top":2}],"Burning Blood":18,"Unceasing Top":[0]},"card_choices":[{"not_picked":["Clothesline","Searing Blow","Heavy Blade"],"picked":"SKIP","floor":1},{"not_picked":["Rampage","Disarm","Flex"],"picked":"SKIP","floor":6},{"not_picked":["Thunderclap","Clash"],"picked":"Burning Pact","floor":7}],"player_experience":884540,"relics_obtained":[{"floor":6,"key":"Unceasing Top"}],"event_choices":[{"damage_healed":0,"gold_gain":75,"player_choice":"Gather Gold","damage_taken":11,"max_hp_gain":0,"max_hp_loss":0,"event_name":"World of Goop","floor":2,"gold_loss":0},{"damage_healed":0,"gold_gain":0,"player_choice":"Success","damage_taken":11,"relics_obtained":["Frozen Egg 2"],"max_hp_gain":0,"max_hp_loss":0,"event_name":"Scrap Ooze","floor":3,"gold_loss":0},{"cards_removed":["Strike_R"],"damage_healed":0,"gold_gain":0,"player_choice":"Card Removal","damage_taken":7,"max_hp_gain":0,"max_hp_loss":0,"event_name":"Golden Wing","floor":4,"gold_loss":0}],"is_beta":false,"boss_relics":[],"items_purged_floors":[5],"is_endless":false,"potions_floor_spawned":[6],"killed_by":"3 Sentries","ascension_level":20}}