{"host":"3ek78t4i81ecmdy1","time":1608774477,"event":{"mods":["2.2 Compatiblity","AchievementEnabler","BaseMod","Colored Map","DeckTracker","Filter the Spire","Keyboard Shortcuts","Minty Spire (QoL Compilation)","Permanent Neow","Quick Restart","SuperFastMode","everything is the same but u backflip on backflip"],"gold_per_floor":[12,22,22,36,36,66,86,112,112,112,146,9,9,9,9,108,108,120,130,55,55,68,68,79,79,79,178,205,215,244,159,159,261,261,273,273,273,0,20,20,32,32,82,112,124,154,181,228,240,252,252],"floor_reached":50,"playtime":1607,"items_purged":["Defend_R"],"score":637,"play_id":"fe73a7d6-18be-4cce-9576-5da849b68fb9","local_time":"20201224104757","is_ascension_mode":true,"campfire_choices":[{"data":"True Grit","floor":13,"key":"SMITH"},{"data":"Infernal Blade","floor":15,"key":"SMITH"},{"data":"Seeing Red","floor":23,"key":"SMITH"},{"data":"Immolate","floor":25,"key":"SMITH"},{"data":"Armaments","floor":32,"key":"SMITH"},{"data":"1","floor":40,"key":"LIFT"},{"data":"2","floor":42,"key":"LIFT"},{"data":"3","floor":45,"key":"LIFT"},{"floor":49,"key":"RECALL"}],"circlet_count":0,"master_deck":["Strike_R","Strike_R","Defend_R","Defend_R","Bash","Infernal Blade+1","Seeing Red+1","True Grit+1","Cleave","Inflame+1","Pommel Strike","Warcry","Good Instincts","Pummel+1","Second Wind+1","Exhume+1","Clothesline+1","Iron Wave+1","Immolate+1","Fire Breathing+1","Burning Pact","Reckless Charge","Armaments+1","Impervious","CurseOfTheBell","Heavy Blade+1","Dramatic Entrance+1","Panacea","Dramatic Entrance+1","Sentinel+1","Shockwave+1","Anger+1","Rage"],"relics":["Burning Blood","Torii","Frozen Egg 2","Eternal Feather","Pear","Smiling Mask","Pantograph","StoneCalendar","Astrolabe","Mercury Hourglass","InkBottle","Oddly Smooth Stone","Boot","Calling Bell","Toy Ornithopter","Molten Egg 2","Girya","Red Mask","Pen Nib","MawBank","Ancient Tea Set"],"acts_visited":["Exordium","TheCity","TheBeyond"],"potions_floor_usage":[11,22,28,30,39,44],"damage_taken":[{"damage":1,"enemies":"Cultist","floor":1,"turns":3},{"damage":13,"enemies":"Jaw Worm","floor":2,"turns":3},{"damage":2,"enemies":"Small Slimes","floor":4,"turns":4},{"damage":1,"enemies":"Gremlin Nob","floor":6,"turns":3},{"damage":2,"enemies":"Exordium Wildlife","floor":7,"turns":4},{"damage":24,"enemies":"Lagavulin","floor":8,"turns":6},{"damage":12,"enemies":"3 Sentries","floor":11,"turns":5},{"damage":35,"enemies":"The Guardian","floor":16,"turns":9},{"damage":26,"enemies":"Spheric Guardian","floor":18,"turns":4},{"damage":15,"enemies":"Shell Parasite","floor":19,"turns":4},{"damage":35,"enemies":"Snecko","floor":22,"turns":6},{"damage":0,"enemies":"Centurion and Healer","floor":24,"turns":6},{"damage":21,"enemies":"Book of Stabbing","floor":28,"turns":5},{"damage":0,"enemies":"3 Cultists","floor":29,"turns":2},{"damage":36,"enemies":"Gremlin Leader","floor":30,"turns":6},{"damage":54,"enemies":"Automaton","floor":33,"turns":9},{"damage":22,"enemies":"3 Darklings","floor":35,"turns":4},{"damage":7,"enemies":"Orb Walker","floor":39,"turns":3},{"damage":27,"enemies":"Spire Growth","floor":41,"turns":5},{"damage":48,"enemies":"Nemesis","floor":44,"turns":5},{"damage":0,"enemies":"Sphere and 2 Shapes","floor":46,"turns":2},{"damage":7,"enemies":"Jaw Worm Horde","floor":47,"turns":3},{"damage":32,"enemies":"Giant Head","floor":48,"turns":7},{"damage":0,"enemies":"Awakened One","floor":50,"turns":1}],"seed_played":"-3308937478698752900","potions_obtained":[{"floor":1,"key":"LiquidBronze"},{"floor":7,"key":"HeartOfIron"},{"floor":8,"key":"Dexterity Potion"},{"floor":16,"key":"ColorlessPotion"},{"floor":22,"key":"BlessingOfTheForge"},{"floor":28,"key":"LiquidMemories"},{"floor":35,"key":"Regen Potion"},{"floor":41,"key":"PowerPotion"},{"floor":48,"key":"SkillPotion"}],"is_trial":false,"path_per_floor":["M","M","?","M","?","E","M","E","T","T","E","$","R","$","R","B",null,"M","M","?","?","M","R","M","R","T","?","E","M","E","?","R","B",null,"M","?","?","?","M","R","M","R","T","E","R","M","M","E","R","B"],"character_chosen":"IRONCLAD","items_purchased":["Good Instincts"],"campfire_rested":0,"item_purchase_floors":[12],"current_hp_per_floor":[80,73,61,65,65,80,84,66,66,66,60,60,69,69,78,61,90,70,61,61,61,32,44,50,62,62,62,47,53,23,23,35,12,90,74,64,64,64,68,86,65,83,83,46,64,70,69,43,61,86,86],"gold":252,"neow_bonus":"ONE_RARE_RELIC","is_daily":false,"chose_seed":false,"campfire_upgraded":5,"win_rate":0.0,"timestamp":1608774477,"path_taken":["M","?","?","M","?","E","?","E","T","?","E","$","R","?","R","BOSS","M","M","?","?","?","R","M","R","T","?","E","M","E","?","R","BOSS","M","?","?","?","M","R","?","R","T","E","R","M","?","E","R","BOSS"],"items_purchased_type":["Card"],"build_version":"2020-12-22","purchased_purges":1,"victory":false,"max_hp_per_floor":[80,80,80,80,80,90,90,90,90,90,90,90,90,90,90,90,90,90,90,90,90,90,90,90,90,90,90,90,90,90,90,90,90,90,90,90,90,90,90,90,90,90,90,90,90,90,90,90,90,90,90],"card_choices":[{"not_picked":["Uppercut","True Grit"],"picked":"Infernal Blade","floor":1},{"not_picked":["Heavy Blade","Bloodletting"],"picked":"Seeing Red","floor":2},{"not_picked":["Warcry","Wild Strike"],"picked":"True Grit","floor":4},{"not_picked":["Clothesline","Clash"],"picked":"Cleave","floor":6},{"not_picked":["Reckless Charge","Pummel"],"picked":"Inflame+1","floor":7},{"not_picked":["Berserk+1","True Grit"],"picked":"Pommel Strike","floor":8},{"not_picked":["Heavy Blade","Seeing Red"],"picked":"Warcry","floor":11},{"not_picked":["Bludgeon","Exhume"],"picked":"Demon Form+1","floor":16},{"not_picked":["Combust+1","Twin Strike"],"picked":"Clothesline+1","floor":18},{"not_picked":["Headbutt","Shrug It Off+1"],"picked":"Iron Wave+1","floor":19},{"not_picked":["Pommel Strike+1","Headbutt","Entrench"],"picked":"SKIP","floor":22},{"not_picked":["Cleave","Clash"],"picked":"Burning Pact","floor":24},{"not_picked":["Cleave+1","Body Slam"],"picked":"Reckless Charge","floor":28},{"not_picked":["Searing Blow","Headbutt","Havoc"],"picked":"SKIP","floor":29},{"not_picked":["Feel No Pain+1","Clothesline+1"],"picked":"Armaments","floor":30},{"not_picked":["Exhume","Berserk+1"],"picked":"Impervious","floor":33},{"not_picked":["Cleave+1","Warcry"],"picked":"Heavy Blade+1","floor":35},{"not_picked":["Trip","Enlightenment"],"picked":"Dramatic Entrance+1","floor":36},{"not_picked":["Jack Of All Trades","Chrysalis"],"picked":"Panacea","floor":36},{"not_picked":["Master of Strategy","Thinking Ahead"],"picked":"Dramatic Entrance+1","floor":36},{"not_picked":["Heavy Blade+1","Second Wind"],"picked":"Sentinel+1","floor":39},{"not_picked":["Headbutt+1","Armaments+1","Flame Barrier"],"picked":"SKIP","floor":41},{"not_picked":["Feel No Pain+1","True Grit"],"picked":"Shockwave+1","floor":44},{"not_picked":["Havoc+1","Heavy Blade+1","Dropkick+1"],"picked":"SKIP","floor":46},{"not_picked":["Sword Boomerang+1","Shrug It Off+1"],"picked":"Anger+1","floor":47},{"not_picked":["Entrench","Fiend Fire+1"],"picked":"Rage","floor":48}],"player_experience":26858,"relics_obtained":[{"floor":6,"key":"Pear"},{"floor":8,"key":"Smiling Mask"},{"floor":9,"key":"Pantograph"},{"floor":11,"key":"StoneCalendar"},{"floor":26,"key":"Mercury Hourglass"},{"floor":28,"key":"InkBottle"},{"floor":30,"key":"Oddly Smooth Stone"},{"floor":34,"key":"Toy Ornithopter"},{"floor":34,"key":"Molten Egg 2"},{"floor":34,"key":"Girya"},{"floor":43,"key":"Pen Nib"},{"floor":44,"key":"MawBank"},{"floor":48,"key":"Ancient Tea Set"}],"event_choices":[{"damage_healed":0,"gold_gain":0,"player_choice":"Success","damage_taken":12,"relics_obtained":["Frozen Egg 2"],"max_hp_gain":0,"max_hp_loss":0,"event_name":"Scrap Ooze","floor":3,"gold_loss":0},{"damage_healed":0,"gold_gain":0,"player_choice":"Gave Potion","damage_taken":0,"relics_obtained":["Eternal Feather"],"max_hp_gain":0,"max_hp_loss":0,"event_name":"WeMeetAgain","floor":5,"gold_loss":0},{"cards_removed":["Strike_R"],"damage_healed":0,"gold_gain":0,"player_choice":"Gave Gold","damage_taken":0,"max_hp_gain":0,"max_hp_loss":0,"event_name":"Beggar","floor":20,"gold_loss":75},{"damage_healed":0,"gold_gain":0,"player_choice":"2 cards matched","damage_taken":0,"max_hp_gain":0,"max_hp_loss":0,"event_name":"Match and Keep!","floor":21,"gold_loss":0,"cards_obtained":["Immolate","Fire Breathing"]},{"damage_healed":0,"gold_gain":99,"player_choice":"Stole From Cult","damage_taken":0,"max_hp_gain":0,"max_hp_loss":0,"event_name":"Nest","floor":27,"gold_loss":0},{"damage_healed":0,"gold_gain":0,"player_choice":"Obtained Relic","damage_taken":0,"relics_obtained":["Boot"],"max_hp_gain":0,"max_hp_loss":0,"event_name":"Addict","floor":31,"gold_loss":85},{"damage_healed":0,"gold_gain":0,"player_choice":"Memory 3","damage_taken":10,"max_hp_gain":0,"max_hp_loss":0,"event_name":"SensoryStone","floor":36,"gold_loss":0},{"cards_removed":["Demon Form"],"damage_healed":0,"gold_gain":0,"player_choice":"Removed Power","damage_taken":0,"max_hp_gain":0,"max_hp_loss":0,"event_name":"Falling","floor":37,"gold_loss":0},{"damage_healed":0,"gold_gain":0,"player_choice":"Paid","damage_taken":0,"relics_obtained":["Red Mask"],"max_hp_gain":0,"max_hp_loss":0,"event_name":"Tomb of Lord Red Mask","floor":38,"gold_loss":273}],"is_beta":false,"boss_relics":[{"not_picked":["Pandora\u0027s Box","Mark of Pain"],"picked":"Astrolabe"},{"not_picked":["SlaversCollar","Black Blood"],"picked":"Calling Bell"}],"items_purged_floors":[12],"is_endless":false,"potions_floor_spawned":[1,7,8,16,22,28,35,41,48],"killed_by":"Awakened One","ascension_level":1}}