{"host":"3z9xbwjeimmg738z","time":1608852479,"event":{"mods":["2.2 Compatiblity","Act Like it!","AlwaysNeverKeys","Arknights The Spire","Aspiration","Bard","Bartender","BaseMod","Beaked The Cultist","Better Altar","Better Match","Better Note","Better Sensory Stone","Better Skull","Better Third Choice","CapriCore","ChefMod","Colored Powertips","Defuse TimeMaze Blight","Dio Mod","Displayed Cursed Tome","Emptier Cage","Faster Ascension Climbing","Fiend Mod","Gensokyo","GifTheSpireLib","Hallownest","Hubris","JesterMod","KinomotoSakuraMod(????)","Koishi","Mari Mod (Legacy)","Mari\u0027s V1 Patch","Marisa????????","Minty Spire (QoL Compilation)","Pale of the Ancients","Permanent Neow","Replay The Spire","Robot Space Explorer","Shop Mod","StSLib","Stuff the Spire","The Accelerator","The Caster","The Immortal","The Marked","The Mystic","The Servant 0.9.4","TheArtist","Uncapped","Wandering Minibosses","vexMod"],"gold_per_floor":[115,40,56,56,88,116,116,116,166,166,184,184,184,215,215,310,310,326,57,70,70,70],"floor_reached":21,"playtime":1234,"items_purged":["ats:Strike V"],"score":195,"play_id":"6f9535f6-7594-4e49-bf5b-69682f6f84b5","local_time":"20201224152759","is_ascension_mode":false,"campfire_choices":[{"floor":7,"key":"REST"},{"data":"ats:Part Time Job","floor":13,"key":"SMITH"},{"data":"ats:Emotion Absorption","floor":15,"key":"SMITH"}],"circlet_count":0,"master_deck":["ats:Strike G","ats:Strike S","ats:Armor Crushing Shot","ats:Defend","ats:Defend","ats:Defend","ats:Defend","ats:Emotion Absorption+1","ats:True Silver Slash","ats:Part Time Job+1","ats:Cat Scratch","ats:Encircling Forest","ats:Soul Rend","ats:Counter Healing Mode"],"relics":["ats:Sanity","hubris:Icosahedron","ats:Originium","Blue Doll","ats:Originium","Choco_Feather","Vajra","Pen Nib","ats:Originium","hubris:SlimyHat","StuffTheSpire:CocoNut"],"acts_visited":["Gensokyo:Gensokyo","Gensokyo:Gensokyoer"],"potions_floor_usage":[16],"damage_taken":[{"damage":5.0,"enemies":"Gensokyo:2_Kodama","floor":1.0,"turns":3.0},{"damage":1.0,"enemies":"Gensokyo:Python","floor":3.0,"turns":4.0},{"damage":35.0,"enemies":"Gensokyo:Cirno","floor":5.0,"turns":7.0},{"damage":25,"enemies":"Gensokyo:Cirno","floor":6,"turns":6},{"damage":0,"enemies":"Gensokyo:3_Fairies","floor":11,"turns":3},{"damage":10,"enemies":"Gensokyo:Aya","floor":14,"turns":6},{"damage":30,"enemies":"Gensokyo:Reimu","floor":16,"turns":12},{"damage":58,"enemies":"Gensokyo:CosmicMonolith","floor":18,"turns":12},{"damage":23,"enemies":"Gensokyo:AngelMirror","floor":20,"turns":5},{"damage":0,"enemies":"Gensokyo:Chomper_and_Gloop","floor":21,"turns":1}],"seed_played":"757144213989660547","potions_obtained":[{"floor":6,"key":"Explosive Potion"},{"floor":14,"key":"Elixir"},{"floor":20,"key":"ats:Top Emergency Sanity Potion"}],"is_trial":false,"path_per_floor":["M","$","M","?","?","E","R","?","T","?","M","?","R","E","R","B",null,"M","$","M","M"],"character_chosen":"DOCTOR_CLASS","items_purchased":["StuffTheSpire:CocoNut","ats:Counter Healing Mode"],"campfire_rested":1,"item_purchase_floors":[19,19],"current_hp_per_floor":[67,67,66,66,31,12,33,33,33,40,40,40,40,38,38,26,72,47,54,40,40,40],"gold":70,"neow_bonus":"ONE_RANDOM_RARE_CARD","is_daily":false,"chose_seed":false,"campfire_upgraded":2,"win_rate":0.0,"timestamp":1608852479,"path_taken":["M","$","M","?","?","E","R","?","T","?","M","?","R","E","R","BOSS","M","$","M","M"],"items_purchased_type":["Relic","Card"],"build_version":"2020-12-22","purchased_purges":1,"victory":false,"max_hp_per_floor":[72,72,72,72,72,72,72,72,72,72,72,72,72,72,72,72,72,72,79,79,79,79],"card_choices":[{"not_picked":["ats:Assault Order","ats:Childhood Dance","ats:Hammer On"],"picked":"SKIP","floor":1.0},{"not_picked":["ats:Curse Doll","ats:Shell Defense","ats:Poison Spread"],"picked":"SKIP","floor":3.0},{"not_picked":["ats:Revitalization","ats:Cat Scratch"],"picked":"ats:Part Time Job","floor":5.0},{"not_picked":["ats:Flexible Camouflage","ats:Defend Order"],"picked":"ats:Cat Scratch","floor":6},{"not_picked":["ats:Hammer On","ats:Leaping Hammer","ats:Curse Doll"],"picked":"SKIP","floor":11},{"not_picked":["ats:Rat Pack","ats:Spore Proliferation"],"picked":"ats:Encircling Forest","floor":14},{"not_picked":["ats:Disruption Kick","ats:Durian"],"picked":"ats:Soul Rend","floor":16},{"not_picked":["ats:Leaping Hammer","ats:Shell Defense","ats:Consecutive Shot Auto"],"picked":"SKIP","floor":18},{"not_picked":["ats:Assault Order+1","ats:Flame Of Heaven","ats:Healing Drone"],"picked":"SKIP","floor":20}],"player_experience":411992,"relics_obtained":[{"floor":5.0,"key":"ats:Originium"},{"floor":5.0,"key":"Blue Doll"},{"floor":6,"key":"ats:Originium"},{"floor":6,"key":"Choco_Feather"},{"floor":9,"key":"Pen Nib"},{"floor":14,"key":"ats:Originium"},{"floor":14,"key":"hubris:SlimyHat"}],"event_choices":[],"is_beta":false,"boss_relics":[{"not_picked":["hubris:ScarierMask","aspiration:FutureDiary","Runic Dome"]}],"items_purged_floors":[2],"is_endless":false,"potions_floor_spawned":[6,14,20],"killed_by":"Gensokyo:Chomper_and_Gloop","ascension_level":0}}