{"host":"lctcqud4f9t1q6q5","time":1608809276,"event":{"mods":["BaseMod","Better Vampires","Block Reminder","Colored Map","Colored Powertips","Highlight Path","KinomotoSakuraMod(木之本樱)","Marisa（F雨　魔理沙）","Minty Spire (QoL Compilation)","Quick Restart","Reimu（博丽灵梦）","Relic Stats","Replay The Spire","RumiaBox-露米娅的神秘盒子","Shop Mod","Spicy Shops","StSLib","TestMod","The Bug Knight","WarShipGirlsR/战舰少女R mod","vexMod","【功能Mod】混沌之环修复补丁","篝火指南"],"gold_per_floor":[119,139,139,139,139,164,177,207,260,286,286,300,332,32,32,133,133,143,143,143,162,58,58,93,93],"floor_reached":24,"playtime":837,"items_purged":[],"score":365,"play_id":"5e7f5ada-9cf2-4ec2-9262-f9ce26e45f8e","local_time":"20201224192756","is_ascension_mode":true,"campfire_choices":[{"floor":11,"key":"REST"},{"data":"christmas-Plague","floor":15,"key":"SMITH"},{"floor":23,"key":"REST"}],"circlet_count":0,"master_deck":["Strike_P+1","Strike_P","Strike_P","Defend_P+1","Defend_P","Defend_P+1","Defend_P","Eruption","Vigilance","christmas-Plague+1","Devotion","TalkToTheHand","RitualDagger+1"],"relics":["testmod-TestBox","testmod-GiftOfSatan","NeowsBlessing","CrazyTorch:ReiMu","Gremlin Food","Replay:Wax Seal","ReplayFunnel","Pantograph","PreservedInsect","vexMod:Cooldron","EasyGame_NEW","MerchantsRug","Replay:Bandana","GodSword5"],"acts_visited":["Exordium","TheCity"],"potions_floor_usage":[8,10,13,16,22],"damage_taken":[{"damage":0,"enemies":"Cultist","floor":1,"turns":1},{"damage":0,"enemies":"2 Louse","floor":2,"turns":1},{"damage":0,"enemies":"3 Sentries","floor":6,"turns":1},{"damage":4,"enemies":"Jaw Worm","floor":7,"turns":3},{"damage":19,"enemies":"Lagavulin","floor":8,"turns":5},{"damage":16,"enemies":"Gremlin Nob","floor":10,"turns":3},{"damage":0,"enemies":"3 Louse","floor":12,"turns":1},{"damage":19,"enemies":"Lagavulin","floor":13,"turns":4},{"damage":0,"enemies":"Fading Forest","floor":16,"turns":7},{"damage":9,"enemies":"Shell Parasite","floor":18,"turns":3},{"damage":35,"enemies":"Spheric Guardian","floor":21,"turns":5},{"damage":14,"enemies":"HollowMod:Nosk","floor":24,"turns":4}],"seed_played":"-5926587879869261893","potions_obtained":[{"floor":2,"key":"SneckoOil"},{"floor":6,"key":"SkillPotion"},{"floor":7,"key":"MagicPotion:ReiMu"},{"floor":8,"key":"Adrenaline Potion"},{"floor":13,"key":"Strength Potion"},{"floor":16,"key":"EntropicBrew"},{"floor":21,"key":"EntropicBrew"},{"floor":24,"key":"EntropicBrew"}],"is_trial":false,"path_per_floor":["M","M","?","?","$","E","M","E","T","E","R","M","E","$","R","B",null,"M","?","?","M","$","R","E"],"character_chosen":"WATCHER","items_purchased":["PreservedInsect","vexMod:Cooldron","MerchantsRug","Replay:Bandana"],"campfire_rested":2,"item_purchase_floors":[14,14,22,22],"current_hp_per_floor":[77,77,77,62,62,62,64,45,45,41,65,65,59,59,59,82,82,73,73,67,32,32,56,54,54],"gold":93,"neow_bonus":"THREE_ENEMY_KILL","is_daily":false,"chose_seed":false,"campfire_upgraded":1,"win_rate":0.0,"timestamp":1608809276,"path_taken":["M","M","?","?","?","E","M","E","T","E","R","M","E","$","R","BOSS","M","?","?","?","$","R","E"],"items_purchased_type":["Relic","Relic","Relic","Relic"],"build_version":"2020-12-22","purchased_purges":0,"victory":false,"max_hp_per_floor":[77,77,77,77,77,77,77,77,77,82,82,82,82,82,82,82,82,82,82,82,82,82,82,82,82],"relic_stats":{"counters":[12,38],"Pantograph":23,"PreservedInsect":12,"obtain_stats":[{"Gremlin Food":8,"ReplayFunnel":10,"MerchantsRug":22,"testmod-TestBox":0,"NeowsBlessing":0,"PreservedInsect":14,"vexMod:Cooldron":14,"Replay:Bandana":22,"testmod-GiftOfSatan":0,"Pantograph":13,"CrazyTorch:ReiMu":6,"GodSword5":24,"PureWater":0,"Replay:Wax Seal":9,"EasyGame_NEW":17},{"Gremlin Food":5,"ReplayFunnel":6,"MerchantsRug":11,"testmod-TestBox":0,"NeowsBlessing":0,"PreservedInsect":8,"vexMod:Cooldron":8,"Replay:Bandana":11,"testmod-GiftOfSatan":0,"Pantograph":8,"CrazyTorch:ReiMu":3,"GodSword5":12,"PureWater":0,"Replay:Wax Seal":5,"EasyGame_NEW":9},{"Gremlin Food":11,"ReplayFunnel":14,"MerchantsRug":34,"testmod-TestBox":0,"NeowsBlessing":0,"PreservedInsect":19,"vexMod:Cooldron":19,"Replay:Bandana":34,"testmod-GiftOfSatan":0,"Pantograph":19,"CrazyTorch:ReiMu":3,"GodSword5":38,"PureWater":0,"Replay:Wax Seal":11,"EasyGame_NEW":26}]},"card_choices":[{"not_picked":["EmptyFist","CutThroughFate","Replay:BluntJabs"],"picked":"SKIP","floor":1},{"not_picked":["InnerPeace","CrushJoints","LikeWater"],"picked":"SKIP","floor":2},{"not_picked":["ClearTheMind","CarveReality","Omniscience"],"picked":"SKIP","floor":6},{"not_picked":["EmptyFist","SashWhip","Consecrate"],"picked":"SKIP","floor":7},{"not_picked":["Nirvana","Crescendo","Fasting2"],"picked":"SKIP","floor":8},{"not_picked":["LikeWater","JustLucky","PathToVictory"],"picked":"SKIP","floor":10},{"not_picked":["christmas-War","christmas-Death"],"picked":"christmas-Plague","floor":12},{"not_picked":["Replay:BluntJabs","ClearTheMind","Evaluate"],"picked":"SKIP","floor":12},{"not_picked":["Study","PathToVictory","FollowUp"],"picked":"SKIP","floor":13},{"not_picked":["christmas-Famine","christmas-Plague","christmas-War"],"picked":"SKIP","floor":13},{"not_picked":["Judgement","Establishment"],"picked":"Devotion","floor":16},{"not_picked":["FollowUp","EmptyBody"],"picked":"TalkToTheHand","floor":18},{"not_picked":["FlurryOfBlows","JustLucky","Evaluate"],"picked":"SKIP","floor":21}],"player_experience":281441,"relics_obtained":[{"floor":6,"key":"CrazyTorch:ReiMu"},{"floor":8,"key":"Gremlin Food"},{"floor":9,"key":"Replay:Wax Seal"},{"floor":10,"key":"ReplayFunnel"},{"floor":13,"key":"Pantograph"},{"floor":24,"key":"GodSword5"}],"event_choices":[{"damage_healed":0,"gold_gain":0,"player_choice":"Entered Light","damage_taken":15,"max_hp_gain":0,"max_hp_loss":0,"event_name":"Shining Light","floor":4,"gold_loss":0,"cards_upgraded":["Strike_P","Defend_P"]},{"damage_healed":0,"gold_gain":0,"player_choice":"Joined the Cult","damage_taken":6,"max_hp_gain":0,"max_hp_loss":0,"event_name":"Nest","floor":20,"gold_loss":0,"cards_obtained":["RitualDagger"]}],"is_beta":false,"boss_relics":[{"not_picked":["Calling Bell","testmod-Nine"],"picked":"EasyGame_NEW"}],"items_purged_floors":[],"is_endless":false,"potions_floor_spawned":[2,6,7,8,13,16,21,24],"killed_by":"HollowMod:Nosk","ascension_level":3}}