{"host":"y0hoofe7zdp41twi","time":1608850191,"event":{"mods":["BaseMod","Conspire","Downfall","Minty Spire (QoL Compilation)","Replay The Spire","Shop Mod","StSLib","Waifu the Spire"],"gold_per_floor":[99,110,130,145,145,206,242,8,19,19,33,50,50,69,80,80,80,80],"floor_reached":16,"playtime":1435,"items_purged":[],"score":96,"play_id":"04b1941f-8d1f-4b73-a8ec-d7df3966cd28","local_time":"20201224174951","is_ascension_mode":false,"campfire_choices":[{"floor":1,"key":"DIG"},{"floor":10,"key":"REST"},{"floor":13,"key":"RECALL"}],"circlet_count":0,"master_deck":["Guardian:Strike_Guardian","Guardian:Strike_Guardian","Guardian:Strike_Guardian","Guardian:Strike_Guardian","Guardian:Defend_Guardian","Guardian:Defend_Guardian","Guardian:Defend_Guardian","Guardian:Defend_Guardian","Guardian:CurlUp","Guardian:TwinSlam","Guardian:Incinerate","Guardian:TimeCapacitor","Guardian:FastForward","Guardian:TimeCapacitor","Guardian:ChargeCore","Guardian:Reroute","Guardian:StasisField","Guardian:TemporalStrike","Guardian:Reroute"],"relics":["Guardian:ModeShifter","ReplayTheSpireMod:Shallot","MawBank","Toy Ornithopter"],"acts_visited":["Exordium"],"potions_floor_usage":[16,16,16],"damage_taken":[{"damage":0,"enemies":"Small Slimes","floor":2,"turns":3},{"damage":5,"enemies":"Jaw Worm","floor":3,"turns":3},{"damage":6,"enemies":"Cultist","floor":4,"turns":4},{"damage":1,"enemies":"downfall:FleeingMerchant","floor":8,"turns":4},{"damage":19,"enemies":"Blue Slaver","floor":9,"turns":4},{"damage":2,"enemies":"Red Slaver","floor":11,"turns":3},{"damage":9,"enemies":"2 Fungi Beasts","floor":12,"turns":2},{"damage":0,"enemies":"Blue Slaver","floor":14,"turns":4},{"damage":12,"enemies":"Lots of Slimes","floor":15,"turns":5},{"damage":52,"enemies":"downfall:Ironclad","floor":16,"turns":9}],"seed_played":"-674708979992208991","potions_obtained":[{"floor":3,"key":"ColorlessPotion"},{"floor":4,"key":"Reflective Coating"},{"floor":11,"key":"Swift Potion"}],"is_trial":false,"path_per_floor":["R","M","M","M","?","T","T","$","M","R","M","M","R","M","M","B"],"character_chosen":"GUARDIAN","items_purchased":["Guardian:FastForward","Guardian:TimeCapacitor"],"campfire_rested":1,"item_purchase_floors":[8,8],"current_hp_per_floor":[88,88,83,77,52,52,52,51,32,58,56,47,47,47,35,0,0,0],"gold":80,"neow_bonus":"TEN_PERCENT_HP_BONUS","is_daily":false,"chose_seed":false,"campfire_upgraded":0,"win_rate":0.0,"timestamp":1608850191,"path_taken":["R","M","M","M","?","?","T","$","M","R","M","M","R","M","M","BOSS"],"items_purchased_type":["Card","Card"],"build_version":"2020-12-22","purchased_purges":0,"victory":false,"max_hp_per_floor":[88,88,88,88,88,88,88,88,88,88,88,88,88,88,88,88,88,88],"card_choices":[{"not_picked":["Guardian:TimeCapacitor","Guardian:GuardianWhirl"],"picked":"Guardian:Incinerate","floor":2},{"not_picked":["Guardian:Planning","Guardian:SpikerProtocol"],"picked":"Guardian:TimeCapacitor","floor":3},{"not_picked":["Guardian:VentSteam","Guardian:Gem_Green"],"picked":"Guardian:Gem_Lightblue","floor":4},{"not_picked":["Guardian:Gem_Lightblue","Guardian:ShieldCharger","Guardian:TimeBomb"],"picked":"SKIP","floor":8},{"not_picked":["Guardian:PiercingHide","Guardian:TimeCapacitor"],"picked":"Guardian:ChargeCore","floor":9},{"not_picked":["Guardian:PrimingBeam","Guardian:BronzeOrb"],"picked":"Guardian:Reroute","floor":11},{"not_picked":["Guardian:VentSteam","Guardian:ShieldCharger"],"picked":"Guardian:StasisField","floor":12},{"not_picked":["Guardian:Gem_Green","Guardian:Suspension"],"picked":"Guardian:TemporalStrike","floor":14},{"not_picked":["Guardian:RollAttack","Guardian:TemporalShield"],"picked":"Guardian:Reroute","floor":15}],"player_experience":114940,"relics_obtained":[{"floor":1,"key":"ReplayTheSpireMod:Shallot"},{"floor":7,"key":"Toy Ornithopter"}],"event_choices":[{"damage_healed":0,"gold_gain":0,"player_choice":"Success","damage_taken":25,"relics_obtained":["MawBank"],"max_hp_gain":0,"max_hp_loss":0,"event_name":"Scrap Ooze","floor":5,"gold_loss":0}],"is_beta":false,"boss_relics":[],"items_purged_floors":[],"is_endless":false,"potions_floor_spawned":[3,4,11,14],"killed_by":"downfall:Ironclad","ascension_level":0}}