{"host":"0ou67mf9sr8h1ec9","time":1608796391,"event":{"mods":["AchievementEnabler","BaseMod","Downfall","Hubris","Infinite Spire","Minty Spire (QoL Compilation)","Practice Mode","Quick Restart","StSLib","The Necromancer","Trackpad"],"gold_per_floor":[119,133,133,146,1,35,51,80,80,80,106,124,49,49,49,153,153,171,171,86,86,86,86,96,122,122,142,157,172,172,186,186,186,186],"floor_reached":33,"playtime":1567,"items_purged":["Defend_G"],"score":287,"play_id":"80196e8d-540d-4990-8609-83eed623b10b","local_time":"20201224005311","is_ascension_mode":false,"campfire_choices":[{"floor":15.0,"key":"REST"},{"data":"A Thousand Cuts","floor":23,"key":"SMITH"},{"floor":32,"key":"REST"}],"circlet_count":0,"master_deck":["Strike_G","Strike_G","Strike_G","Strike_G","Strike_G","Defend_G","Defend_G","Defend_G","Defend_G","Survivor","Neutralize","Slice","Blade Dance","Blade Dance","Flying Knee","Dagger Throw","Glass Knife","Infinite Blades","Quick Slash","A Thousand Cuts+1","hubris:SlightOfHand","RitualDagger","Tactician+1","Blur+1","Slice"],"relics":["hexamod:SpiritBrand","NeowsBlessing","infinitespire:Cubic Diamond","Sling","infinitespire:Eraser","Pear","infinitespire:Satchel","Gremlin Horn","trackpad:Mousetrap","Busted Crown","trackpad:BottledShadow","hubris:Towel","Vajra","hubris:PeanutButter"],"acts_visited":["Exordium","TheCity"],"potions_floor_usage":[25,27],"damage_taken":[{"damage":0.0,"enemies":"2 Louse","floor":1.0,"turns":1.0},{"damage":0.0,"enemies":"Small Slimes","floor":2.0,"turns":1.0},{"damage":0.0,"enemies":"Jaw Worm","floor":4.0,"turns":1.0},{"damage":10.0,"enemies":"3 Sentries","floor":6.0,"turns":5.0},{"damage":16.0,"enemies":"Large Slime","floor":7.0,"turns":5.0},{"damage":2.0,"enemies":"Gremlin Nob","floor":8.0,"turns":6.0},{"damage":10.0,"enemies":"3 Sentries","floor":11.0,"turns":3.0},{"damage":13.0,"enemies":"Exordium Thugs","floor":12.0,"turns":3.0},{"damage":32.0,"enemies":"Hexaghost","floor":16.0,"turns":8.0},{"damage":0.0,"enemies":"3 Byrds","floor":18.0,"turns":3.0},{"damage":10,"enemies":"Chosen","floor":24,"turns":3},{"damage":20,"enemies":"Book of Stabbing","floor":25,"turns":3},{"damage":10,"enemies":"Snake Plant","floor":27,"turns":3},{"damage":7,"enemies":"Centurion and Healer","floor":28,"turns":3},{"damage":2,"enemies":"Cultist and Chosen","floor":29,"turns":3},{"damage":10,"enemies":"Shelled Parasite and Fungi","floor":31,"turns":2},{"damage":56,"enemies":"hubris:MusketHawk","floor":33,"turns":6}],"seed_played":"1893058705981463257","potions_obtained":[{"floor":1.0,"key":"sneckomod:MuddlingPotion"},{"floor":7.0,"key":"AttackPotion"},{"floor":8.0,"key":"Strength Potion"},{"floor":11.0,"key":"SpeedPotion"},{"floor":16.0,"key":"champ:CounterPotion"},{"floor":18.0,"key":"Swift Potion"}],"is_trial":false,"path_per_floor":["M","M","?","M","$","E","M","E","T","?","E","M","$","?","R","B",null,"M","?","?","$","?","R","M","E","T","M","M","M","?","M","R","B"],"character_chosen":"THE_SILENT","items_purchased":["Sling"],"campfire_rested":2,"item_purchase_floors":[5],"current_hp_per_floor":[70,70,70,70,70,60,44,52,52,40,30,17,17,17,41,9,80,80,74,74,74,74,74,64,44,44,34,27,25,25,15,39,0,0],"gold":186,"neow_bonus":"THREE_ENEMY_KILL","is_daily":false,"chose_seed":false,"campfire_upgraded":1,"win_rate":0.0,"timestamp":1608796391,"path_taken":["M","M","?","M","$","E","M","E","T","?","E","M","$","?","R","BOSS","M","?","?","$","?","R","M","E","T","M","?","M","?","M","R","BOSS"],"items_purchased_type":["Relic"],"build_version":"2020-12-22","purchased_purges":1,"victory":false,"max_hp_per_floor":[70,70,70,70,70,70,70,80,80,80,80,80,80,80,80,80,80,80,80,80,80,80,80,80,80,80,80,80,80,80,80,80,80,80],"card_choices":[{"not_picked":["Sucker Punch","hubris:SlightOfHand"],"picked":"Slice","floor":1.0},{"not_picked":["Predator","Calculated Gamble"],"picked":"Blade Dance","floor":2.0},{"not_picked":["Sucker Punch","Dodge and Roll"],"picked":"Blade Dance","floor":4.0},{"not_picked":["Dodge and Roll","Outmaneuver"],"picked":"Flying Knee","floor":6.0},{"not_picked":["Distraction","Blur"],"picked":"Dagger Throw","floor":7.0},{"not_picked":["Caltrops","Sucker Punch"],"picked":"Glass Knife","floor":8.0},{"not_picked":["Dodge and Roll","Blade Dance"],"picked":"Infinite Blades","floor":11.0},{"not_picked":["Dodge and Roll","Flying Knee"],"picked":"Quick Slash","floor":12.0},{"not_picked":["Burst","Adrenaline"],"picked":"A Thousand Cuts","floor":16.0},{"not_picked":[],"picked":"hubris:SlightOfHand","floor":18.0},{"not_picked":[],"picked":"Tactician+1","floor":24},{"not_picked":["Outmaneuver"],"picked":"SKIP","floor":25},{"not_picked":[],"picked":"Blur+1","floor":27},{"not_picked":[],"picked":"Slice","floor":28},{"not_picked":["Eviscerate"],"picked":"SKIP","floor":29},{"not_picked":["Quick Slash"],"picked":"SKIP","floor":31}],"player_experience":10280,"relics_obtained":[{"floor":6.0,"key":"infinitespire:Eraser"},{"floor":8.0,"key":"Pear"},{"floor":9.0,"key":"infinitespire:Satchel"},{"floor":11.0,"key":"trackpad:Mousetrap"},{"floor":25,"key":"Vajra"},{"floor":26,"key":"hubris:PeanutButter"}],"event_choices":[{"damage_healed":0.0,"max_hp_gain":0.0,"max_hp_loss":0.0,"gold_gain":0.0,"event_name":"Scrap Ooze","player_choice":"Success","floor":10.0,"gold_loss":0.0,"damage_taken":12.0,"relics_obtained":["Gremlin Horn"]},{"damage_healed":0.0,"max_hp_gain":0.0,"max_hp_loss":0.0,"gold_gain":0.0,"event_name":"Nest","player_choice":"Joined the Cult","floor":19.0,"gold_loss":0.0,"damage_taken":6.0,"cards_obtained":["RitualDagger"]},{"damage_healed":0,"gold_gain":0,"player_choice":"Obtained Relic","damage_taken":0,"relics_obtained":["trackpad:BottledShadow"],"max_hp_gain":0,"max_hp_loss":0,"event_name":"Addict","floor":20,"gold_loss":85}],"is_beta":false,"boss_relics":[{"not_picked":["hubris:Stopwatch","hubris:CrackedHourglass"],"picked":"Busted Crown"}],"items_purged_floors":[13],"is_endless":false,"potions_floor_spawned":[1,7,8,11,16,18,24],"killed_by":"hubris:MusketHawk","ascension_level":0}}