{"host":"zlprnsb5fznrfinh","time":1608833015,"event":{"mods":["Act Like it!","BaseMod","Block Reminder","Downfall","GifTheSpireLib","Minty Spire (QoL Compilation)","StSLib"],"gold_per_floor":[99,112,112,287,350,118,118,218,218,236,236,261,261,279,296,395,395,395,409,409,294,312,312,339,351,378,401,438,463,460,499,524,636,648,585,615,677,762,762,762,789,789,802,652,668,681,229,259,273,273,273,305,67,67,67],"floor_reached":56,"playtime":4146,"items_purged":["Regret","Doubt","champ:Defend","champ:Defend"],"score":1367,"play_id":"8c03dc7f-86d4-4c1a-8721-b75e7eb1ccbc","local_time":"20201224100335","is_ascension_mode":true,"campfire_choices":[{"data":"champ:Taunt","floor":1.0,"key":"SMITH"},{"data":"champ:Lariat","floor":9,"key":"SMITH"},{"data":"champ:AdrenalArmor","floor":11,"key":"SMITH"},{"floor":13,"key":"REST"},{"data":"champ:IgnorePain","floor":18,"key":"SMITH"},{"data":"champ:BerserkerStyle","floor":23,"key":"SMITH"},{"floor":35,"key":"RECALL"},{"data":"champ:Control","floor":44,"key":"SMITH"},{"data":"champ:Defend","floor":54,"key":"SMITH"}],"circlet_count":0,"master_deck":["champ:Strike","champ:Strike","champ:Strike","champ:Defend+1","champ:Defend+1","champ:Execute","champ:Taunt+1","champ:Lariat+1","champ:AdrenalArmor+1","champ:ArenaPreparation","champ:IgnorePain+1","champ:Encircle","champ:AdrenalArmor+1","champ:ArenaPreparation+1","champ:BerserkerStyle+1","champ:BerserkerStyle+1","champ:Control+1","champ:Taunt+1"],"relics":["Runic Pyramid","Ginger","Vajra","InkBottle","Juzu Bracelet","Sozu","Nilry\u0027s Codex","MawBank","MealTicket","PreservedInsect","Velvet Choker","downfall:HeartBlessingGreen","CaptainsWheel","Nunchaku","downfall:HeartBlessingRed","downfall:HeartBlessingBlue","War Paint","Chemical X","Dream Catcher","champ:FightingForDummies","Blue Candle"],"acts_visited":["Exordium","TheCity","TheBeyond","TheEnding"],"potions_floor_usage":[28],"damage_taken":[{"damage":5,"enemies":"2 Louse","floor":2,"turns":4},{"damage":60,"enemies":"Lagavulin Event","floor":5,"turns":7},{"damage":16,"enemies":"downfall:FleeingMerchant","floor":6,"turns":4},{"damage":24,"enemies":"Small Slimes","floor":10,"turns":3},{"damage":21,"enemies":"Gremlin Nob","floor":12,"turns":4},{"damage":10,"enemies":"Cultist","floor":14,"turns":3},{"damage":37,"enemies":"Large Slime","floor":15,"turns":3},{"damage":74,"enemies":"downfall:Silent","floor":16,"turns":7},{"damage":52,"enemies":"3 Byrds","floor":19,"turns":5},{"damage":53,"enemies":"downfall:FleeingMerchant","floor":21,"turns":4},{"damage":36,"enemies":"Shelled Parasite and Fungi","floor":22,"turns":3},{"damage":45,"enemies":"Snake Plant","floor":26,"turns":4},{"damage":57,"enemies":"Centurion and Healer","floor":27,"turns":4},{"damage":73,"enemies":"Gremlin Leader","floor":28,"turns":4},{"damage":52,"enemies":"Snecko","floor":29,"turns":5},{"damage":36,"enemies":"downfall:FleeingMerchant","floor":30,"turns":4},{"damage":84,"enemies":"Slavers","floor":31,"turns":7},{"damage":44,"enemies":"3 Cultists","floor":32,"turns":4},{"damage":89,"enemies":"downfall:Ironclad","floor":33,"turns":5},{"damage":88,"enemies":"3 Darklings","floor":36,"turns":7},{"damage":93,"enemies":"Mind Bloom Boss Battle","floor":37,"turns":6},{"damage":68,"enemies":"downfall:FleeingMerchant","floor":38,"turns":4},{"damage":34,"enemies":"Orb Walker","floor":43,"turns":3},{"damage":78,"enemies":"Maw","floor":45,"turns":6},{"damage":87,"enemies":"3 Darklings","floor":46,"turns":5},{"damage":45,"enemies":"Nemesis","floor":48,"turns":3},{"damage":55,"enemies":"4 Shapes","floor":49,"turns":3},{"damage":90,"enemies":"downfall:Defect","floor":50,"turns":6},{"damage":119,"enemies":"downfall:CharBossMerchant","floor":52,"turns":6},{"damage":235,"enemies":"downfall:NeowBoss","floor":55,"turns":17}],"seed_played":"-7746003110204490442","potions_obtained":[{"floor":2,"key":"LiquidBronze"},{"floor":5,"key":"Swift Potion"},{"floor":12,"key":"Swift Potion"},{"floor":14,"key":"Block Potion"},{"floor":16,"key":"LiquidMemories"}],"is_trial":false,"path_per_floor":["R","M","?","?","?","$","T","?","R","M","R","E","R","M","M","B",null,"R","M","?","$","M","R","T","?","M","M","E","M","$","E","M","B",null,"R","M","?","$","?","?","T","?","M","R","M","M","$","E","M","B",null,"E","$","R","B",null],"character_chosen":"THE_CHAMP","items_purchased":["champ:IgnorePain","Nunchaku","War Paint","Chemical X","Blue Candle"],"campfire_rested":1,"item_purchase_floors":[6,38,47,47,53],"current_hp_per_floor":[90,90,90,90,40,31,31,31,31,31,31,32,59,59,59,48,90,90,90,74,74,74,74,74,74,74,74,73,88,90,81,81,78,90,90,90,90,90,90,90,90,82,82,92,92,89,100,100,100,100,100,95,100,100,98],"gold":67,"neow_bonus":"BOSS_RELIC","is_daily":false,"chose_seed":false,"campfire_upgraded":7,"win_rate":0.0,"timestamp":1608833015,"path_taken":["R","M","?","?","?","$","T","?","R","M","R","E","R","M","M","BOSS","R","M","?","$","M","R","T","?","M","M","E","M","$","E","M","BOSS","R","M","?","$","?","?","T","?","M","R","M","M","?","E","M","BOSS","E","$","R","BOSS"],"items_purchased_type":["Card","Relic","Relic","Relic","Relic"],"build_version":"2020-12-22","purchased_purges":4,"victory":true,"max_hp_per_floor":[90,90,90,90,90,90,90,90,90,90,90,90,90,90,90,90,90,90,90,90,90,90,90,90,90,90,90,90,90,90,90,90,90,90,90,90,90,90,90,90,90,90,90,100,100,100,100,100,100,100,100,100,100,100,100],"card_choices":[{"not_picked":["champ:Riposte","champ:CrookedStrike"],"picked":"champ:Lariat","floor":2},{"not_picked":["champ:Balance","champ:PreciseThrust"],"picked":"champ:AdrenalArmor","floor":5},{"not_picked":["champ:ShieldWall","champ:Circumvent"],"picked":"champ:ArenaPreparation","floor":6},{"not_picked":["champ:PreciseThrust","champ:Haymaker"],"picked":"champ:Encircle","floor":10},{"not_picked":["champ:FanOfKnives","champ:Duel"],"picked":"champ:AdrenalArmor","floor":12},{"not_picked":["champ:BringItOn","champ:FocusedDefense"],"picked":"champ:ArenaPreparation","floor":14},{"not_picked":["champ:Balance","champ:Backstep","champ:GutPunch"],"picked":"SKIP","floor":15},{"not_picked":["champ:Duel+1","champ:Haymaker","champ:Backstep"],"picked":"SKIP","floor":19},{"not_picked":["champ:PerfectedStrike","champ:GutPunch"],"picked":"champ:BerserkerStyle","floor":21},{"not_picked":["champ:EndlessRage","champ:PerfectedStrike+1","champ:Encircle"],"picked":"SKIP","floor":22},{"not_picked":["champ:GladiatorsShout","champ:Improvising","champ:TornadoPunch"],"picked":"SKIP","floor":26},{"not_picked":["champ:TornadoPunch","champ:FlashCut+1","champ:GladiatorStyle"],"picked":"SKIP","floor":27},{"not_picked":["champ:FanOfKnives","champ:AdrenalArmor"],"picked":"champ:Control","floor":28},{"not_picked":["champ:IronFortress","champ:FightOn","champ:DefensiveShout"],"picked":"SKIP","floor":29},{"not_picked":["champ:HeavySlash","champ:DefensiveShout+1","champ:BringItOn+1"],"picked":"SKIP","floor":30},{"not_picked":["champ:StanceDance","champ:GutPunch","champ:Backstep"],"picked":"SKIP","floor":31},{"not_picked":["champ:Haymaker","champ:Aggression","champ:TornadoPunch"],"picked":"SKIP","floor":32},{"not_picked":["champ:BerserkersShout+1","champ:Backstep","champ:FanOfKnives+1"],"picked":"SKIP","floor":36},{"not_picked":["champ:Devastate","champ:PreciseThrust+1","champ:SkillfulDodge+1"],"picked":"SKIP","floor":38},{"not_picked":["champ:RecklessLeap","champ:CrookedStrike","champ:BladeFlurry"],"picked":"SKIP","floor":43},{"not_picked":["champ:GutPunch+1","champ:EnragedBash+1","champ:CrookedStrike"],"picked":"SKIP","floor":45},{"not_picked":["champ:Backstep+1","champ:ViciousMockery+1","champ:BerserkersShout"],"picked":"SKIP","floor":46},{"not_picked":["champ:ViciousMockery","champ:FanOfKnives+1","champ:Devastate"],"picked":"SKIP","floor":48},{"not_picked":["champ:GladiatorsShout+1","champ:FlashCut+1","champ:ViciousMockery"],"picked":"SKIP","floor":49},{"not_picked":["champ:Circumvent+1","champ:EndlessRage","champ:DeathBlow"],"picked":"SKIP","floor":52}],"player_experience":719449,"relics_obtained":[{"floor":7,"key":"InkBottle"},{"floor":12,"key":"Juzu Bracelet"},{"floor":20,"key":"Nilry\u0027s Codex"},{"floor":24,"key":"MawBank"},{"floor":28,"key":"MealTicket"},{"floor":31,"key":"PreservedInsect"},{"floor":37,"key":"CaptainsWheel"},{"floor":48,"key":"Dream Catcher"},{"floor":52,"key":"champ:FightingForDummies"}],"event_choices":[{"damage_healed":0,"gold_gain":0,"player_choice":"Box","damage_taken":0,"relics_obtained":["Ginger"],"max_hp_gain":0,"max_hp_loss":0,"event_name":"Big Fish","floor":3,"gold_loss":0,"cards_obtained":["Regret"]},{"damage_healed":0,"gold_gain":0,"player_choice":"Copied","damage_taken":0,"max_hp_gain":0,"max_hp_loss":0,"event_name":"Duplicator","floor":25,"gold_loss":0,"cards_obtained":["champ:BerserkerStyle"]},{"damage_healed":0,"gold_gain":0,"player_choice":"Forge","damage_taken":0,"max_hp_gain":0,"max_hp_loss":0,"event_name":"Accursed Blacksmith","floor":40,"gold_loss":0,"cards_upgraded":["champ:Taunt"]}],"is_beta":false,"boss_relics":[{"not_picked":["Cursed Key","SacredBark"],"picked":"Sozu"},{"not_picked":["Tiny House","Astrolabe"],"picked":"Velvet Choker"}],"items_purged_floors":[6,21,38,47],"is_endless":false,"potions_floor_spawned":[2,5,12,14,15,16,22,27,28,31,33,37,43,45,49],"ascension_level":1}}