{"host":"f6tqpspb2ou2a4h5","time":1608804512,"event":{"mods":["2.2 Compatiblity","Ascension Unlocker","BaseMod","Colored Map","DeckTracker","Hermit","Highlight Path","KOR Keyword Fix","Keyboard Shortcuts","Minty Spire (QoL Compilation)","Permanent Neow","Quick Restart","Random Character Button","StSLib","SuperFastMode","The Poker Player","everything is the same but u backflip on backflip"],"gold_per_floor":[115,115,130,53,66,91,91,104,104,84,33,47,60,77,77,77,77],"floor_reached":16,"playtime":453,"items_purged":[],"score":208,"play_id":"2f9ac39f-1161-486f-bfdc-4095ffe86c6f","local_time":"20201224190832","is_ascension_mode":true,"campfire_choices":[{"floor":7,"key":"REST"},{"floor":15,"key":"REST"}],"circlet_count":0,"master_deck":["AscendersBane","Strike_G","Strike_G+1","Strike_G","Strike_G","Strike_G","Defend_G+1","Defend_G","Defend_G","Defend_G","Defend_G","Survivor","Neutralize","Noxious Fumes","Dagger Spray","Glass Knife","Deadly Poison","Bouncing Flask","Acrobatics","Backflip","Backflip","Caltrops"],"relics":["Philosopher\u0027s Stone","Lantern","Ninja Scroll"],"acts_visited":["Exordium"],"potions_floor_usage":[6,14,16,16],"damage_taken":[{"damage":2.0,"enemies":"Cultist","floor":1.0,"turns":4.0},{"damage":2.0,"enemies":"Small Slimes","floor":3.0,"turns":4.0},{"damage":0,"enemies":"2 Louse","floor":5,"turns":3},{"damage":30,"enemies":"3 Sentries","floor":6,"turns":8},{"damage":15,"enemies":"Large Slime","floor":8,"turns":6},{"damage":6,"enemies":"Exordium Wildlife","floor":12,"turns":4},{"damage":0,"enemies":"Looter","floor":13,"turns":2},{"damage":0,"enemies":"Gremlin Gang","floor":14,"turns":2},{"damage":27,"enemies":"Slime Boss","floor":16,"turns":5}],"seed_played":"-2843876631773970676","potions_obtained":[{"floor":1.0,"key":"LiquidMemories"},{"floor":5,"key":"Swift Potion"},{"floor":10,"key":"Weak Potion"},{"floor":14,"key":"ColorlessPotion"}],"is_trial":false,"path_per_floor":["M","?","M","$","M","E","R","M","T","?","$","M","M","M","R","B"],"character_chosen":"THE_SILENT","items_purchased":["Glass Knife","Backflip"],"campfire_rested":2,"item_purchase_floors":[4,11],"current_hp_per_floor":[57,37,35,35,35,5,24,9,9,9,9,3,3,3,22,0,0],"gold":77,"neow_bonus":"BOSS_RELIC","is_daily":false,"chose_seed":false,"campfire_upgraded":0,"win_rate":0.0,"timestamp":1608804512,"path_taken":["M","?","M","$","M","E","R","M","T","?","$","M","M","M","R","BOSS"],"items_purchased_type":["Card","Card"],"build_version":"2020-12-22","purchased_purges":0,"victory":false,"max_hp_per_floor":[66,66,66,66,66,66,66,66,66,66,66,66,66,66,66,66,66],"card_choices":[{"not_picked":["Accuracy","Bane"],"picked":"Noxious Fumes","floor":1.0},{"not_picked":["Finisher","Prepared"],"picked":"Dagger Spray","floor":3.0},{"not_picked":["Quick Slash","Dagger Spray"],"picked":"Deadly Poison","floor":5},{"not_picked":["Prepared","Sucker Punch"],"picked":"Bouncing Flask","floor":6},{"not_picked":["Prepared","Bouncing Flask"],"picked":"Acrobatics","floor":8},{"not_picked":["Accuracy","Poisoned Stab"],"picked":"Backflip","floor":12},{"not_picked":["Underhanded Strike","Blade Dance","Quick Slash"],"picked":"SKIP","floor":13},{"not_picked":["Dodge and Roll","Sucker Punch"],"picked":"Caltrops","floor":14}],"player_experience":42970,"relics_obtained":[{"floor":6,"key":"Lantern"},{"floor":9,"key":"Ninja Scroll"}],"event_choices":[{"damage_healed":0.0,"max_hp_gain":0.0,"max_hp_loss":0.0,"gold_gain":0.0,"event_name":"Shining Light","player_choice":"Entered Light","floor":2.0,"gold_loss":0.0,"damage_taken":20.0,"cards_upgraded":["Strike_G","Defend_G"]},{"damage_healed":0,"gold_gain":0,"player_choice":"Bought 1 Potion","damage_taken":0,"max_hp_gain":0,"max_hp_loss":0,"event_name":"The Woman in Blue","floor":10,"gold_loss":0}],"is_beta":false,"boss_relics":[],"items_purged_floors":[],"is_endless":false,"potions_floor_spawned":[1,5,14],"killed_by":"Slime Boss","ascension_level":20}}