{"host":"foq4mrde4mssg7vt","time":1608827879,"event":{"mods":["AchievementEnabler","BaseMod","Colored Map","Colored Powertips","Highlight Path","Minty Spire (QoL Compilation)","Relic Stats","everything is the same but u backflip on backflip"],"gold_per_floor":[13,27,27,48,67,111,41,41,64,239,257,257,281,281,281],"floor_reached":14,"playtime":495,"items_purged":[],"score":147,"play_id":"bb7715f1-25a8-4be2-994c-ca56710034a1","local_time":"20201225003759","is_ascension_mode":true,"campfire_choices":[{"data":"True Grit","floor":8,"key":"SMITH"},{"data":"Bash","floor":12,"key":"SMITH"}],"circlet_count":0,"master_deck":["AscendersBane","Strike_R","Strike_R","Strike_R","Strike_R","Strike_R","Defend_R","Defend_R","Defend_R","Defend_R","Bash+1","Juggernaut","Anger","Inflame","Twin Strike","True Grit+1","Corruption","Metallicize"],"relics":["Burning Blood","Golden Idol","Regal Pillow","Omamori"],"acts_visited":["Exordium"],"potions_floor_usage":[11,13],"damage_taken":[{"damage":6,"enemies":"Cultist","floor":1,"turns":4},{"damage":15,"enemies":"Small Slimes","floor":2,"turns":4},{"damage":3,"enemies":"Jaw Worm","floor":4,"turns":4},{"damage":9,"enemies":"2 Fungi Beasts","floor":5,"turns":4},{"damage":18,"enemies":"Lagavulin","floor":6,"turns":7},{"damage":27,"enemies":"Exordium Thugs","floor":11,"turns":5},{"damage":9,"enemies":"3 Louse","floor":13,"turns":5},{"damage":32,"enemies":"Gremlin Nob","floor":14,"turns":3}],"seed_played":"-797562328950729053","potions_obtained":[{"floor":4,"key":"EssenceOfSteel"},{"floor":5,"key":"LiquidMemories"},{"floor":13,"key":"FearPotion"}],"is_trial":false,"path_per_floor":["M","M","?","M","M","E","$","R","T","?","M","R","M","E"],"character_chosen":"IRONCLAD","items_purchased":["Metallicize"],"campfire_rested":0,"item_purchase_floors":[7],"current_hp_per_floor":[72,63,63,66,63,51,51,51,51,51,30,30,27,0,0],"gold":281,"neow_bonus":"THREE_RARE_CARDS","is_daily":false,"chose_seed":false,"campfire_upgraded":2,"win_rate":0.0,"timestamp":1608827879,"path_taken":["M","M","?","M","M","E","$","R","T","?","M","R","M","E"],"items_purchased_type":["Card"],"build_version":"2020-12-22","purchased_purges":0,"victory":false,"max_hp_per_floor":[80,80,74,74,74,74,74,74,74,74,74,74,74,74,74],"relic_stats":{"Regal Pillow":0,"counters":[8,36],"Golden Idol":26,"obtain_stats":[{"Regal Pillow":6,"Golden Idol":3,"Omamori":9,"Burning Blood":0},{"Regal Pillow":5,"Golden Idol":2,"Omamori":5,"Burning Blood":0},{"Regal Pillow":23,"Golden Idol":8,"Omamori":23,"Burning Blood":0}],"Burning Blood":42},"card_choices":[{"not_picked":["Demon Form","Limit Break"],"picked":"Juggernaut","floor":0},{"not_picked":["Shrug It Off","Feel No Pain"],"picked":"Anger","floor":1},{"not_picked":["Heavy Blade","Thunderclap"],"picked":"Inflame","floor":2},{"not_picked":["Perfected Strike","Dual Wield"],"picked":"Twin Strike","floor":4},{"not_picked":["Havoc","Iron Wave"],"picked":"True Grit","floor":5},{"not_picked":["Perfected Strike","Anger"],"picked":"Corruption","floor":6},{"not_picked":["Headbutt","Bloodletting","Thunderclap"],"picked":"SKIP","floor":11},{"not_picked":["True Grit","Flex","Clash"],"picked":"SKIP","floor":13}],"player_experience":247396,"relics_obtained":[{"floor":6,"key":"Regal Pillow"},{"floor":9,"key":"Omamori"}],"event_choices":[{"damage_healed":0,"gold_gain":0,"player_choice":"Lose Max HP","damage_taken":0,"relics_obtained":["Golden Idol"],"max_hp_gain":0,"max_hp_loss":6,"event_name":"Golden Idol","floor":3,"gold_loss":0},{"damage_healed":0,"gold_gain":175,"player_choice":"AGREE","damage_taken":0,"max_hp_gain":0,"max_hp_loss":0,"event_name":"Liars Game","floor":10,"gold_loss":0,"cards_obtained":["Doubt"]}],"is_beta":false,"boss_relics":[],"items_purged_floors":[],"is_endless":false,"potions_floor_spawned":[4,5,6,13],"killed_by":"Gremlin Nob","ascension_level":12}}