{"host":"vfjw5z5u57sxa51v","time":1608834298,"event":{"mods":["AchievementEnabler","Act Like it!","Aspiration","BaseMod","Better Altar","Better Match","Better Note","Better Sensory Stone","Better Skull","Better Synergies","Better Third Choice","BetterRewards","CCEM","Colored Map","Conspire","Downfall","Duelist Mod","Ekko","GifTheSpireLib","GungeonMod","Halation","Hallownest","Highlight Path","Hubris","Hunter ??","Infinite Spire","Jedi Mod","Minty Spire (QoL Compilation)","Permanent Neow","Replay The Spire","Shade Mod","Shop Mod","Spicy Shops","StSLib","Stuff the Spire","The Bug Knight","The Death Knight","The Mystic","The Necromancer","The Runesmith","The Servant 0.9.4","Unceasing Turn Reminder","everything is the same but u backflip on backflip"],"gold_per_floor":[138,157,157,169,251,281,281,281,332,347,366,396,408,348,348,449,449,466,120,120,120,133,158,172,172,172,172,182,192,212,231,251,251,251,251],"floor_reached":34,"playtime":3465,"items_purged":["theDuelist:Sparks"],"score":313,"play_id":"b82801e1-7d59-4eba-a216-3a64bf9a2da0","local_time":"20201224192458","is_ascension_mode":false,"campfire_choices":[{"data":"theDuelist:RainbowOverdragon","floor":7,"key":"SMITH"},{"floor":15,"key":"REST"},{"floor":25,"key":"REST"},{"data":"theDuelist:GreenGraveOni","floor":27,"key":"SMITH"},{"data":"Apotheosis","floor":33,"key":"SMITH"}],"circlet_count":0,"master_deck":["theDuelist:BabyDragon","theDuelist:CastleWalls","theDuelist:CastleWalls","theDuelist:CaveDragon","theDuelist:CaveDragon","theDuelist:LesserDragon","theDuelist:LesserDragon","theDuelist:Sparks","theDuelist:YamataDragon","theDuelist:Sparks","theDuelist:RainbowOverdragon+1","theDuelist:Nameless:Power:BerserkerCrush","theDuelist:MaskedDragon","theDuelist:AtomicScrapDragon","theDuelist:DreadnoughtDreadnoid","theDuelist:CyberValley","theDuelist:TyrantWing","theDuelist:BoosterDragon","theDuelist:DragonCaptureJar","theDuelist:SilverWing","theDuelist:DragonRavine","theDuelist:TwinBarrelDragon+1","theDuelist:BusterDrake","theDuelist:StarlightRoad","Apotheosis+1","expansioncontent:SuperHexaguard","theDuelist:GreenGraveOni+1","theDuelist:ChimeratechOverdragon","theDuelist:LightningDarts+1","theDuelist:BarrelDragon+1","theDuelist:CyberDragonCore","DevaForm","theDuelist:SmashingGround","theDuelist:BusterBlader","theDuelist:BoosterDragon+1","theDuelist:CyberDragonSieger","theDuelist:Kabazauls","theDuelist:Kabazauls+1"],"relics":["theDuelist:MillenniumPuzzle","theDuelist:CardPoolRelic","theDuelist:CardPoolBasicRelic","theDuelist:BoosterPackPoolRelic","theDuelist:CardPoolAddRelic","theDuelist:CardPoolMinusRelic","theDuelist:CardPoolSaveRelic","theDuelist:CardPoolOptionsRelic","Blood Vial","jedi:shrinkray","Replay:Wax Seal","BargainBundle","ReplayTheSpireMod:ShopPack","Mummified Hand","DemoMod:LamentConfigurum","DemoMod:PoisonVial","halation:PinkAlligatorPlush","theDuelist:ElectricToken","theDuelist:CardRewardRelicI","theDuelist:DragonRelic"],"acts_visited":["Exordium","TheCity","TheCity"],"potions_floor_usage":[6,16,16,16,30,32,34],"damage_taken":[{"damage":0,"enemies":"Small Slimes","floor":1,"turns":3},{"damage":13,"enemies":"infinitespire:Voidling","floor":2,"turns":4},{"damage":0,"enemies":"conspire:RoseBush","floor":4,"turns":2},{"damage":1,"enemies":"Gremlin Nob","floor":6,"turns":4},{"damage":6,"enemies":"Blue Slaver","floor":10,"turns":3},{"damage":0,"enemies":"3 Louse","floor":11,"turns":3},{"damage":18,"enemies":"3 Sentries","floor":12,"turns":6},{"damage":11,"enemies":"Exordium Thugs","floor":13,"turns":4},{"damage":30,"enemies":"Fading Forest","floor":16,"turns":11},{"damage":23,"enemies":"conspire:FuzzyDice","floor":18,"turns":5},{"damage":15,"enemies":"Spheric Guardian","floor":22,"turns":5},{"damage":13,"enemies":"theDuelist:KaibaA2","floor":23,"turns":6},{"damage":18,"enemies":"Centurion and Healer","floor":24,"turns":5},{"damage":6,"enemies":"DemoMod:Veteran_shot_gun_kin_and_bullet_kin","floor":28,"turns":3},{"damage":6,"enemies":"DemoMod:Veteran_shot_gun_kin_and_red_shotgun_kin","floor":29,"turns":3},{"damage":43,"enemies":"DemoMod:Veteran_shot_gun_kin_and_blue_shotgun_kin_with_gunsinger","floor":30,"turns":5},{"damage":25,"enemies":"DemoMod:Red_and_blue_shotgun_kin_with_gunsinger","floor":31,"turns":3},{"damage":11,"enemies":"DemoMod:2_Mousers","floor":32,"turns":2},{"damage":71,"enemies":"DemoMod:ResourcefulRat","floor":34,"turns":7}],"seed_played":"-4015447289491425129","potions_obtained":[{"floor":0,"key":"theDuelist:VoidBottle"},{"floor":0,"key":"theDuelist:WaterBottle"},{"floor":0,"key":"theDuelist:MillenniumElixir"},{"floor":4,"key":"theDuelist:StunPotion"},{"floor":8,"key":"AttackPotion"},{"floor":10,"key":"theDuelist:BurningPotion"},{"floor":22,"key":"theDuelist:ElectricBrew"},{"floor":28,"key":"theDuelist:BabyPotion"},{"floor":31,"key":"LiquidBronze"}],"is_trial":false,"path_per_floor":["M","M","?","M","?","E","R","?","T","M","M","E","M","$","R","B",null,"M","$","?","?","M","E","M","R","T","R","M","M","M","M","M","R","B"],"character_chosen":"THE_DUELIST","items_purchased":["BargainBundle","ReplayTheSpireMod:ShopPack","Mummified Hand","DemoMod:GnawedKey","DemoMod:LamentConfigurum","DemoMod:PoisonVial","theDuelist:DragonRavine","theDuelist:TwinBarrelDragon+1","theDuelist:BusterDrake","theDuelist:SealedPack","theDuelist:StarlightRoad","theDuelist:BarrelDragon+1","theDuelist:CyberDragonCore","theDuelist:CardRewardRelicI"],"campfire_rested":2,"item_purchase_floors":[14,14,14,14,14,14,14,14,14,14,14,19,19,19],"current_hp_per_floor":[80,67,76,76,41,42,42,42,42,38,40,24,15,15,41,27,89,68,68,68,68,55,44,28,52,83,83,77,73,32,9,68,68,0,0],"gold":251,"neow_bonus":"THREE_SMALL_POTIONS","is_daily":false,"chose_seed":false,"campfire_upgraded":3,"win_rate":0.0,"timestamp":1608834298,"path_taken":["M","M","?","?","?","E","R","?","T","M","M","E","M","$","R","BOSS","M","$","?","?","M","E","M","R","T","R","M","M","M","M","M","R","BOSS"],"items_purchased_type":["Relic","Relic","Relic","Relic","Relic","Relic","Card","Card","Card","Potion","Card","Card","Card","Relic"],"build_version":"2020-12-22","purchased_purges":1,"victory":false,"max_hp_per_floor":[80,80,89,89,89,89,89,89,89,89,89,89,89,89,89,89,89,89,89,89,89,89,86,83,83,83,83,80,77,74,71,68,68,70,70],"card_choices":[{"not_picked":[],"picked":"theDuelist:Sparks","floor":1},{"not_picked":["theDuelist:BattleguardKing","theDuelist:BigFire","theDuelist:LightningDarts","theDuelist:Raigeki"],"picked":"theDuelist:RainbowOverdragon","floor":2},{"not_picked":["theDuelist:CyberDinosaur","theDuelist:Freezadon","theDuelist:CurseDragon","theDuelist:MoltenDestruction"],"picked":"theDuelist:MaskedDragon","floor":4},{"not_picked":["theDuelist:MirageDragon","theDuelist:BabyDragon","theDuelist:SphereChaos","theDuelist:TwinHeadedFire"],"picked":"theDuelist:AtomicScrapDragon","floor":5},{"not_picked":["theDuelist:BlackVeloci","theDuelist:BlackTyranno","theDuelist:DarkDriceratops","theDuelist:BlackBrutdrago"],"picked":"theDuelist:DreadnoughtDreadnoid","floor":5},{"not_picked":["theDuelist:YamataDragon","theDuelist:ViceDragon","theDuelist:Pyrorex","theDuelist:DarkHorus"],"picked":"theDuelist:CyberValley","floor":6},{"not_picked":["theDuelist:VolcanicEruption","theDuelist:ThreateningRoar","theDuelist:DragonCaptureJar","theDuelist:BurstBreath"],"picked":"theDuelist:TyrantWing","floor":10},{"not_picked":["theDuelist:BlackTyranno","theDuelist:BlackStego","theDuelist:SuperancientDinobeast","theDuelist:BackgroundDragon"],"picked":"theDuelist:BoosterDragon","floor":11},{"not_picked":["theDuelist:TyrantWing","theDuelist:ThreateningRoar","theDuelist:FireDarts","theDuelist:BackupSoldier"],"picked":"theDuelist:DragonCaptureJar","floor":12},{"not_picked":["theDuelist:Earthquake","theDuelist:MoltenDestruction","theDuelist:SystemDown","theDuelist:AxeDespair"],"picked":"theDuelist:SilverWing","floor":13},{"not_picked":["Thinking Ahead","theDuelist:SlotMachine"],"picked":"Apotheosis","floor":14},{"not_picked":["theDuelist:LabyrinthWall","Specialist"],"picked":"expansioncontent:SuperHexaguard","floor":14},{"not_picked":["expansioncontent:GuardianWhirl","Replay:SS_forest_2"],"picked":"theDuelist:GreenGraveOni","floor":14},{"not_picked":["theDuelist:Scapegoat","theDuelist:FiveHeaded","theDuelist:CyberDragonInfinity","theDuelist:BSkullDragon"],"picked":"theDuelist:ChimeratechOverdragon","floor":16},{"not_picked":["theDuelist:BattleguardKing","theDuelist:RainbowOverdragon","theDuelist:BigFire","theDuelist:ForbiddenLance"],"picked":"theDuelist:LightningDarts+1","floor":18},{"not_picked":["theDuelist:BigFire","theDuelist:Hinotama+1","theDuelist:Raigeki","theDuelist:ForbiddenLance+1"],"picked":"theDuelist:SmashingGround","floor":22},{"not_picked":["theDuelist:CyberDragonCore","theDuelist:LavaDragon","theDuelist:Earthquake","theDuelist:CurseDragon+1"],"picked":"theDuelist:BusterBlader","floor":23},{"not_picked":["theDuelist:SauropodBrachion","theDuelist:Kabazauls+1","theDuelist:HazyFlameHydra","theDuelist:CyberDinosaur","theDuelist:BlackTyranno"],"picked":"SKIP","floor":24},{"not_picked":["theDuelist:CaveDragon","theDuelist:BabyDragon","theDuelist:RainbowOverdragon","theDuelist:BarrelDragon"],"picked":"theDuelist:BoosterDragon+1","floor":28},{"not_picked":["theDuelist:TotemDragon","theDuelist:SystemDown","theDuelist:AutorokketDragon"],"picked":"theDuelist:CyberDragonSieger","floor":29},{"not_picked":["theDuelist:TwinBarrelDragon","theDuelist:MirageDragon","theDuelist:BlackPtera","theDuelist:CyberDinosaur"],"picked":"theDuelist:Kabazauls","floor":30},{"not_picked":["theDuelist:Kabazauls","theDuelist:CyberDinosaur","theDuelist:SnowDragon","theDuelist:Freezadon+1","theDuelist:DragonCaptureJar"],"picked":"SKIP","floor":31},{"not_picked":["theDuelist:BlackStego","theDuelist:BlackPtera","theDuelist:Beatraptor","theDuelist:TwinBarrelDragon+1"],"picked":"theDuelist:Kabazauls+1","floor":32}],"player_experience":25608,"relics_obtained":[{"floor":5,"key":"Blood Vial"},{"floor":6,"key":"jedi:shrinkray"},{"floor":9,"key":"Replay:Wax Seal"},{"floor":12,"key":"StuffTheSpire:SapphireSignet"},{"floor":23,"key":"theDuelist:DragonRelic"}],"event_choices":[{"power_reward":4,"total_magic_score":30,"gold_gain":0,"duelist":true,"damage_taken":0,"relics_obtained":[],"points":16,"max_hp_gain":9,"max_hp_loss":0,"spent_points":{"magic":0,"greed":0,"war":0,"power":4,"hunger":4},"event_name":"Nameless Tomb","hunger_reward":4,"floor":3,"gold_loss":0,"cards_obtained":["theDuelist:Nameless:Power:BerserkerCrush"]},{"power_reward":4,"total_magic_score":30,"gold_gain":0,"duelist":true,"damage_taken":0,"relics_obtained":[],"points":16,"max_hp_gain":9,"max_hp_loss":0,"spent_points":{"magic":0,"greed":0,"war":0,"power":4,"hunger":4},"event_name":"Nameless Tomb","hunger_reward":4,"floor":3,"gold_loss":0,"cards_obtained":["theDuelist:Nameless:Power:BerserkerCrush"]},{"damage_healed":0,"gold_gain":0,"player_choice":"Got Potions","damage_taken":0,"max_hp_gain":0,"max_hp_loss":0,"event_name":"Lab","floor":8,"gold_loss":0},{"damage_healed":0,"gold_gain":0,"player_choice":"Scored: 2124","duelist":true,"damage_taken":0,"max_hp_gain":0,"max_hp_loss":0,"event_name":"Visit from Anubis","floor":20,"gold_loss":0},{"damage_healed":0,"gold_gain":0,"player_choice":"Ignored","damage_taken":0,"max_hp_gain":0,"max_hp_loss":0,"event_name":"betterNote:BetterNote","floor":21,"gold_loss":0,"cards_obtained":["conspire:Charge"]}],"is_beta":false,"boss_relics":[{"not_picked":["Runic Dome","hubris:HollowSoul"],"picked":"halation:PinkAlligatorPlush"}],"items_purged_floors":[14],"is_endless":false,"potions_floor_spawned":[2,4,10,12,22,28,31],"killed_by":"DemoMod:ResourcefulRat","ascension_level":0}}