{"host":"o47f52ks9l6zljgg","time":1608831373,"event":{"mods":["Abigail Mod","BaseMod","Colored Map","Dota2Spire","Friendly Minions","Grow up Mod","Kiyohime（清姬）","Marisa（F雨　魔理沙）","Minty Spire (QoL Compilation)","Relic Stats","StSLib","SuperFastMode","Youmu（魂魄妖梦）","Yuyuko","【东方二次创作】八云紫mod"],"gold_per_floor":[237,237,252,252,268,304,320,344,344,344,359,534,534,484,484,610,610,630,645,168,83,108,141,141,141,141,182,206,227,227,227,227,350,350,373,373,386,129,192,236,252,288,288,288,248,59,59,75,75,75],"floor_reached":51,"playtime":2199,"items_purged":["Defend_purpleEX"],"score":957,"play_id":"34c1ac77-54d5-414e-9c8d-6b1c5ce0336b","local_time":"20201225023613","is_ascension_mode":true,"campfire_choices":[{"data":"Boundary_of_Extermination_purpleEX","floor":10,"key":"SMITH"},{"data":"MagicEyes_LaplaceDemon_purple","floor":13,"key":"SMITH"},{"data":"PositiveMatter_Antimatter_Universe_purple","floor":15,"key":"SMITH"},{"data":"ButterflyHabitatTemple_purple","floor":25,"key":"SMITH"},{"data":"Shallow_ocean_purpleEX","floor":32,"key":"SMITH"},{"floor":47,"key":"REST"},{"data":"ProofOfUnderstanding_purple","floor":49,"key":"SMITH"}],"circlet_count":0,"master_deck":["AT_purpleEX","AT_purpleEX","AT_purpleEX+1","AT_purpleEX","Observe_purple_1","Observe_purple_2","Shallow_ocean_purpleEX+1","Boundary_of_Extermination_purpleEX+1","Fantasy_PerpetualMotionMachine_purple","MagicEyes_LaplaceDemon_purple+1","Observe_purple_1","OmniscientAndOmnipotent_Monster_purple","RuleDissolution_purple","Anti_communist_purple","PositiveMatter_Antimatter_Universe_purple+1","Worldmountain_purple","Fancifulhole_purple","ButterflyHabitatTemple_purple+1","Nest_LightFlightworm_purple+1","Mirror_FourBoundary_purple","RealityDreamConfluencek_purple","Shallow_ocean_purpleEX","RuleDissolution_purple","Yakumo_Ran_purple","Boundary_DreamRealityDamnation_purple","WangLiang_OokamiKakushi_purple","Charmbait_purple","Extrememeaning_purpleEX+1","Boundary_LightAndDark_purple","Sadistic Nature","Fantasy_PerpetualMotionMachine_purple+1","ExternalForce_HighSpeedFlying_purple","ProofOfUnderstanding_purple+1","OpenedBox_purple","RuleDissolution_purple+1"],"relics":["Boundary_crack","Memoryfragments_purpleEX","Golden Idol","Dota2Spire:PhaseBoots","Singing Bowl","Dota2Spire:RefresherOrb","Calipers","Dota2Spire:BlackKingBar","Bottled Flame","Pantograph","Dota2Spire:MagicBottle","Runic Pyramid","Membership Card","Dota2Spire:ShivaGuard","Mummified Hand","Dota2Spire:Butterfly","ThegodofHakurei_purpleEX","Dota2Spire:OctarineCore"],"acts_visited":["Exordium","TheCity","TheBeyond"],"potions_floor_usage":[16,39,50,50,50,50],"damage_taken":[{"damage":2.0,"enemies":"Jaw Worm","floor":1.0,"turns":4.0},{"damage":1.0,"enemies":"Cultist","floor":3.0,"turns":4.0},{"damage":0,"enemies":"2 Louse","floor":5,"turns":2},{"damage":62,"enemies":"Gremlin Nob","floor":6,"turns":5},{"damage":5,"enemies":"Looter","floor":7,"turns":3},{"damage":7,"enemies":"Blue Slaver","floor":8,"turns":3},{"damage":22,"enemies":"Exordium Wildlife","floor":11,"turns":6},{"damage":59,"enemies":"Slime Boss","floor":16,"turns":10},{"damage":0,"enemies":"Spheric Guardian","floor":18,"turns":2},{"damage":31,"enemies":"2 Thieves","floor":19,"turns":4},{"damage":8,"enemies":"Snecko","floor":22,"turns":5},{"damage":141,"enemies":"Gremlin Leader","floor":23,"turns":6},{"damage":88,"enemies":"Book of Stabbing","floor":27,"turns":6},{"damage":14,"enemies":"Snake Plant","floor":28,"turns":2},{"damage":5,"enemies":"Cultist and Chosen","floor":29,"turns":2},{"damage":86,"enemies":"Champ","floor":33,"turns":8},{"damage":0,"enemies":"3 Shapes","floor":35,"turns":2},{"damage":0,"enemies":"3 Darklings","floor":37,"turns":2},{"damage":248,"enemies":"Mind Bloom Boss Battle","floor":39,"turns":3},{"damage":104,"enemies":"Nemesis","floor":40,"turns":9},{"damage":18,"enemies":"Maw","floor":41,"turns":5},{"damage":0,"enemies":"Giant Head","floor":42,"turns":2},{"damage":0,"enemies":"Writhing Mass","floor":48,"turns":2},{"damage":49,"enemies":"Time Eater","floor":50,"turns":3}],"seed_played":"-809118958921768832","potions_obtained":[{"floor":5,"key":"Ancient Potion"},{"floor":6,"key":"Regen Potion"},{"floor":7,"key":"AttackPotion"},{"floor":8,"key":"Dexterity Potion"},{"floor":22,"key":"ColorlessPotion"},{"floor":37,"key":"EntropicBrew"},{"floor":39,"key":"Regen Potion"},{"floor":48,"key":"Dota2Spire:Clarity"}],"is_trial":false,"path_per_floor":["M","?","M","?","M","E","M","M","T","R","M","?","R","?","R","B",null,"M","M","$","?","M","E","?","R","T","E","M","M","?","?","R","B",null,"M","?","M","$","?","E","M","E","T","?","?","$","R","M","R","B",null],"character_chosen":"Youkari","items_purchased":["Nest_LightFlightworm_purple","Calipers","Mirror_FourBoundary_purple","Membership Card","Boundary_LightAndDark_purple","Sadistic Nature","Dota2Spire:OctarineCore","OpenedBox_purple"],"campfire_rested":1,"item_purchase_floors":[20,20,20,38,38,38,46,46],"current_hp_per_floor":[89,77,88,98,108,57,63,68,78,88,87,97,107,117,127,79,250,260,245,255,265,271,141,151,161,171,97,98,104,114,124,134,95,422,432,442,452,462,225,132,126,139,149,159,169,179,352,362,372,359],"gold":75,"neow_bonus":"HUNDRED_GOLD","is_daily":false,"chose_seed":false,"campfire_upgraded":6,"win_rate":0.0,"timestamp":1608831373,"path_taken":["M","?","M","?","M","E","M","M","T","R","?","?","R","?","R","BOSS","M","M","$","?","M","E","?","R","T","E","M","?","?","?","R","BOSS","M","?","?","$","?","E","M","E","T","?","?","$","R","?","R","BOSS"],"items_purchased_type":["Card","Relic","Card","Relic","Card","Card","Relic","Card"],"build_version":"2020-12-22","purchased_purges":1,"victory":true,"max_hp_per_floor":[90,100,110,120,130,140,150,160,170,180,190,200,210,220,230,240,250,260,272,282,292,302,312,322,332,342,352,362,372,382,392,402,412,422,432,442,452,462,472,482,494,504,514,524,534,544,554,564,574,584],"relic_stats":{"Singing Bowl":4,"counters":[24,100],"Golden Idol":179,"Mummified Hand":[19],"Pantograph":50,"obtain_stats":[{"Calipers":20,"Singing Bowl":9,"Dota2Spire:BlackKingBar":21,"Golden Idol":2,"ThegodofHakurei_purpleEX":43,"Dota2Spire:ShivaGuard":39,"Dota2Spire:RefresherOrb":17,"Boundary_crack":0,"Dota2Spire:MagicBottle":27,"Bottled Flame":23,"Dota2Spire:Butterfly":42,"Mummified Hand":40,"Pantograph":26,"Dota2Spire:OctarineCore":46,"Membership Card":38,"Memoryfragments_purpleEX":0,"Dota2Spire:PhaseBoots":6,"Runic Pyramid":34},{"Calipers":10,"Singing Bowl":6,"Dota2Spire:BlackKingBar":10,"Golden Idol":1,"ThegodofHakurei_purpleEX":22,"Dota2Spire:ShivaGuard":19,"Dota2Spire:RefresherOrb":8,"Boundary_crack":0,"Dota2Spire:MagicBottle":13,"Bottled Flame":12,"Dota2Spire:Butterfly":22,"Mummified Hand":20,"Pantograph":12,"Dota2Spire:OctarineCore":22,"Membership Card":18,"Memoryfragments_purpleEX":0,"Dota2Spire:PhaseBoots":4,"Runic Pyramid":16},{"Calipers":43,"Singing Bowl":21,"Dota2Spire:BlackKingBar":43,"Golden Idol":4,"ThegodofHakurei_purpleEX":95,"Dota2Spire:ShivaGuard":79,"Dota2Spire:RefresherOrb":37,"Boundary_crack":0,"Dota2Spire:MagicBottle":60,"Bottled Flame":54,"Dota2Spire:Butterfly":95,"Mummified Hand":88,"Pantograph":54,"Dota2Spire:OctarineCore":95,"Membership Card":76,"Memoryfragments_purpleEX":0,"Dota2Spire:PhaseBoots":15,"Runic Pyramid":72}]},"card_choices":[{"not_picked":["SharpContractionReality_purple","MeetDecomposer_purple"],"picked":"Shallow_ocean_purpleEX","floor":1.0},{"not_picked":["SharpContractionReality_purple","RuleDissolution_purple"],"picked":"Boundary_of_Extermination_purpleEX","floor":3.0},{"not_picked":["MetroBOOM_purple","Mirror_Drifter_purple"],"picked":"OmniscientAndOmnipotent_Monster_purple","floor":5},{"not_picked":["Realm_recovery_purpleEX","SfantasyHide_purple"],"picked":"RuleDissolution_purple","floor":6},{"not_picked":["MonsterNeedle_purple","Erosivefilter_purple"],"picked":"Anti_communist_purple","floor":7},{"not_picked":["Nest_LightFlightworm_purple","Bait_Toxicbait_purple"],"picked":"PositiveMatter_Antimatter_Universe_purple","floor":8},{"not_picked":["GluttonyofRealm_purpleEX","Bait_Toxicbait_purple"],"picked":"Worldmountain_purple","floor":11},{"not_picked":["WangLiang_LineAndCurveDreams_purple","WangLiang_OokamiKakushi_purple"],"picked":"Fancifulhole_purple","floor":16},{"not_picked":["Worldmountain_purple","SfantasyHide_purple"],"picked":"ButterflyHabitatTemple_purple","floor":18},{"not_picked":["AdvanceAttack_purple+1","MNeedle_purple","Bait_Toxicbait_purple"],"picked":"Singing Bowl","floor":19},{"not_picked":["SharpContractionReality_purple","Line_surface_state_purple"],"picked":"RealityDreamConfluencek_purple","floor":22},{"not_picked":["Worldmountain_purple","ExistenceContinue_purple"],"picked":"Shallow_ocean_purpleEX","floor":23},{"not_picked":["SfantasyHide_purple","Bait_HighSpeedFlying_purple"],"picked":"RuleDissolution_purple","floor":27},{"not_picked":["ExistenceContinue_purple","StretchesForeverDream_purple+1"],"picked":"Yakumo_Ran_purple","floor":28},{"not_picked":["Anti_communist_purple","Line_surface_state_purple+1"],"picked":"Boundary_DreamRealityDamnation_purple","floor":29},{"not_picked":["UniverseChoice_purple","Fancifulhole_purple"],"picked":"WangLiang_OokamiKakushi_purple","floor":33},{"not_picked":["Mirror_Drifter_purple+1","EighthInstrument_OneDividesIntoTwo_purple"],"picked":"Charmbait_purple","floor":35},{"not_picked":["ExternalForce_HighSpeedFlying_purple","WeekHit_purple+1"],"picked":"Extrememeaning_purpleEX+1","floor":37},{"not_picked":["Worldmountain_purple+1","Mirror_FormAndEmptin_purple+1"],"picked":"Fantasy_PerpetualMotionMachine_purple+1","floor":39},{"not_picked":["EighthInstrument_OneDividesIntoTwo_purple+1","OmniscientAndOmnipotent_Monster_purple+1"],"picked":"ExternalForce_HighSpeedFlying_purple","floor":40},{"not_picked":["OmniscientAndOmnipotent_Monster_purple+1","MonsterNeedle_purple","D_absorption_purple"],"picked":"Singing Bowl","floor":41},{"not_picked":["OpenedBox_purple+1","Extrememeaning_purpleEX"],"picked":"ProofOfUnderstanding_purple","floor":42},{"not_picked":["ExistenceContinue_purple+1","OmniscientAndOmnipotent_Monster_purple+1"],"picked":"RuleDissolution_purple+1","floor":48}],"player_experience":502316,"relics_obtained":[{"floor":6,"key":"Dota2Spire:PhaseBoots"},{"floor":9,"key":"Singing Bowl"},{"floor":23,"key":"Bottled Flame"},{"floor":26,"key":"Pantograph"},{"floor":27,"key":"Dota2Spire:MagicBottle"},{"floor":39,"key":"Dota2Spire:ShivaGuard"},{"floor":40,"key":"Mummified Hand"},{"floor":42,"key":"Dota2Spire:Butterfly"},{"floor":43,"key":"ThegodofHakurei_purpleEX"}],"event_choices":[{"damage_healed":0.0,"max_hp_gain":0.0,"max_hp_loss":0.0,"gold_gain":0.0,"event_name":"Golden Idol","player_choice":"Take Damage","floor":2.0,"gold_loss":0.0,"damage_taken":22.0,"relics_obtained":["Golden Idol"]},{"damage_healed":0,"gold_gain":0,"player_choice":"4 cards matched","damage_taken":0,"max_hp_gain":0,"max_hp_loss":0,"event_name":"Match and Keep!","floor":4,"gold_loss":0,"cards_obtained":["Fantasy_PerpetualMotionMachine_purple","MagicEyes_LaplaceDemon_purple","Observe_purple_1","Good Instincts"]},{"damage_healed":0,"gold_gain":175,"player_choice":"AGREE","damage_taken":0,"max_hp_gain":0,"max_hp_loss":0,"event_name":"Liars Game","floor":12,"gold_loss":0,"cards_obtained":["Doubt"]},{"cards_removed":["Doubt"],"damage_healed":0,"gold_gain":0,"player_choice":"Card Removal","damage_taken":0,"max_hp_gain":0,"max_hp_loss":0,"event_name":"The Cleric","floor":14,"gold_loss":50},{"damage_healed":0,"gold_gain":0,"player_choice":"Obtained Relic","damage_taken":0,"relics_obtained":["Dota2Spire:BlackKingBar"],"max_hp_gain":0,"max_hp_loss":0,"event_name":"Addict","floor":21,"gold_loss":85},{"cards_removed":["Defend_purpleEX"],"damage_healed":0,"gold_gain":0,"player_choice":"Purged","damage_taken":0,"max_hp_gain":0,"max_hp_loss":0,"event_name":"Purifier","floor":24,"gold_loss":0},{"cards_removed":["Defend_purpleEX"],"damage_healed":0,"gold_gain":0,"player_choice":"Elegance","damage_taken":0,"max_hp_gain":0,"max_hp_loss":0,"event_name":"Back to Basics","floor":30,"gold_loss":0},{"damage_healed":0,"gold_gain":0,"player_choice":"Ignored","damage_taken":0,"max_hp_gain":0,"max_hp_loss":0,"event_name":"Vampires","floor":31,"gold_loss":0},{"cards_removed":["Defend_purpleEX"],"damage_healed":0,"gold_gain":0,"player_choice":"Offered Basic","damage_taken":0,"max_hp_gain":0,"max_hp_loss":0,"event_name":"Bonfire Elementals","floor":36,"gold_loss":0},{"damage_healed":0,"gold_gain":0,"player_choice":"Fight","damage_taken":0,"max_hp_gain":0,"max_hp_loss":0,"event_name":"MindBloom","floor":39,"gold_loss":0},{"cards_removed":["Good Instincts"],"damage_healed":0,"gold_gain":0,"player_choice":"Removed Skill","damage_taken":0,"max_hp_gain":0,"max_hp_loss":0,"event_name":"Falling","floor":44,"gold_loss":0},{"damage_healed":0,"gold_gain":0,"player_choice":"Upgraded Two","damage_taken":0,"max_hp_gain":0,"max_hp_loss":0,"event_name":"Designer","floor":45,"gold_loss":40,"cards_upgraded":["AT_purpleEX","Nest_LightFlightworm_purple"]}],"is_beta":false,"boss_relics":[{"not_picked":["Seventeenyearold_girl_Forever","Pandora\u0027s Box"],"picked":"Dota2Spire:RefresherOrb"},{"not_picked":["Snecko Eye","Velvet Choker"],"picked":"Runic Pyramid"}],"items_purged_floors":[20],"is_endless":false,"potions_floor_spawned":[5,6,7,8,22,28,35,37,39,48],"ascension_level":1}}