{"host":"9ndbo4kgsfoemf7y","time":1608813676,"event":{"mods":["AchievementEnabler","BaseMod","Colored Map","DeckTracker","Keyboard Shortcuts","Minty Spire (QoL Compilation)","Permanent Neow","Quick Restart","Relic Stats","StSLib","SuperFastMode"],"gold_per_floor":[19,19,30,46,46,80,80,80,80],"floor_reached":8,"playtime":172,"items_purged":[],"score":162,"play_id":"af5fadff-424f-43be-9e10-869afb909cc1","local_time":"20201224214116","is_ascension_mode":true,"campfire_choices":[{"data":"Eruption","floor":7,"key":"SMITH"}],"circlet_count":0,"master_deck":["AscendersBane","Strike_P","Strike_P","Strike_P","Strike_P","Defend_P","Defend_P","Eruption+1","Vigilance","Prostrate","DevaForm","Prostrate","MentalFortress"],"relics":["PureWater","WarpedTongs","Potion Belt"],"acts_visited":["Exordium"],"potions_floor_usage":[],"damage_taken":[{"damage":0,"enemies":"Cultist","floor":1,"turns":3},{"damage":16,"enemies":"Small Slimes","floor":3,"turns":4},{"damage":3,"enemies":"2 Louse","floor":4,"turns":2},{"damage":0,"enemies":"Lagavulin","floor":6,"turns":6},{"damage":47,"enemies":"3 Sentries","floor":8,"turns":5}],"seed_played":"-998964340251246358","potions_obtained":[{"floor":6,"key":"SmokeBomb"}],"is_trial":false,"path_per_floor":["M","?","M","M","?","E","R","E"],"character_chosen":"WATCHER","items_purchased":[],"campfire_rested":0,"item_purchase_floors":[],"current_hp_per_floor":[61,61,45,42,35,35,35,0,0],"gold":80,"neow_bonus":"TRANSFORM_TWO_CARDS","is_daily":false,"chose_seed":false,"campfire_upgraded":1,"win_rate":0.0,"timestamp":1608813676,"path_taken":["M","?","M","?","?","E","R","E"],"items_purchased_type":[],"build_version":"2020-12-22","purchased_purges":0,"victory":false,"max_hp_per_floor":[68,68,68,68,68,68,68,68,68],"relic_stats":{"counters":[5,20],"obtain_stats":[{"Potion Belt":6,"PureWater":0,"WarpedTongs":2},{"Potion Belt":4,"PureWater":0,"WarpedTongs":1},{"Potion Belt":15,"PureWater":0,"WarpedTongs":3}],"WarpedTongs":[17]},"card_choices":[{"not_picked":["Consecrate","FlurryOfBlows"],"picked":"Prostrate","floor":1},{"not_picked":["ThirdEye","EmptyFist"],"picked":"MentalFortress","floor":3},{"not_picked":["CarveReality","ThirdEye","FlurryOfBlows"],"picked":"SKIP","floor":4},{"not_picked":["SignatureMove","Fasting2","BowlingBash"],"picked":"SKIP","floor":6}],"player_experience":740254,"relics_obtained":[{"floor":6,"key":"Potion Belt"}],"event_choices":[{"damage_healed":0,"gold_gain":0,"player_choice":"Rummage","damage_taken":0,"relics_obtained":["WarpedTongs"],"max_hp_gain":0,"max_hp_loss":0,"event_name":"Accursed Blacksmith","floor":2,"gold_loss":0,"cards_obtained":["Pain"]},{"cards_removed":["Pain"],"damage_healed":0,"gold_gain":0,"player_choice":"Card Removal","damage_taken":7,"max_hp_gain":0,"max_hp_loss":0,"event_name":"Golden Wing","floor":5,"gold_loss":0}],"is_beta":false,"boss_relics":[],"items_purged_floors":[],"is_endless":false,"potions_floor_spawned":[6],"killed_by":"3 Sentries","ascension_level":20}}