{"host":"t7rtdu4954o308h4","time":1608817198,"event":{"mods":["AchievementEnabler","Act Like it!","BaseMod","Conspire","Library of Ruina","Library of Ruina Extra","Minty Spire (QoL Compilation)","MostiFishMod","Replay The Spire","StSLib","TestMod","Waifu the Spire","【功能Mod】聪明的最终Boss","【遗物卡牌】REMEMod"],"gold_per_floor":[114,130,174,30,30,30,46,46,46,46,74,89,105,105,105,209,209,226,226,246,260,274,305,33,132,132,132,142,142,170,170,170,432,432,529,542,542,542,182,213,230,257,257,267,317,333,349,39,39,99,99,99,99,99,128,128],"floor_reached":57,"playtime":3262,"items_purged":["LightAttack","Observe","LightAttack"],"score":2026,"play_id":"4843edbb-2ec9-41ab-9f9c-8e6bcfdb6d6d","local_time":"20201224213958","is_ascension_mode":true,"campfire_choices":[{"data":"Faith","floor":6,"key":"SMITH"},{"data":"InkOver","floor":8,"key":"SMITH"},{"data":"WillOfThePrescript","floor":10,"key":"SMITH"},{"data":"NonstopAssault","floor":15,"key":"SMITH"},{"data":"Apotheosis","floor":27,"key":"SMITH"},{"data":"HandlingWork","floor":32,"key":"SMITH"},{"floor":49,"key":"RECALL"},{"data":"testmod-Recap","floor":53,"key":"SMITH"}],"circlet_count":0,"master_deck":["Dodge","LightDefense","LightDefense","ChargeAndCover","FocusedStrikes","MostiFishMod:StarOceanP+1","DarkCloud","WillOfThePrescript+1","Faith+1","GoinFirst","InkOver+1","InnerArdor","NonstopAssault+1","FleetEdge","CleanUp","FrontalAssault","InkOver+1","FormingStorm","TendonChords","HandlingWork+1","BindingArms","Apotheosis+1","InnerArdor","BackAttack","EmotionalTurbulence","Slice_lor+1","Outburst","UnavoidableGaze+1","Mutilate+1","Transpierce","FleshFillet","DarkCloud+1","SpearedSweep","TendonChords","testmod-Recap+1","SunsetBlade+1"],"relics":["PageOfLibrarian","DaveBox","testmod-TestBox","REME_ComplimentaryCards","testmod-ChristmasGift","SynthV","SynthV:TestCard","Toolbox","Potion Belt","Replay:Baseball","FeatherPendant","PageOfWrath","PageOfTheQueenOfHatred","PageOfTheKnightOfDespair","Nilry\u0027s Codex","Honey Jar","PageOfUniverseFragment","PageOfGreed","PageOfNihil","Nunchaku","DianDianMeat","PageOfLittleHelper"],"acts_visited":["Exordium","TheCity","TheBeyond","TheEnding"],"potions_floor_usage":[2,2,3,3,3,3,3,3,3,11,13,16,33,33,33,41,41,41,41,41,41,41,41,50,50,50,50,50,50,50,50,50,50,50,50,50,50,50,50,50,50,56,56,56,56,56],"damage_taken":[{"damage":1,"enemies":"2 Louse","floor":1,"turns":2},{"damage":4,"enemies":"Cultist","floor":2,"turns":4},{"damage":5,"enemies":"Jaw Worm","floor":3,"turns":4},{"damage":19,"enemies":"Gremlin Gang","floor":7,"turns":4},{"damage":12,"enemies":"3 Sentries","floor":11,"turns":3},{"damage":4,"enemies":"conspire:2 RoseBushes","floor":12,"turns":2},{"damage":0,"enemies":"3 Louse","floor":13,"turns":2},{"damage":12,"enemies":"Slime Boss","floor":16,"turns":4},{"damage":0,"enemies":"Shell Parasite","floor":18,"turns":1},{"damage":0,"enemies":"Spheric Guardian","floor":20,"turns":1},{"damage":8,"enemies":"Shelled Parasite and Fungi","floor":21,"turns":2},{"damage":0,"enemies":"Centurion and Healer","floor":22,"turns":2},{"damage":0,"enemies":"Gremlin Leader","floor":23,"turns":4},{"damage":0,"enemies":"Sentry and Sphere","floor":28,"turns":1},{"damage":15,"enemies":"Book of Stabbing","floor":30,"turns":2},{"damage":0,"enemies":"Champ","floor":33,"turns":2},{"damage":0,"enemies":"3 Shapes","floor":35,"turns":3},{"damage":0,"enemies":"Orb Walker","floor":36,"turns":1},{"damage":0,"enemies":"R_Hoarder","floor":40,"turns":4},{"damage":0,"enemies":"3 Darklings","floor":41,"turns":3},{"damage":6,"enemies":"Giant Head","floor":42,"turns":1},{"damage":0,"enemies":"Maw","floor":44,"turns":1},{"damage":0,"enemies":"Mind Bloom Boss Battle","floor":45,"turns":1},{"damage":0,"enemies":"Transient","floor":46,"turns":2},{"damage":0,"enemies":"4 Shapes","floor":47,"turns":1},{"damage":34,"enemies":"Donu and Deca","floor":50,"turns":7},{"damage":0,"enemies":"Shield and Spear","floor":55,"turns":2},{"damage":28,"enemies":"The Heart","floor":56,"turns":4}],"seed_played":"4416720558552368448","potions_obtained":[{"floor":7,"key":"FairyPotion"},{"floor":11,"key":"Death Potion"},{"floor":20,"key":"CultistPotion"},{"floor":33,"key":"Regen Potion"},{"floor":35,"key":"LifebloodPotion"},{"floor":41,"key":"PowerPotion"},{"floor":45,"key":"ColorlessPotion"},{"floor":46,"key":"Adrenaline Potion"}],"is_trial":false,"path_per_floor":["M","M","M","$","?","R","M","R","T","R","E","M","M","?","R","B",null,"M","?","M","M","M","E","$","?","T","R","M","?","E","?","R","B",null,"M","M","?","?","$","E","M","E","T","M","?","M","M","$","R","B",null,null,"R","$","E","B",null],"character_chosen":"Librarian","items_purchased":["Toolbox","Apotheosis","PageOfUniverseFragment","testmod-Recap"],"campfire_rested":0,"item_purchase_floors":[4,24,39,48],"current_hp_per_floor":[56,57,56,56,56,56,41,41,41,41,36,34,35,35,35,24,65,65,65,66,61,69,78,78,78,78,78,78,78,63,47,47,57,80,70,62,62,59,59,59,65,60,60,60,61,63,68,72,72,80,91,91,91,91,91,86],"gold":128,"neow_bonus":"THREE_CARDS","is_daily":false,"chose_seed":false,"campfire_upgraded":7,"win_rate":0.0,"timestamp":1608817198,"path_taken":["M","M","M","$","?","R","?","R","T","R","E","M","M","?","R","BOSS","M","?","?","M","?","E","$","?","T","R","M","?","E","?","R","BOSS","M","M","?","?","$","E","M","E","T","M","?","M","M","$","R","BOSS","R","$","E","BOSS"],"items_purchased_type":["Relic","Card","Relic","Card"],"build_version":"2020-12-22","purchased_purges":3,"victory":true,"max_hp_per_floor":[67,63,62,62,62,62,62,62,62,62,62,78,78,78,78,78,78,78,78,78,78,78,78,78,78,78,78,78,78,87,87,87,87,87,70,62,62,59,59,68,65,60,60,65,61,71,87,91,91,91,91,91,94,94,91,91],"card_choices":[{"not_picked":["FendThisOffIfYouCan","HighKick"],"picked":"DarkCloud","floor":0},{"not_picked":["Leap_lor","FendThisOffIfYouCan","FleetFootsteps"],"picked":"WillOfThePrescript","floor":1},{"not_picked":["FrontalAssault","HighSpeedStabbing","Leap_lor","WillOfThePrescript","SpearedSweep","FleetFootsteps"],"picked":"Faith","floor":2},{"not_picked":["YoureAHindrance","SmokingPipe","Zzzzzap","TendonChords","StructuralAnalysis"],"picked":"GoinFirst","floor":3},{"not_picked":["SpearedSweep","PreparedMind","SetFire","SkyClearingCut","Outburst"],"picked":"InkOver","floor":7},{"not_picked":["Diversion","HighKick","InhaleSmoke","TendonChords","Faith"],"picked":"SilentMist","floor":11},{"not_picked":["GatherIntel","Zzzzzap","ForTheFamily","WillOfThePrescript","Outburst"],"picked":"InnerArdor","floor":12},{"not_picked":["EnergyCycle","SpearedSweep","DeepDrag","SmokingPipe","Leap_lor"],"picked":"NonstopAssault","floor":13},{"not_picked":["GoinFirst","EmotionalTurbulence","Transpierce","DaringDecision"],"picked":"CleanUp","floor":16},{"not_picked":["Execute_lor","HighKick+1","TheRedNotes","DarkCloud","Standoff"],"picked":"FrontalAssault","floor":18},{"not_picked":["SturdyDefense","LossOfSenses","Rewind","SpearedSweep+1","SilentMist"],"picked":"FormingStorm","floor":20},{"not_picked":["MindPrepared","WaitUp","SharpNails","OpportunitySpotted","Leap_lor"],"picked":"TendonChords","floor":21},{"not_picked":["WillOfThePrescript+1","Outburst","HighKick","Overpower","CumulusWall"],"picked":"HandlingWork","floor":22},{"not_picked":["UnavoidableGaze","FendThisOffIfYouCan","HighSpeedStabbing","UpbeatPerformance+1","SharpSwipe"],"picked":"BindingArms","floor":23},{"not_picked":["FrontalAssault","TheRedNotes","DarkCloud+1","SharpSwipe","Outburst+1","UpbeatPerformance"],"picked":"SKIP","floor":28},{"not_picked":["Faith","HighKick+1","HiddenBlade","InkOver+1","FleetEdge"],"picked":"BackAttack","floor":30},{"not_picked":["CleanUp","FormingStorm","GoinFirst","SilentNight","ChargeUp","UnforgettableMelody"],"picked":"EmotionalTurbulence","floor":33},{"not_picked":["TendonChords+1","CleanUp","SmokingPipe","FrontalAssault+1","EnergyCycle","FleetEdge+1"],"picked":"Slice_lor+1","floor":35},{"not_picked":["BindingArms","IronWall","Rampage_lor","RulesOfTheBackstreets+1","WillOfThePrescript+1","Rewind"],"picked":"Outburst","floor":36},{"not_picked":["FleetEdge","ScatteringSlash","EnergyCycle","HighKick","ProselytesBlade","SharpSwipe"],"picked":"UnavoidableGaze+1","floor":40},{"not_picked":["HiddenBlade+1","Rewind+1","StructuralAnalysis+1","Leap_lor","RushDown","CumulusWall"],"picked":"Mutilate+1","floor":41},{"not_picked":["Slice_lor+1","AlloutWar+1","Execute_lor+1","UpbeatPerformance","SkyClearingCut","HighKick"],"picked":"Transpierce","floor":42},{"not_picked":["UnavoidableGaze","SpearedSweep","Juggling","Standoff","Rewind+1","ScatteringSlash"],"picked":"FleshFillet","floor":44},{"not_picked":["Standoff+1","InnerArdor+1","SharpSwipe","SpearedSweep+1","EnergyCycle+1","HiddenBlade"],"picked":"DarkCloud+1","floor":45},{"not_picked":["MindPrepared","Rewind","SmokingPipe+1","HiddenBlade+1","DarkCloud+1","Mutilate"],"picked":"SpearedSweep","floor":46},{"not_picked":["HighKick","Rewind","WillOfThePrescript+1","SkyClearingCut","DarkCloud","InhaleSmoke+1"],"picked":"TendonChords","floor":47},{"not_picked":["Diversion","Leap_lor+1","UpbeatPerformance+1","FlowOfTheSword","Mutilate+1","SmokingPipe+1"],"picked":"SunsetBlade+1","floor":55}],"player_experience":56165,"relics_obtained":[{"floor":1,"key":"SynthV:TestCard"},{"floor":9,"key":"Potion Belt"},{"floor":11,"key":"Replay:Baseball"},{"floor":23,"key":"PageOfWrath"},{"floor":26,"key":"PageOfTheQueenOfHatred"},{"floor":30,"key":"PageOfTheKnightOfDespair"},{"floor":31,"key":"Nilry\u0027s Codex"},{"floor":40,"key":"PageOfGreed"},{"floor":41,"key":"PageOfNihil"},{"floor":42,"key":"Nunchaku"},{"floor":45,"key":"DianDianMeat"},{"floor":55,"key":"PageOfLittleHelper"}],"event_choices":[{"damage_healed":0,"gold_gain":0,"player_choice":"Upgraded","damage_taken":0,"max_hp_gain":0,"max_hp_loss":0,"event_name":"Upgrade Shrine","floor":5,"gold_loss":0,"cards_upgraded":["MostiFishMod:StarOceanP"]},{"damage_healed":0,"gold_gain":0,"cards_transformed":["LightAttack"],"player_choice":"Change","damage_taken":0,"max_hp_gain":0,"max_hp_loss":0,"event_name":"Living Wall","floor":14,"gold_loss":0,"cards_obtained":["FleetEdge"]},{"damage_healed":0,"gold_gain":0,"player_choice":"Copied","damage_taken":0,"max_hp_gain":0,"max_hp_loss":0,"event_name":"Duplicator","floor":19,"gold_loss":0,"cards_obtained":["InkOver"]},{"damage_healed":0,"gold_gain":99,"player_choice":"Stole From Cult","damage_taken":0,"max_hp_gain":0,"max_hp_loss":0,"event_name":"Nest","floor":25,"gold_loss":0},{"damage_healed":0,"gold_gain":0,"cards_transformed":["LightDefense","LightDefense"],"player_choice":"Became Test Subject","damage_taken":0,"max_hp_gain":0,"max_hp_loss":0,"event_name":"Drug Dealer","floor":29,"gold_loss":0,"cards_obtained":["Observe","InnerArdor"]},{"damage_healed":0,"gold_gain":0,"player_choice":"Obtained Book","damage_taken":16,"max_hp_gain":0,"max_hp_loss":0,"event_name":"Cursed Tome","floor":31,"gold_loss":0},{"cards_removed":["SilentMist"],"damage_healed":0,"gold_gain":0,"player_choice":"Removed Power","damage_taken":0,"max_hp_gain":0,"max_hp_loss":0,"event_name":"Falling","floor":37,"gold_loss":0},{"damage_healed":0,"gold_gain":0,"player_choice":"Max HP","damage_taken":0,"max_hp_gain":0,"max_hp_loss":3,"event_name":"Winding Halls","floor":38,"gold_loss":0},{"damage_healed":0,"gold_gain":0,"player_choice":"Fight","damage_taken":0,"max_hp_gain":0,"max_hp_loss":0,"event_name":"MindBloom","floor":45,"gold_loss":0}],"is_beta":false,"boss_relics":[{"not_picked":["Busted Crown","Tiny House"],"picked":"FeatherPendant"},{"not_picked":["testmod-DeterminationOfClimber","RhineFirstAidKit"],"picked":"Honey Jar"}],"items_purged_floors":[24,39,48],"is_endless":false,"potions_floor_spawned":[3,7,11,20,28,33,35,41,45,46],"ascension_level":8}}