{"host":"imzpmvgmiwu2pn30","time":1608829165,"event":{"mods":["BaseMod","Colored Powertips","Minty Spire (QoL Compilation)","Relic Stats","StSLib"],"gold_per_floor":[118,118,191,202,50,50,70,82,82,82,101,111,123,141,141,238,288,299,299,299,315,325,325,335,335,388,398,144,162,162,179,179,179,179],"floor_reached":33,"playtime":3644,"items_purged":[],"score":270,"play_id":"7f87a1f9-9ceb-44db-a6f5-9b6cb440075b","local_time":"20201224145925","is_ascension_mode":false,"campfire_choices":[{"data":"Thunderclap","floor":6,"key":"SMITH"},{"data":"Cleave","floor":10,"key":"SMITH"},{"data":"Armaments","floor":15,"key":"SMITH"},{"floor":23,"key":"REST"},{"floor":25,"key":"REST"},{"floor":32,"key":"REST"}],"circlet_count":0,"master_deck":["Strike_R","Strike_R","Strike_R","Strike_R","Strike_R","Defend_R","Defend_R","Defend_R","Defend_R","Bash","Shrug It Off+1","Thunderclap+1","Clothesline","Flex","Cleave+1","Twin Strike","Armaments+1","Iron Wave","Berserk","Shockwave","Metallicize","Flex","Cleave","Heavy Blade","Pommel Strike+1","Bash","Thunderclap+1"],"relics":["Burning Blood","Sundial","Lee\u0027s Waffle","Ginger","Tiny House","Regal Pillow","Paper Frog"],"acts_visited":["Exordium","TheCity"],"potions_floor_usage":[21,22,33],"damage_taken":[{"damage":10.0,"enemies":"Jaw Worm","floor":1.0,"turns":3.0},{"damage":3,"enemies":"Small Slimes","floor":4,"turns":3},{"damage":6,"enemies":"Cultist","floor":7,"turns":3},{"damage":4,"enemies":"Exordium Thugs","floor":8,"turns":4},{"damage":0,"enemies":"2 Fungi Beasts","floor":11,"turns":2},{"damage":6,"enemies":"Exordium Wildlife","floor":12,"turns":2},{"damage":0,"enemies":"Large Slime","floor":13,"turns":3},{"damage":8,"enemies":"Lots of Slimes","floor":14,"turns":2},{"damage":30,"enemies":"Slime Boss","floor":16,"turns":12},{"damage":29,"enemies":"Spheric Guardian","floor":18,"turns":5},{"damage":10,"enemies":"Chosen","floor":21,"turns":5},{"damage":29,"enemies":"Snecko","floor":22,"turns":6},{"damage":26,"enemies":"3 Cultists","floor":24,"turns":5},{"damage":12,"enemies":"Snake Plant","floor":27,"turns":4},{"damage":51,"enemies":"Sentry and Sphere","floor":29,"turns":6},{"damage":25,"enemies":"3 Cultists","floor":31,"turns":4},{"damage":41,"enemies":"Collector","floor":33,"turns":7}],"seed_played":"-5032288886305325883","potions_obtained":[{"floor":7,"key":"CultistPotion"},{"floor":11,"key":"Regen Potion"},{"floor":12,"key":"Dexterity Potion"},{"floor":13,"key":"Energy Potion"},{"floor":17,"key":"Explosive Potion"},{"floor":31,"key":"GamblersBrew"}],"is_trial":false,"path_per_floor":["M","?","T","M","$","R","M","M","T","R","M","M","M","M","R","B",null,"M","?","?","M","M","R","M","R","T","M","$","M","?","M","R","B"],"character_chosen":"IRONCLAD","items_purchased":["Lee\u0027s Waffle","Paper Frog"],"campfire_rested":3,"item_purchase_floors":[5,28],"current_hp_per_floor":[76,81,81,84,92,92,92,92,92,92,92,92,92,90,90,66,97,74,74,74,70,47,76,56,85,85,79,79,34,34,15,59,18,18],"gold":179,"neow_bonus":"THREE_CARDS","is_daily":false,"chose_seed":false,"campfire_upgraded":3,"win_rate":0.0,"timestamp":1608829165,"path_taken":["M","?","?","M","$","R","?","M","T","R","M","M","M","M","R","BOSS","M","?","?","M","M","R","M","R","T","M","$","M","?","?","R","BOSS"],"items_purchased_type":["Relic","Relic"],"build_version":"2020-12-22","purchased_purges":0,"victory":false,"max_hp_per_floor":[80,85,85,85,92,92,92,92,92,92,92,92,92,92,92,92,97,97,97,97,97,97,97,97,97,97,97,97,97,97,97,97,97,97],"relic_stats":{"Lee\u0027s Waffle":8,"Regal Pillow":15,"counters":[17,76],"Sundial":[6],"Ginger":[12],"obtain_stats":[{"Lee\u0027s Waffle":5,"Regal Pillow":26,"Tiny House":17,"Sundial":3,"Ginger":9,"Burning Blood":0,"Paper Frog":28},{"Lee\u0027s Waffle":2,"Regal Pillow":13,"Tiny House":9,"Sundial":1,"Ginger":4,"Burning Blood":0,"Paper Frog":14},{"Lee\u0027s Waffle":6,"Regal Pillow":55,"Tiny House":34,"Sundial":3,"Ginger":13,"Burning Blood":0,"Paper Frog":59}],"Burning Blood":82},"card_choices":[{"not_picked":["Entrench","True Grit"],"picked":"Shrug It Off","floor":0.0},{"not_picked":["Perfected Strike","Burning Pact"],"picked":"Thunderclap","floor":1.0},{"not_picked":["True Grit","Anger"],"picked":"Clothesline","floor":4},{"not_picked":["Shockwave","True Grit"],"picked":"Flex","floor":7},{"not_picked":["Sword Boomerang","Shrug It Off"],"picked":"Cleave","floor":8},{"not_picked":["Havoc","Sever Soul"],"picked":"Twin Strike","floor":11},{"not_picked":["True Grit","Offering","Cleave"],"picked":"SKIP","floor":12},{"not_picked":["Rupture","Fire Breathing"],"picked":"Armaments","floor":13},{"not_picked":["Rage","Intimidate"],"picked":"Iron Wave","floor":14},{"not_picked":["Exhume","Double Tap"],"picked":"Berserk","floor":16},{"not_picked":["Burning Pact","Clothesline"],"picked":"Shockwave","floor":17},{"not_picked":["Sentinel","Whirlwind+1"],"picked":"Metallicize","floor":18},{"not_picked":["Blood for Blood","Anger+1","Sword Boomerang+1"],"picked":"SKIP","floor":21},{"not_picked":["True Grit+1","Wild Strike"],"picked":"Cleave","floor":22},{"not_picked":["Limit Break","Pummel"],"picked":"Heavy Blade","floor":24},{"not_picked":["Infernal Blade","Combust","Hemokinesis"],"picked":"SKIP","floor":27},{"not_picked":["Wild Strike","Perfected Strike+1"],"picked":"Pommel Strike+1","floor":29},{"not_picked":["Whirlwind+1","Headbutt"],"picked":"Thunderclap+1","floor":31}],"player_experience":437726,"relics_obtained":[{"floor":3.0,"key":"Sundial"},{"floor":9,"key":"Ginger"},{"floor":26,"key":"Regal Pillow"}],"event_choices":[{"damage_healed":0.0,"max_hp_gain":5.0,"max_hp_loss":0.0,"gold_gain":0.0,"event_name":"Big Fish","player_choice":"Donut","floor":2.0,"gold_loss":0.0,"damage_taken":0.0},{"damage_healed":0,"gold_gain":0,"player_choice":"Read","damage_taken":0,"max_hp_gain":0,"max_hp_loss":0,"event_name":"The Library","floor":19,"gold_loss":0,"cards_obtained":["Flex"]},{"damage_healed":0,"gold_gain":0,"player_choice":"Ignored","damage_taken":0,"max_hp_gain":0,"max_hp_loss":0,"event_name":"Beggar","floor":20,"gold_loss":0},{"damage_healed":0,"gold_gain":0,"player_choice":"1 cards matched","damage_taken":0,"max_hp_gain":0,"max_hp_loss":0,"event_name":"Match and Keep!","floor":30,"gold_loss":0,"cards_obtained":["Bash"]}],"is_beta":false,"boss_relics":[{"not_picked":["SacredBark","Busted Crown"],"picked":"Tiny House"}],"items_purged_floors":[],"is_endless":false,"potions_floor_spawned":[7,11,12,13,16,18,31],"killed_by":"Collector","ascension_level":0}}