{"host":"qf6a1vkjx65tfr1z","time":1608804857,"event":{"mods":["2.2 Compatiblity","Aspiration","Bard","BaseMod","CCEM","Card Filter","Card Forge","Colored Map","Colorless Booster Pack","Conspire","Custom Start","Defuse TimeMaze Blight","Dota2Spire","Downfall","Duelist Mod","Energized Spire","Friendly Minions","GifTheSpireLib","Glutton Mod","Halation","Hubris","Hunter ??","Infinite Spire","Jedi Mod","Koishi","LagranYue(???·?)","Magitek Elite","Marisa????????","Minty Spire (QoL Compilation)","Quick Restart","Rare Cards Sparkle","RatMod","Relic Filter","Replay The Spire","RumiaBox-????????","Shop Mod","Small Relic Pack","Somnambulant","Spikes Relics","Spire Exporter","StSLib","Stuff the Spire","Td1madao Mod","The Accelerator","The Bug Knight","The Construct","The Cursed","The Mystic","The Necromancer","The Sage","The Servant 0.9.4","The Witch","Transform Curses","Unceasing Turn Reminder","Yuyuko","vexMod","??????REMEMod"],"gold_per_floor":[151,151,23,73,73,140,189,325,348,377,428,428,475,73,73,253,253,369,421,461,30,48,119,119,190,190,296,314,314,314,361,361,473,473,524,612,612,698,192,192,269,361,361,361,525,605,740,740,740,806,902],"floor_reached":52,"playtime":7647,"items_purged":["Well Laid Plans+1"],"score":2944,"play_id":"359e10ad-26a0-4324-bdc4-2ffbf1088a22","local_time":"20201224051417","is_ascension_mode":true,"campfire_choices":[{"data":"Luminosity","floor":12.0,"key":"SMITH"},{"data":"Shuttle","floor":12.0,"key":"SMITH"},{"data":"SilverMatrix+1","floor":12.0,"key":"SMITH"},{"data":"Sunlight+1","floor":12.0,"key":"SMITH"},{"floor":15.0,"key":"REST"},{"floor":24.0,"key":"REST"},{"floor":30.0,"key":"REST"},{"floor":32.0,"key":"REST"},{"floor":40,"key":"REST"},{"floor":44,"key":"REST"},{"data":"sagemod:Slalom","floor":49,"key":"SMITH"},{"data":"GearUp+3","floor":49,"key":"SMITH"},{"data":"Koishi:ConfinedInnocent+1","floor":49,"key":"SMITH"},{"data":"SilverMatrix+2","floor":49,"key":"SMITH"}],"circlet_count":0,"master_deck":["Sunlight+2","SilverMatrix+3","TheCursedMod:OutForBlood+1","Koishi:ConfinedInnocent+2","Koishi:PerfectMindControl+1","Koishi:UnseenTerror+1","WalpurgisNight+1","StrangeBrew+1","ChosenOfTheMoon+1","HollowMod:Hiveblood+1","LagranYue:PowerDreamCard+1","Glutton:GuardStance+1","Glutton:Mug+1","Glutton:EatAlive+1","Calmness Giant+1","jedi:cleanse+1","Envenom+1","Envenom+1","rat:SilverCoating+1","rat:BloodPact+1","Exhume+1","Barricade+1","Corruption+1","Seek+1","Koishi:Bloodlust+1","Shuttle+1","sagemod:Energetic_Brew+1","RealityMarble+1","CBP: MannCoSupplyCrateSeries3+1","GearUp+4","sagemod:Slalom+1"],"relics":["Uniform","Hammer of Thor","Seething Fire","Anvil of the Gods","jedi:maincommand","SecretRecord","SecretRecord","SecretRecord","SecretRecord","SecretRecord","hubris:64BitClover","AncientExoskeleton","Replay:Antivirus Software","Replay:Arrowhead","Blue Candle","StuffTheSpire:DarkSteelAnvil","conspire:InfiniteJournal","halation:PenCase","halation:PrussianBluePaint","The Courier","Snake Skull","hubris:DisguiseKit","StuffTheSpire:GrapeVine","Medical Kit","OldScarf","Guardian:PocketSentry","Bottled Lightning","Guardian:BottledAnomaly","hexamod:CandleOfCauterizing","sneckomod:CleanMud","KneeBrace","Guardian:StasisCodex","relicPack:OneForAll","Potion Belt","MerchantsRug","Slimebound:PotencyRelic","Guardian:StasisUpgradeRelic","champ:DuelingGlove","Guardian:DefensiveModeMoreBlock","hexamod:SoulOfChaos","PaperSwan","Broom","hubris:Icosahedron"],"acts_visited":["Exordium","TheCity","TheBeyond"],"potions_floor_usage":[],"damage_taken":[{"damage":0.0,"enemies":"conspire:RoseBush","floor":1.0,"turns":3.0},{"damage":0.0,"enemies":"Jaw Worm","floor":4.0,"turns":3.0},{"damage":3.0,"enemies":"Replay:BlueRogue","floor":6.0,"turns":4.0},{"damage":3.0,"enemies":"2 Louse","floor":7.0,"turns":3.0},{"damage":5.0,"enemies":"3 Sentries","floor":8.0,"turns":3.0},{"damage":4.0,"enemies":"Lagavulin","floor":10.0,"turns":4.0},{"damage":0.0,"enemies":"Looter","floor":11.0,"turns":1.0},{"damage":6.0,"enemies":"3 Louse","floor":13.0,"turns":3.0},{"damage":3.0,"enemies":"Slime Boss","floor":16.0,"turns":1.0},{"damage":3.0,"enemies":"3 Byrds","floor":18.0,"turns":4.0},{"damage":3.0,"enemies":"Shell Parasite","floor":19.0,"turns":2.0},{"damage":4.0,"enemies":"conspire:HollyBat","floor":20.0,"turns":3.0},{"damage":28.0,"enemies":"Shelled Parasite and Fungi","floor":22.0,"turns":4.0},{"damage":2.0,"enemies":"theDuelist:KaibaA2","floor":23.0,"turns":1.0},{"damage":54.0,"enemies":"Gremlin Leader","floor":25.0,"turns":1.0},{"damage":3.0,"enemies":"Slavers","floor":27.0,"turns":2.0},{"damage":1.0,"enemies":"Snake Plant","floor":28.0,"turns":1.0},{"damage":26.0,"enemies":"Cultist and Chosen","floor":31.0,"turns":1.0},{"damage":4.0,"enemies":"Collector","floor":33.0,"turns":1.0},{"damage":3,"enemies":"3 Shapes","floor":35,"turns":2},{"damage":0,"enemies":"3 Darklings","floor":36,"turns":2},{"damage":3,"enemies":"Transient","floor":38,"turns":2},{"damage":4,"enemies":"Spire Growth","floor":41,"turns":2},{"damage":23,"enemies":"Nemesis","floor":42,"turns":2},{"damage":5,"enemies":"Nightmare","floor":45,"turns":1},{"damage":6,"enemies":"4 Shapes","floor":46,"turns":1},{"damage":31,"enemies":"Reptomancer","floor":47,"turns":2},{"damage":4,"enemies":"Time Eater","floor":50,"turns":3},{"damage":22,"enemies":"hubris:GrandSnecko","floor":51,"turns":1}],"seed_played":"-4631627187912161835","potions_obtained":[{"floor":6.0,"key":"REME_GoldPotion"},{"floor":7.0,"key":"Elixir"},{"floor":20.0,"key":"Energy Potion"}],"is_trial":true,"path_per_floor":["M","?","$","M","T","E","M","E","T","E","M","R","M","$","R","B",null,"M","M","M","$","M","E","R","E","T","E","M","?","R","M","R","B",null,"M","M","?","M","$","R","M","E","T","R","NM","M","E","?","R","B","B",null],"character_chosen":"THE_SERVANT","items_purchased":["jedi:command_common","jedi:command_uncommon","jedi:command_shop","jedi:command_uncommon","CBP: MannCoSupplyCrateSeries3","REME_GoldPotion","Dota2Spire:HealingSalve","MerchantsRug","jedi:command_rare","jedi:command_shop","jedi:command_rare"],"campfire_rested":6,"item_purchase_floors":[3,14,14,21,21,39,39,39,39,39,39],"current_hp_per_floor":[70,70,70,88,88,104,111,145,145,194,194,194,188,188,195,214,214,214,213,256,256,293,298,298,310,310,342,342,342,342,369,372,421,424,447,461,461,579,579,579,597,589,589,597,597,632,696,696,696,696,731],"gold":902,"neow_bonus":"","is_daily":false,"chose_seed":false,"campfire_upgraded":8,"win_rate":0.0,"timestamp":1608804857,"path_taken":["M","?","$","M","?","E","M","E","T","E","M","R","M","?","R","BOSS","M","M","M","$","M","E","R","E","T","E","M","?","R","M","R","BOSS","M","M","?","M","$","R","M","E","T","R","NM","M","E","?","R","BOSS","BOSS"],"items_purchased_type":["Relic","Relic","Relic","Relic","Card","Potion","Potion","Relic","Relic","Relic","Relic"],"build_version":"2020-12-22","purchased_purges":1,"victory":true,"max_hp_per_floor":[70,70,70,88,88,104,114,150,150,195,195,195,195,195,195,214,214,214,214,256,256,298,298,298,324,324,342,342,342,342,372,372,425,425,451,461,461,579,579,579,597,597,597,597,597,633,696,696,696,696,731],"card_choices":[{"not_picked":["BottledTime","FanOfKnives","Revamp"],"picked":"SKIP","floor":1.0},{"not_picked":["Replace","Revamp","Rewind"],"picked":"SKIP","floor":4.0},{"not_picked":["Potential","Sabotage","sagemod:Prey"],"picked":"Initiator","floor":6.0},{"not_picked":["Sabotage","Replace","Revamp","sagemod:Pour_Tar_Pitch"],"picked":"SKIP","floor":7.0},{"not_picked":["TimeWarp","Defy","BestPractice","sagemod:Pour_Tar_Pitch"],"picked":"SKIP","floor":8.0},{"not_picked":["BottledTime","Defy","sagemod:Potion_Trance"],"picked":"Shuttle","floor":10.0},{"not_picked":["Potential","ShatteredReality","sagemod:Fire_Brew"],"picked":"Luminosity","floor":11.0},{"not_picked":["WasteNot","Potential","Defy","sagemod:Potion_Trance"],"picked":"SKIP","floor":13.0},{"not_picked":["Sabotage","Moonlight+1","Alleviate"],"picked":"sagemod:Energetic_Brew","floor":18.0},{"not_picked":["Starlight","Collapse","Ricochet","sagemod:How_To_Warm_Elephants"],"picked":"SKIP","floor":19.0},{"not_picked":["DoubleEdge+1","Misdirection","sagemod:Crank"],"picked":"RealityMarble","floor":20.0},{"not_picked":["Potential+1","Misdirection","Spin","sagemod:How_To_Murder_Ants"],"picked":"SKIP","floor":22.0},{"not_picked":["PendulumOfEternity","Gouge","ShatteredReality"],"picked":"sagemod:Step_Back","floor":23.0},{"not_picked":["FanOfKnives","DoubleEdge","Desolation","sagemod:How_To_Befriend_A_Turtle"],"picked":"SKIP","floor":23.0},{"not_picked":["Defy","BottledTime","Advance","sagemod:How_To_Wake_Lyons"],"picked":"SKIP","floor":25.0},{"not_picked":["Barrier","InstantArmor","RealityMarble","sagemod:Cane_Strike"],"picked":"SKIP","floor":27.0},{"not_picked":["Potential","ShatteredReality","Alleviate","sagemod:Salty_Strike"],"picked":"SKIP","floor":27.0},{"not_picked":["FastForward","Gouge","Starlight+1","sagemod:Poem"],"picked":"SKIP","floor":28.0},{"not_picked":["Gouge","TimeWarp","InstantArmor","sagemod:About_Clark"],"picked":"SKIP","floor":28.0},{"not_picked":["Contraction","ShiftingGears","FastForward","sagemod:How_To_Befriend_A_Turtle"],"picked":"SKIP","floor":31.0},{"not_picked":["WasteNot","FastForward+1","Collapse","sagemod:Armor_Brew"],"picked":"SKIP","floor":35},{"not_picked":["Starlight+1","TimeWarp","Reset"],"picked":"sagemod:Slalom","floor":36},{"not_picked":["Replace","Defy","sagemod:Energetic_Brew"],"picked":"Rearm+1","floor":36},{"not_picked":["FanOfKnives","Rewind+1","Alleviate","sagemod:Spoiled_Food"],"picked":"SKIP","floor":38},{"not_picked":["Deny","Replace+1","Hightail","sagemod:Salty_Strike"],"picked":"SKIP","floor":38},{"not_picked":["Reset","Rearm","ShatteredReality","sagemod:How_To_Warm_Elephants"],"picked":"SKIP","floor":41},{"not_picked":["Alleviate","Read","FastForward","sagemod:Salty_Strike"],"picked":"SKIP","floor":42},{"not_picked":["Solidify","TimeWarp","PendulumOfEternity","sagemod:Taste_This_One"],"picked":"SKIP","floor":42},{"not_picked":["DualDimension","FastForward","Foresight","sagemod:Fire_Brew"],"picked":"SKIP","floor":45},{"not_picked":["DoubleEdge","InstantArmor","Spin","sagemod:How_To_Murder_Ants"],"picked":"SKIP","floor":46},{"not_picked":["ShatteredReality","Reset","Comet","sagemod:Escape"],"picked":"SKIP","floor":47},{"not_picked":["Alleviate","Contraction","Collapse","sagemod:Deadly_Contraption"],"picked":"SKIP","floor":47}],"player_experience":90540,"relics_obtained":[{"floor":5.0,"key":"jedi:command_uncommon"},{"floor":6.0,"key":"jedi:command_common"},{"floor":8.0,"key":"jedi:command_rare"},{"floor":9.0,"key":"jedi:command_common"},{"floor":10.0,"key":"jedi:command_common"},{"floor":18.0,"key":"jedi:command_common"},{"floor":23.0,"key":"jedi:command_rare"},{"floor":25.0,"key":"jedi:command_rare"},{"floor":26.0,"key":"jedi:command_uncommon"},{"floor":27.0,"key":"jedi:command_uncommon"},{"floor":35,"key":"jedi:command_common"},{"floor":42,"key":"jedi:command_common"},{"floor":43,"key":"jedi:command_rare"},{"floor":45,"key":"jedi:command_uncommon"},{"floor":47,"key":"jedi:command_common"}],"event_choices":[{"damage_healed":0,"gold_gain":0,"player_choice":"Ignored","damage_taken":0,"max_hp_gain":0,"max_hp_loss":0,"event_name":"OrinTheCat","floor":37,"gold_loss":0}],"is_beta":false,"boss_relics":[{"not_picked":["jedi:command_boss","jedi:command_boss"],"picked":"jedi:command_boss"},{"not_picked":["jedi:command_boss","jedi:command_boss"],"picked":"jedi:command_boss"}],"items_purged_floors":[21],"is_endless":false,"potions_floor_spawned":[6,7,10,20,23,25,31,41,46],"ascension_level":20}}