{"host":"zivz6e0vf73jivdq","time":1608816802,"event":{"mods":["ATMod(°¢èªMod)","Act Like it!","BaseMod","Friendly Minions","Gensokyo","HololiveMod","Koishi","Marisa£¨ìFÓê¡¡Ä§ÀíÉ³£©","Minty Spire (QoL Compilation)","MostiFishMod","Pale of the Ancients","Prisma Mod","Reimu£¨²©ÀöÁéÃÎ£©","Remilia£¨ÀÙÃ×ÀòÑÇ£©","Replay The Spire","RumiaBox-Â¶Ã×æ«µÄÉñÃØºÐ×Ó","StSLib","The Jungle","The Servant 0.9.4","Youmu£¨»êÆÇÑýÃÎ£©","¡¾¶«·½¶þ´Î´´×÷¡¿°ËÔÆ×Ïmod","¡¾ÒÅÎï¿¨ÅÆ¡¿REMEMod"],"gold_per_floor":[117,133,144,155,78,78,78,111,111,405,415,448,467,467,467,565,565,585,598,292,307,232,232,482,512,562,712,712,730,762,780,780,882,882,898,917,936,936,391,425,437,468,492,492,492,492,492,524,524,524,524,524,372,397,397],"floor_reached":56,"playtime":2885,"items_purged":["Strike_R","Bash","Defend_R"],"score":2307,"play_id":"895858f2-78a8-4edf-b11e-6aa6754a56b6","local_time":"20201224213322","is_ascension_mode":true,"campfire_choices":[{"data":"ReplayTheSpireMod:Strike From Hell","floor":6.0,"key":"SMITH"},{"data":"Strike_R","floor":15.0,"key":"PURGE"},{"data":"Pot Of Greed","floor":23.0,"key":"SMITH"},{"data":"Pot Of Greed","floor":28.0,"key":"SMITH"},{"data":"Pot Of Greed","floor":32.0,"key":"SMITH"},{"floor":44.0,"key":"RECALL"},{"data":"Defend_R","floor":46.0,"key":"PURGE"},{"data":"Adrenaline","floor":49,"key":"SMITH"},{"floor":52,"key":"DIG"}],"circlet_count":1,"master_deck":["Strike_R","Strike_R","Strike_R","Defend_R","Defend_R","ReplayTheSpireMod:Strike From Hell+1","Adrenaline+1","Shrug It Off","Feel No Pain","ReplayTheSpireMod:Limb From Limb","Pot Of Greed+1","Pot Of Greed+1","Feel No Pain","Demonic Infusion","Pot Of Greed+1","ReplayReversal","True Grit"],"relics":["Burning Blood","DaveBox","REME_ComplimentaryCards","AT_ATBox","Civilization","SynthV:TestCard","Grinning Jar","Unceasing Top","RedLine:ReiMu","Gensokyo:Companionship","MetatronsCube","Mango","Happy Flower","Replay:Bottled Steam","Mercury Hourglass","Circlet","FeatherPendant","Ice Cream","Replay:Rubber Ducky","GodSword6","PreservedInsect","Replay:Multitool","AT_ImmortalShieldbow","Snack Pack","Divine Protection"],"acts_visited":["Exordium","Gensokyo:Gensokyo","Gensokyo:Gensokyoer","TheEnding"],"potions_floor_usage":[55,55,55,55,55,55],"damage_taken":[{"damage":12.0,"enemies":"Gensokyo:2_Kodama","floor":1.0,"turns":3.0},{"damage":0.0,"enemies":"Gensokyo:Python","floor":2.0,"turns":2.0},{"damage":0.0,"enemies":"Gensokyo:Gryphon","floor":3.0,"turns":3.0},{"damage":3.0,"enemies":"Gensokyo:5_Fairies","floor":4.0,"turns":5.0},{"damage":5.0,"enemies":"Gensokyo:Cirno","floor":8.0,"turns":6.0},{"damage":0.0,"enemies":"Gensokyo:LivingMonolith","floor":10.0,"turns":2.0},{"damage":0.0,"enemies":"Gensokyo:3_Kodama","floor":11.0,"turns":2.0},{"damage":0.0,"enemies":"Gensokyo:Mamizou","floor":12.0,"turns":3.0},{"damage":0.0,"enemies":"Gensokyo:Kitsune","floor":13.0,"turns":1.0},{"damage":0.0,"enemies":"Gensokyo:Kokoro","floor":16.0,"turns":5.0},{"damage":0.0,"enemies":"Gensokyo:3_Dogs","floor":18.0,"turns":1.0},{"damage":0.0,"enemies":"Gensokyo:AngelMirror","floor":19.0,"turns":1.0},{"damage":24.0,"enemies":"Gensokyo:Swordslinger","floor":21.0,"turns":3.0},{"damage":0.0,"enemies":"Gensokyo:Koishi","floor":25.0,"turns":2.0},{"damage":0.0,"enemies":"Gensokyo:Chomper_and_Gloop","floor":29.0,"turns":1.0},{"damage":0.0,"enemies":"Gensokyo:Tenshi","floor":30.0,"turns":1.0},{"damage":0.0,"enemies":"Gensokyo:Wraith","floor":31.0,"turns":1.0},{"damage":0.0,"enemies":"Gensokyo:Kaguya","floor":33.0,"turns":1.0},{"damage":0.0,"enemies":"Gensokyo:3_Bats","floor":35.0,"turns":1.0},{"damage":0.0,"enemies":"Gensokyo:AncientGuardian","floor":36.0,"turns":1.0},{"damage":1.0,"enemies":"Gensokyo:Rafflesia","floor":37.0,"turns":1.0},{"damage":1.0,"enemies":"Gensokyo:Kasen","floor":40.0,"turns":4.0},{"damage":0.0,"enemies":"Gensokyo:AtlasGolem","floor":41.0,"turns":1.0},{"damage":0.0,"enemies":"Gensokyo:Doremy","floor":42.0,"turns":1.0},{"damage":0,"enemies":"Gensokyo:Marisa","floor":48,"turns":1},{"damage":1,"enemies":"Gensokyo:Shinki","floor":50,"turns":3},{"damage":0,"enemies":"Shield and Spear","floor":54,"turns":1},{"damage":0,"enemies":"The Heart","floor":55,"turns":3}],"seed_played":"-8796993204235844260","potions_obtained":[{"floor":2.0,"key":"REME_GoldPotion"},{"floor":3.0,"key":"Ancient Potion"},{"floor":10.0,"key":"Energy Potion"},{"floor":13.0,"key":"Milkshake"},{"floor":42.0,"key":"EntropicBrew"}],"is_trial":false,"path_per_floor":["M","M","M","M","COS","R","?","E","T","M","M","E","M","?","R","B",null,"M","M","COS","M","$","R","?","E","T","M","R","M","E","M","R","B",null,"M","M","M","?","$","E","M","E","T","R","?","R","?","E","R","B",null,"R","$","E","B",null],"character_chosen":"IRONCLAD","items_purchased":["Ice Cream","Replay:Rubber Ducky","True Grit"],"campfire_rested":0,"item_purchase_floors":[39,39,53],"current_hp_per_floor":[68,77,87,103,103,103,103,127,127,152,180,209,239,239,239,270,270,304,339,339,357,357,357,353,404,404,404,404,444,485,527,527,575,575,626,678,731,731,731,789,848,908,908,908,545,545,409,476,476,544,910,910,910,983,1063],"gold":397,"neow_bonus":"THREE_CARDS","is_daily":false,"chose_seed":false,"campfire_upgraded":5,"win_rate":0.0,"timestamp":1608816802,"path_taken":["M","M","M","M","COS","R","?","E","T","?","M","E","M","?","R","BOSS","M","M","COS","M","$","R","?","E","T","?","R","M","E","M","R","BOSS","M","?","M","?","?","E","M","E","T","R","?","R","?","E","R","BOSS","R","$","E","BOSS"],"items_purchased_type":["Relic","Relic","Card"],"build_version":"2020-12-22","purchased_purges":3,"victory":true,"max_hp_per_floor":[82,85,89,103,103,103,103,127,127,152,180,209,239,239,239,270,270,304,339,339,375,375,375,353,404,404,404,404,444,485,527,527,575,575,626,678,731,731,731,789,848,908,908,908,908,908,908,969,969,1032,1032,1032,1032,1097,1163],"card_choices":[{"not_picked":["Pummel","REME_FearOfPain"],"picked":"ReplayTheSpireMod:Strike From Hell","floor":0.0},{"not_picked":["Clothesline","Replay:Undeath\u0027s Touch"],"picked":"Shrug It Off","floor":1.0},{"not_picked":["Searing Blow","Twin Strike","Rupture","Impervious"],"picked":"Feel No Pain","floor":2.0},{"not_picked":["AT_DiedThrough","Body Slam","Cleave","Iron Wave","Heavy Blade"],"picked":"SKIP","floor":3.0},{"not_picked":["Armaments","AT_CaressingTears","Replay:Undeath\u0027s Touch","Iron Wave"],"picked":"ReplayTheSpireMod:Limb From Limb","floor":4.0},{"not_picked":["Blood for Blood","Body Slam","Shrug It Off","Heavy Blade","Impervious"],"picked":"SKIP","floor":8.0},{"not_picked":["Pommel Strike","Clash","REME_SingleHolding","Sword Boomerang","Abandon"],"picked":"SKIP","floor":10.0},{"not_picked":["Body Slam","Pummel","Thunderclap","Headbutt","Perfected Strike"],"picked":"SKIP","floor":11.0},{"not_picked":["Infernal Blade","Entrench","Headbutt","Life Link"],"picked":"Feel No Pain","floor":12.0},{"not_picked":["Wild Strike","Whirlwind","Heavy Blade","Cleave","Sword Boomerang"],"picked":"SKIP","floor":13.0},{"not_picked":["Double Tap","MostiFishMod:FlyOverUtopia","MostiFishMod:FireWorks","Brutality"],"picked":"Demonic Infusion","floor":16.0},{"not_picked":["AT_ManFootWork","REME_Scribble","MostiFishMod:BrandingRite","Wild Strike+1","Disarm+1"],"picked":"SKIP","floor":18.0},{"not_picked":["REME_Scribble+1","Ghostly Armor","Shrug It Off","Sword Boomerang","Clash+1"],"picked":"SKIP","floor":19.0},{"not_picked":["Clash","Hemokinesis","Sword Boomerang","Intimidate","Replay:Undeath\u0027s Touch"],"picked":"SKIP","floor":21.0},{"not_picked":["Rupture+1","ReplayTheSpireMod:LeadingStrike+1","Perfected Strike","ReplayTheSpireMod:Stacked+1","Disarm+1"],"picked":"SKIP","floor":25.0},{"not_picked":["AT_BodySlamDance+1","Clash+1","Pommel Strike","Sword Boomerang+1","Body Slam"],"picked":"SKIP","floor":29.0},{"not_picked":["Armaments","Dual Wield","Thunderclap","Replay:Undeath\u0027s Touch","AT_IchimonjiDouble"],"picked":"SKIP","floor":30.0},{"not_picked":["MostiFishMod:BrandingRite","REME_Cut+1","Defy Death","Twin Strike","ReplayTheSpireMod:Muscle Training+1"],"picked":"SKIP","floor":31.0},{"not_picked":["Carnage+1","Body Slam+1","Hemokinesis+1","Thunderclap"],"picked":"ReplayReversal","floor":35.0},{"not_picked":["Reckless Charge+1","Shrug It Off+1","Whirlwind","Metallicize+1","AT_DrawKnifeCut+1"],"picked":"SKIP","floor":36.0},{"not_picked":["ReplayTheSpireMod:LeadingStrike+1","Searing Blow+1","Perfected Strike","ReplayTheSpireMod:Strike From Hell+1","Feel No Pain"],"picked":"SKIP","floor":37.0},{"not_picked":["Immolate","Spot Weakness","Iron Wave","MostiFishMod:BrandingRite+1","Fire Breathing"],"picked":"SKIP","floor":40.0},{"not_picked":["Clash","Pummel+1","Havoc","ReplayTheSpireMod:LeadingStrike","Sword Boomerang+1"],"picked":"SKIP","floor":41.0},{"not_picked":["Iron Wave+1","AT_IchimonjiDouble","Power Through+1","AT_DrawKnifeCut","ReplayReversal"],"picked":"SKIP","floor":42.0},{"not_picked":["Clash+1","Havoc","Cleave+1","Uppercut","Heavy Blade"],"picked":"SKIP","floor":48},{"not_picked":["Reckless Charge+1","Whirlwind","ReplayTheSpireMod:Muscle Training","REME_FearOfPain","AT_IchimonjiDouble"],"picked":"SKIP","floor":54}],"player_experience":736154,"relics_obtained":[{"floor":1.0,"key":"SynthV:TestCard"},{"floor":8.0,"key":"Grinning Jar"},{"floor":12.0,"key":"Unceasing Top"},{"floor":25.0,"key":"Mango"},{"floor":26.0,"key":"Happy Flower"},{"floor":30.0,"key":"Mercury Hourglass"},{"floor":40.0,"key":"GodSword6"},{"floor":43.0,"key":"PreservedInsect"},{"floor":48,"key":"AT_ImmortalShieldbow"},{"floor":52,"key":"Snack Pack"},{"floor":54,"key":"Divine Protection"}],"event_choices":[],"is_beta":false,"boss_relics":[{"not_picked":["REME_DuelDisc","Velvet Choker"],"picked":"RedLine:ReiMu"},{"not_picked":["Pandora\u0027s Box","Replay:Fungal Core"],"picked":"FeatherPendant"}],"items_purged_floors":[22,39,53],"is_endless":false,"potions_floor_spawned":[2,3,10,13,18,25,35,40,41,42],"ascension_level":9}}