{"host":"3rixevx6n8b56xaj","time":1608829895,"event":{"mods":["2.2 Compatiblity","AchievementEnabler","Arknights The Spire","BaseMod","Colored Map","DeckTracker","Friendly Minions","Minty Spire (QoL Compilation)","StSLib","SuperFastMode"],"gold_per_floor":[119,119,119,131,149,149,74,89,89,89,89,114,14,33,33,130,130,150,123,107,107,127,127,127,153,153,153,165,40,51,69,69,174,174,190,206,251,251,231,231,261,271,271,297,317,10,30,52,52,52,52,52,3,46,46,46],"floor_reached":55,"playtime":3297,"items_purged":["ats:Strike G","ats:Strike C","ats:Durian","ats:Roar Of Ursus"],"score":696,"play_id":"83a62125-76d3-461d-8924-f39e1edcbe52","local_time":"20201225021135","is_ascension_mode":false,"campfire_choices":[{"data":"ats:Armor Crushing Shot","floor":6.0,"key":"SMITH"},{"data":"ats:Neurotoxin","floor":10.0,"key":"SMITH"},{"data":"ats:Echo Reverb","floor":15.0,"key":"SMITH"},{"data":"ats:Roar Of Ursus","floor":23.0,"key":"SMITH"},{"data":"ats:Assault Order","floor":32.0,"key":"SMITH"},{"floor":40.0,"key":"REST"},{"floor":49.0,"key":"RECALL"},{"data":"ats:Shell Defense","floor":52.0,"key":"SMITH"}],"circlet_count":0,"master_deck":["ats:Strike S","ats:Armor Crushing Shot+1","ats:Defend","ats:Defend","ats:Emotion Absorption","ats:Defend Order","ats:Neurotoxin+1","ats:Shell Defense+1","ats:Chain Hook","ats:Echo Reverb+1","ats:Magnetic Hammer","ats:Assault Order+1","ats:Volcano","ats:Shell Defense","ats:Hammer On+1","ats:Roar Of Ursus+1","ats:Blood Oath+1","ats:Flexible Camouflage","ats:Rapid Magazine","ats:Thorns+1","ats:Curse Doll","ats:Apocalypse","ats:Explosion Area Strengthen+1","ats:Charging Defense","ats:Revitalization+1","ats:Charging Defense","ats:Powerful Strike+1","ats:Beaten Up+1","ats:Steam Pump+1"],"relics":["ats:Sanity","TungstenRod","ats:Originium","Letter Opener","SacredBark","ats:Originium","Blood Vial","Mummified Hand","ats:Omniscience","Ice Cream","ats:Originium","CeramicFish","Sundial","Potion Belt","ats:Originium","Anchor"],"acts_visited":["Exordium","TheCity","TheBeyond","TheEnding"],"potions_floor_usage":[54,54,55,55,55],"damage_taken":[{"damage":1.0,"enemies":"2 Louse","floor":1.0,"turns":3.0},{"damage":0.0,"enemies":"Cultist","floor":4.0,"turns":5.0},{"damage":11.0,"enemies":"Small Slimes","floor":5.0,"turns":5.0},{"damage":26.0,"enemies":"Exordium Thugs","floor":8.0,"turns":9.0},{"damage":9.0,"enemies":"Lagavulin","floor":12.0,"turns":7.0},{"damage":2.0,"enemies":"Lots of Slimes","floor":14.0,"turns":4.0},{"damage":21.0,"enemies":"The Guardian","floor":16.0,"turns":15.0},{"damage":7.0,"enemies":"Chosen","floor":18.0,"turns":8.0},{"damage":12.0,"enemies":"2 Thieves","floor":20.0,"turns":4.0},{"damage":28.0,"enemies":"Chosen and Byrds","floor":22.0,"turns":7.0},{"damage":34.0,"enemies":"Book of Stabbing","floor":25.0,"turns":7.0},{"damage":7.0,"enemies":"Snecko","floor":28.0,"turns":6.0},{"damage":14.0,"enemies":"Snake Plant","floor":30.0,"turns":4.0},{"damage":8.0,"enemies":"Sentry and Sphere","floor":31.0,"turns":5.0},{"damage":36.0,"enemies":"Automaton","floor":33.0,"turns":11.0},{"damage":7.0,"enemies":"3 Darklings","floor":35.0,"turns":5.0},{"damage":16.0,"enemies":"Orb Walker","floor":36.0,"turns":5.0},{"damage":76.0,"enemies":"2 Orb Walkers","floor":37.0,"turns":7.0},{"damage":14.0,"enemies":"Reptomancer","floor":41.0,"turns":10.0},{"damage":23.0,"enemies":"Spire Growth","floor":42.0,"turns":6.0},{"damage":12.0,"enemies":"Jaw Worm Horde","floor":44.0,"turns":5.0},{"damage":9.0,"enemies":"Sphere and 2 Shapes","floor":45.0,"turns":6.0},{"damage":0.0,"enemies":"3 Darklings","floor":47.0,"turns":6.0},{"damage":2.0,"enemies":"Writhing Mass","floor":48.0,"turns":6.0},{"damage":2.0,"enemies":"Donu and Deca","floor":50.0,"turns":17.0},{"damage":74,"enemies":"Shield and Spear","floor":54,"turns":10},{"damage":53,"enemies":"The Heart","floor":55,"turns":6}],"seed_played":"-7070412994020480937","potions_obtained":[{"floor":1.0,"key":"BlessingOfTheForge"},{"floor":12.0,"key":"SteroidPotion"},{"floor":14.0,"key":"PowerPotion"},{"floor":22.0,"key":"CultistPotion"},{"floor":37.0,"key":"EntropicBrew"},{"floor":39.0,"key":"PowerPotion"},{"floor":42.0,"key":"EssenceOfSteel"},{"floor":44.0,"key":"SteroidPotion"},{"floor":48.0,"key":"CultistPotion"},{"floor":54,"key":"Swift Potion"}],"is_trial":false,"path_per_floor":["M","?","?","M","M","R","$","M","T","R","?","E","$","M","R","B",null,"M","$","M","?","M","R","?","E","T","?","M","$","M","M","R","B",null,"M","M","?","?","?","R","E","M","T","M","M","$","M","M","R","B",null,"R","$","E","B"],"character_chosen":"DOCTOR_CLASS","items_purchased":["ats:Hammer On","Potion Belt","Strength Potion"],"campfire_rested":1,"item_purchase_floors":[19,46,53],"current_hp_per_floor":[78,78,78,78,67,67,67,49,49,49,49,46,46,46,46,60,79,75,75,70,70,45,45,45,31,31,31,44,44,44,50,50,67,79,72,67,3,3,3,26,74,58,58,63,79,79,79,78,78,79,79,79,79,33,0,0],"gold":46,"neow_bonus":"TEN_PERCENT_HP_BONUS","is_daily":false,"chose_seed":false,"campfire_upgraded":6,"win_rate":0.0,"timestamp":1608829895,"path_taken":["M","?","?","M","?","R","$","M","T","R","?","E","?","M","R","BOSS","M","$","?","?","M","R","?","E","T","?","M","$","M","M","R","BOSS","M","M","?","?","?","R","E","M","T","M","M","$","M","M","R","BOSS","R","$","E","BOSS"],"items_purchased_type":["Card","Relic","Potion"],"build_version":"2020-12-22","purchased_purges":4,"victory":false,"max_hp_per_floor":[79,79,79,79,79,79,79,79,79,79,79,79,79,79,79,79,79,79,79,79,79,79,79,79,79,79,79,79,79,79,79,79,79,79,79,79,79,79,79,79,79,79,79,79,79,79,79,79,79,79,79,79,79,79,79,79],"card_choices":[{"not_picked":["ats:Revitalization","ats:Explosion Area Strengthen"],"picked":"ats:Defend Order","floor":1.0},{"not_picked":["ats:Directed Diagnosis","ats:Revitalization","ats:Curse Doll"],"picked":"SKIP","floor":4.0},{"not_picked":["ats:Sunburst","ats:Revitalization"],"picked":"ats:Shell Defense","floor":5.0},{"not_picked":["ats:Shadow Raid","ats:Consecutive Shot Auto"],"picked":"ats:Chain Hook","floor":8.0},{"not_picked":["ats:Flexible Camouflage","ats:Mental Burst"],"picked":"ats:Magnetic Hammer","floor":12.0},{"not_picked":["ats:Flame Of Heaven","ats:True Silver Slash"],"picked":"ats:Assault Order","floor":14.0},{"not_picked":["ats:Disruption Kick","ats:Nebulous Foxfire"],"picked":"ats:Volcano","floor":16.0},{"not_picked":["ats:Steam Pump","ats:Directed Diagnosis"],"picked":"ats:Shell Defense","floor":18.0},{"not_picked":["ats:Magnetic Hammer","ats:Apocalypse"],"picked":"ats:Hammer On+1","floor":20.0},{"not_picked":["ats:Consecutive Shot Auto","ats:Composite Medical Shells+1"],"picked":"ats:Blood Oath+1","floor":22.0},{"not_picked":["ats:Hammer On+1","ats:Leaping Hammer"],"picked":"ats:Rapid Magazine","floor":25.0},{"not_picked":["ats:Mental Burst","ats:Childhood Dance"],"picked":"ats:Thorns+1","floor":28.0},{"not_picked":["ats:Cat Scratch","ats:Dogmatic Field"],"picked":"ats:Curse Doll","floor":30.0},{"not_picked":["ats:Beaten Up","ats:Blood Oath+1"],"picked":"ats:Apocalypse","floor":31.0},{"not_picked":["ats:Durian","ats:Ambush"],"picked":"ats:Roar Of Ursus","floor":33.0},{"not_picked":["ats:Soul Absorption+1","ats:Counter Healing Mode+1"],"picked":"ats:Explosion Area Strengthen+1","floor":35.0},{"not_picked":["ats:Consecutive Shot Auto+1","ats:Flexible Camouflage+1"],"picked":"ats:Charging Defense","floor":36.0},{"not_picked":["ats:Flame Of Heaven+1","ats:Assault Order+1"],"picked":"ats:Revitalization+1","floor":37.0},{"not_picked":["ats:Leaping Hammer","ats:Disruption Kick","ats:Cat Scratch"],"picked":"SKIP","floor":41.0},{"not_picked":["ats:Shadow Raid","ats:Curse Doll+1","ats:Counter Healing Mode"],"picked":"SKIP","floor":42.0},{"not_picked":["ats:Closed Bolt Burst Fire","ats:Childhood Dance"],"picked":"ats:Charging Defense","floor":44.0},{"not_picked":["ats:Shell Defense","ats:Curse Doll+1"],"picked":"ats:Powerful Strike+1","floor":45.0},{"not_picked":["ats:Explosion Area Strengthen+1","ats:Hammer On","ats:Hook Shot"],"picked":"SKIP","floor":47.0},{"not_picked":["ats:Explosion Area Strengthen","ats:Ignite+1"],"picked":"ats:Beaten Up+1","floor":48.0},{"not_picked":["ats:Nebulous Foxfire","ats:Powerful Strike"],"picked":"ats:Steam Pump+1","floor":54}],"player_experience":549998,"relics_obtained":[{"floor":3.0,"key":"TungstenRod"},{"floor":12.0,"key":"ats:Originium"},{"floor":12.0,"key":"Letter Opener"},{"floor":25.0,"key":"ats:Originium"},{"floor":25.0,"key":"Blood Vial"},{"floor":26.0,"key":"Mummified Hand"},{"floor":37.0,"key":"Ice Cream"},{"floor":41.0,"key":"ats:Originium"},{"floor":41.0,"key":"CeramicFish"},{"floor":43.0,"key":"Sundial"},{"floor":54,"key":"ats:Originium"},{"floor":54,"key":"Anchor"}],"event_choices":[{"damage_healed":0.0,"max_hp_gain":0.0,"max_hp_loss":0.0,"gold_gain":0.0,"cards_transformed":["ats:Strike V"],"event_name":"Living Wall","player_choice":"Change","floor":2.0,"gold_loss":0.0,"damage_taken":0.0,"cards_obtained":["ats:Neurotoxin"]},{"damage_healed":0.0,"max_hp_gain":0.0,"max_hp_loss":0.0,"gold_gain":0.0,"event_name":"Wheel of Change","player_choice":"Relic","floor":3.0,"gold_loss":0.0,"damage_taken":0.0},{"damage_healed":0.0,"max_hp_gain":0.0,"max_hp_loss":0.0,"gold_gain":0.0,"cards_transformed":["ats:Defend"],"event_name":"Transmorgrifier","player_choice":"Transformed","floor":11.0,"gold_loss":0.0,"damage_taken":0.0,"cards_obtained":["ats:Echo Reverb"]},{"damage_healed":0.0,"max_hp_gain":0.0,"max_hp_loss":0.0,"gold_gain":0.0,"event_name":"The Library","player_choice":"Read","floor":21.0,"gold_loss":0.0,"damage_taken":0.0,"cards_obtained":["ats:Roar Of Ursus"]},{"damage_healed":0.0,"max_hp_gain":0.0,"max_hp_loss":0.0,"gold_gain":0.0,"cards_transformed":["ats:Hammer On","ats:Defend"],"event_name":"Drug Dealer","player_choice":"Became Test Subject","floor":24.0,"gold_loss":0.0,"damage_taken":0.0,"cards_obtained":["ats:Flexible Camouflage","ats:Durian"]},{"damage_healed":0.0,"max_hp_gain":0.0,"max_hp_loss":0.0,"gold_gain":0.0,"event_name":"Vampires","player_choice":"Ignored","floor":27.0,"gold_loss":0.0,"damage_taken":0.0},{"damage_healed":0.0,"max_hp_gain":0.0,"max_hp_loss":0.0,"gold_gain":0.0,"event_name":"Mysterious Sphere","player_choice":"Fight","floor":37.0,"gold_loss":0.0,"damage_taken":0.0},{"damage_healed":0.0,"max_hp_gain":0.0,"max_hp_loss":0.0,"gold_gain":0.0,"event_name":"Tomb of Lord Red Mask","player_choice":"Ignored","floor":38.0,"gold_loss":0.0,"damage_taken":0.0},{"damage_healed":0.0,"max_hp_gain":0.0,"max_hp_loss":0.0,"gold_gain":0.0,"event_name":"The Woman in Blue","player_choice":"Bought 1 Potion","floor":39.0,"gold_loss":0.0,"damage_taken":0.0}],"is_beta":false,"boss_relics":[{"not_picked":["Runic Dome","Ectoplasm"],"picked":"SacredBark"},{"not_picked":["Pandora\u0027s Box","Cursed Key"],"picked":"ats:Omniscience"}],"items_purged_floors":[7,13,29,46],"is_endless":false,"potions_floor_spawned":[1,12,14,20,22,37,42,44,48,54],"killed_by":"The Heart","ascension_level":0}}