{"host":"ty2cix8xj6r3ad26","time":1608842118,"event":{"mods":["AchievementEnabler","BaseMod","BetterRewards","Minty Spire (QoL Compilation)","StSLib","SuperFastMode"],"gold_per_floor":[110,124,299,299,316,316,56,56,56,83,4,4,4,4,4,124,124,149,74,74,94,58,58,58,58],"floor_reached":24,"playtime":1077,"items_purged":["Strike_B"],"score":377,"play_id":"ce034653-10e7-4332-a621-5100c2fc866b","local_time":"20201224223518","is_ascension_mode":true,"campfire_choices":[{"data":"Zap","floor":6,"key":"SMITH"},{"data":"Conserve Battery","floor":8,"key":"SMITH"},{"data":"Self Repair","floor":15,"key":"SMITH"},{"data":"RitualDagger","floor":23,"key":"SMITH"}],"circlet_count":0,"master_deck":["Strike_B","Strike_B","Strike_B","Defend_B","Defend_B","Defend_B","Zap+1","Dualcast","Conserve Battery+1","Reinforced Body","Doom and Gloom","Deep Breath","Leap","Scrape","Double Energy","Self Repair+1","All For One","RitualDagger+1","Gash","FTL"],"relics":["Cracked Core","Omamori","HornCleat","Turnip","Matryoshka","White Beast Statue","Potion Belt","Darkstone Periapt","Golden Idol","Cursed Key"],"acts_visited":["Exordium","TheCity"],"potions_floor_usage":[2,10,16,21,24,24],"damage_taken":[{"damage":7,"enemies":"Jaw Worm","floor":1,"turns":3},{"damage":0,"enemies":"Small Slimes","floor":2,"turns":1},{"damage":0,"enemies":"Cultist","floor":5,"turns":4},{"damage":25,"enemies":"Gremlin Nob","floor":10,"turns":4},{"damage":20,"enemies":"The Guardian","floor":16,"turns":12},{"damage":4,"enemies":"Shell Parasite","floor":18,"turns":5},{"damage":10,"enemies":"Spheric Guardian","floor":21,"turns":4},{"damage":74,"enemies":"Gremlin Leader","floor":24,"turns":7}],"seed_played":"-2950054712260143504","potions_obtained":[{"floor":1,"key":"Explosive Potion"},{"floor":10,"key":"Weak Potion"},{"floor":16,"key":"FearPotion"},{"floor":18,"key":"Dexterity Potion"},{"floor":21,"key":"SkillPotion"}],"is_trial":false,"path_per_floor":["M","M","?","?","M","R","$","R","T","E","$","?","$","?","R","B",null,"M","?","?","M","$","R","E"],"character_chosen":"DEFECT","items_purchased":["Omamori","HornCleat","Conserve Battery","Explosive Potion","Matryoshka","Self Repair","FTL"],"campfire_rested":0,"item_purchase_floors":[0,0,0,0,7,11,22],"current_hp_per_floor":[30,30,30,30,30,30,30,30,30,5,5,5,5,30,30,20,61,67,67,61,61,61,61,0,0],"gold":58,"neow_bonus":"","is_daily":false,"chose_seed":false,"campfire_upgraded":4,"win_rate":0.0,"timestamp":1608842118,"path_taken":["M","M","?","?","?","R","?","R","T","E","$","?","$","?","R","BOSS","M","?","?","?","?","R","E"],"items_purchased_type":["Relic","Relic","Card","Potion","Relic","Card","Card"],"build_version":"2020-12-22","purchased_purges":1,"victory":false,"max_hp_per_floor":[75,75,75,75,75,75,75,75,75,75,75,75,75,75,75,75,75,75,75,75,75,75,75,75,75],"card_choices":[{"not_picked":["Hologram","Leap"],"picked":"Reinforced Body","floor":1},{"not_picked":["Compile Driver","Steam Power"],"picked":"Doom and Gloom","floor":2},{"not_picked":["Redo","Fusion"],"picked":"Double Energy","floor":5},{"not_picked":["Doom and Gloom","Undo","Beam Cell"],"picked":"SKIP","floor":10},{"not_picked":["Hyperbeam","Biased Cognition"],"picked":"All For One","floor":16},{"not_picked":["Conserve Battery","Rebound","Scrape"],"picked":"SKIP","floor":18},{"not_picked":["Ball Lightning","Chaos"],"picked":"Gash","floor":21}],"player_experience":386027,"relics_obtained":[{"floor":9,"key":"White Beast Statue"},{"floor":9,"key":"Potion Belt"},{"floor":10,"key":"Darkstone Periapt"}],"event_choices":[{"damage_healed":0,"gold_gain":175,"player_choice":"AGREE","damage_taken":0,"max_hp_gain":0,"max_hp_loss":0,"event_name":"Liars Game","floor":3,"gold_loss":0,"cards_obtained":["Doubt"]},{"damage_healed":0,"gold_gain":0,"player_choice":"3 cards matched","damage_taken":0,"max_hp_gain":0,"max_hp_loss":0,"event_name":"Match and Keep!","floor":4,"gold_loss":0,"cards_obtained":["Deep Breath","Leap","Scrape"]},{"damage_healed":0,"gold_gain":0,"player_choice":"Take Wound","damage_taken":0,"relics_obtained":["Golden Idol"],"max_hp_gain":0,"max_hp_loss":0,"event_name":"Golden Idol","floor":12,"gold_loss":0,"cards_obtained":["Injury"]},{"damage_healed":25,"gold_gain":0,"player_choice":"Banana","damage_taken":0,"max_hp_gain":0,"max_hp_loss":0,"event_name":"Big Fish","floor":14,"gold_loss":0},{"cards_removed":["Defend_B"],"damage_healed":0,"gold_gain":0,"player_choice":"Gave Gold","damage_taken":0,"max_hp_gain":0,"max_hp_loss":0,"event_name":"Beggar","floor":19,"gold_loss":75},{"damage_healed":0,"gold_gain":0,"player_choice":"Joined the Cult","damage_taken":6,"max_hp_gain":0,"max_hp_loss":0,"event_name":"Nest","floor":20,"gold_loss":0,"cards_obtained":["RitualDagger"]}],"is_beta":false,"boss_relics":[{"not_picked":["Inserter","Snecko Eye"],"picked":"Cursed Key"}],"items_purged_floors":[0],"is_endless":false,"potions_floor_spawned":[1,10,16,18,21],"killed_by":"Gremlin Leader","ascension_level":6}}