{"host":"ci7ivtocgfxh0ueo","time":1608812335,"event":{"mods":["BaseMod","GifTheSpireLib","Minty Spire (QoL Compilation)","StSLib"],"gold_per_floor":[109,109,120,44,44,44,44,44,91,103,48,48,48,61,61,140,140,154,154,154,154,173,173,184,234,234,234,234],"floor_reached":27,"playtime":509,"items_purged":[],"score":368,"play_id":"63773e68-740b-4155-95d5-dcaf7bcc6f6e","local_time":"20201224201855","is_ascension_mode":true,"campfire_choices":[{"data":"Neutralize","floor":6,"key":"SMITH"},{"data":"Slice","floor":8,"key":"SMITH"},{"data":"Crippling Poison","floor":12,"key":"SMITH"},{"data":"Terror","floor":15,"key":"SMITH"},{"data":"Corpse Explosion","floor":23,"key":"SMITH"}],"circlet_count":0,"master_deck":["AscendersBane","Strike_G+1","Defend_G+1","Defend_G","Defend_G","Defend_G","Defend_G","Survivor","Neutralize+1","CurseOfTheBell","Slice+1","Endless Agony","Caltrops","Crippling Poison+1","Terror+1","Corpse Explosion+1","Riddle With Holes","Catalyst","Finisher","Slice","Dagger Throw"],"relics":["Calling Bell","Ancient Tea Set","Eternal Feather","Unceasing Top","Anchor","Empty Cage","Molten Egg 2"],"acts_visited":["Exordium","TheCity"],"potions_floor_usage":[10,16,16,22,27],"damage_taken":[{"damage":6,"enemies":"Cultist","floor":1,"turns":4},{"damage":0,"enemies":"2 Louse","floor":3,"turns":4},{"damage":0,"enemies":"Jaw Worm","floor":10,"turns":3},{"damage":0,"enemies":"2 Fungi Beasts","floor":14,"turns":3},{"damage":34,"enemies":"Slime Boss","floor":16,"turns":7},{"damage":20,"enemies":"Chosen","floor":18,"turns":6},{"damage":24,"enemies":"Shell Parasite","floor":22,"turns":4},{"damage":18,"enemies":"Snake Plant","floor":24,"turns":3},{"damage":37,"enemies":"Snecko","floor":27,"turns":4}],"seed_played":"9185967097597758608","potions_obtained":[{"floor":1,"key":"Block Potion"},{"floor":3,"key":"Swift Potion"},{"floor":16,"key":"Energy Potion"},{"floor":24,"key":"GamblersBrew"}],"is_trial":false,"path_per_floor":["M","?","M","$","?","R","?","R","T","M","$","R","$","M","R","B",null,"M","?","?","?","M","R","M","?","T","M"],"character_chosen":"THE_SILENT","items_purchased":["Caltrops","AttackPotion"],"campfire_rested":0,"item_purchase_floors":[4,11],"current_hp_per_floor":[53,58,58,58,58,67,46,55,55,55,55,64,64,64,71,37,63,43,57,57,57,33,45,27,27,27,0,0],"gold":234,"neow_bonus":"BOSS_RELIC","is_daily":false,"chose_seed":false,"campfire_upgraded":5,"win_rate":0.0,"timestamp":1608812335,"path_taken":["M","?","M","$","?","R","?","R","T","M","?","R","$","M","R","BOSS","M","?","?","?","M","R","M","?","T","M"],"items_purchased_type":["Card","Potion"],"build_version":"2020-12-22","purchased_purges":0,"victory":false,"max_hp_per_floor":[66,71,71,71,71,71,71,71,71,71,71,71,71,71,71,71,71,71,71,71,71,71,71,71,71,71,71,71],"card_choices":[{"not_picked":["Prepared","Cloak And Dagger"],"picked":"Slice","floor":1},{"not_picked":["Acrobatics","Sucker Punch"],"picked":"Endless Agony","floor":3},{"not_picked":["Malaise","Noxious Fumes"],"picked":"Crippling Poison","floor":10},{"not_picked":["Masterful Stab","Underhanded Strike"],"picked":"Terror","floor":14},{"not_picked":["Burst","Glass Knife"],"picked":"Corpse Explosion","floor":16},{"not_picked":["Underhanded Strike","Deflect"],"picked":"Riddle With Holes","floor":18},{"not_picked":["Choke","Poisoned Stab"],"picked":"Slice","floor":22},{"not_picked":["Skewer","Flying Knee+1"],"picked":"Dagger Throw","floor":24}],"player_experience":1289050,"relics_obtained":[{"floor":0,"key":"Ancient Tea Set"},{"floor":0,"key":"Eternal Feather"},{"floor":0,"key":"Unceasing Top"},{"floor":9,"key":"Anchor"},{"floor":26,"key":"Molten Egg 2"}],"event_choices":[{"damage_healed":0,"gold_gain":0,"player_choice":"Donut","damage_taken":0,"max_hp_gain":5,"max_hp_loss":0,"event_name":"Big Fish","floor":2,"gold_loss":0},{"damage_healed":0,"gold_gain":0,"player_choice":"Ignored","damage_taken":0,"max_hp_gain":0,"max_hp_loss":0,"event_name":"Golden Idol","floor":5,"gold_loss":0},{"damage_healed":0,"gold_gain":0,"player_choice":"Entered Light","damage_taken":21,"max_hp_gain":0,"max_hp_loss":0,"event_name":"Shining Light","floor":7,"gold_loss":0,"cards_upgraded":["Strike_G","Defend_G"]},{"damage_healed":14,"gold_gain":0,"player_choice":"Heal","damage_taken":0,"max_hp_gain":0,"max_hp_loss":0,"event_name":"The Library","floor":19,"gold_loss":0},{"damage_healed":0,"gold_gain":0,"cards_transformed":["Strike_G","Strike_G"],"player_choice":"Became Test Subject","damage_taken":0,"max_hp_gain":0,"max_hp_loss":0,"event_name":"Drug Dealer","floor":20,"gold_loss":0,"cards_obtained":["Catalyst","Finisher"]},{"damage_healed":0,"gold_gain":0,"player_choice":"Ignored","damage_taken":0,"max_hp_gain":0,"max_hp_loss":0,"event_name":"Vampires","floor":21,"gold_loss":0},{"damage_healed":0,"gold_gain":50,"player_choice":"Stole From Cult","damage_taken":0,"max_hp_gain":0,"max_hp_loss":0,"event_name":"Nest","floor":25,"gold_loss":0}],"is_beta":false,"boss_relics":[{"not_picked":["Snecko Eye","Philosopher\u0027s Stone"],"picked":"Empty Cage"}],"items_purged_floors":[],"is_endless":false,"potions_floor_spawned":[1,3,14,16,24],"killed_by":"Snecko","ascension_level":17}}