{"host":"bnl7o5cb2omwu7ka","time":1608769700,"event":{"mods":["AchievementEnabler","Alarm Clock","BaseMod","BetterRewards","Block Reminder","Colored Map","Colored Powertips","Conspire","Defective Defect","Downfall","Energized Spire","Exacting","Googly Eyes","Highlight Path","Hyrulean Relics","Infinite Spire","Ironclad Rager","Jedi Mod","Jess\u0027s Bottle","Mimic Mod","Minty Spire (QoL Compilation)","Permanent Neow","Quick Restart","Rare Cards Sparkle","Relic Stats","Replay The Spire","Spicy Shops","Spikes Relics","Spire Birthday Party","StSLib","The IronCluck","Wandering Minibosses","egg","everything is the same but u backflip on backflip","slay the spire mod where everything is the same but ironclad has a cowboy hat"],"gold_per_floor":[199,216,228,242,146,181,181,198,198,209,209,209,45,72,82,180,180,180,191,191,191,15,15,41,74,74,1,48,77,77,77,102,201,201,201,214,214,230,3,52,52,81,143,143,168,193,193,207,237,239,239,239],"floor_reached":50,"playtime":6480,"items_purged":["Slimebound:Strike_Slimebound","Doubt"],"score":624,"play_id":"87490e9a-3d37-4045-9289-d5d015cb808e","local_time":"20201223192820","is_ascension_mode":true,"campfire_choices":[{"floor":1,"key":"RECALL"},{"data":"Slimebound:AcidTongue","floor":11,"key":"SMITH"},{"data":"Slimebound:LeadByExample","floor":18,"key":"SMITH"},{"data":"Slimebound:Split","floor":23,"key":"SMITH"},{"data":"Slimebound:Chomp","floor":26,"key":"SMITH"},{"data":"Slimebound:CorrosiveSpit","floor":30,"key":"SMITH"},{"data":"Slimebound:SlimeSlap","floor":35,"key":"SMITH"},{"data":"Slimebound:Gluttony","floor":47,"key":"SMITH"}],"circlet_count":0,"master_deck":["Slimebound:Strike_Slimebound","Slimebound:Strike_Slimebound","Slimebound:Tackle","Slimebound:Defend_Slimebound","Slimebound:Defend_Slimebound","Slimebound:Defend_Slimebound","Slimebound:Defend_Slimebound","Slimebound:Split+1","Slimebound:CorrosiveSpit+1","Slimebound:SplitLeeching","Slimebound:SplitMire","Slimebound:SamplingLick","Slimebound:SpikyOuterGoop","Slimebound:Chomp+1","Slimebound:ViciousTackle","Slimebound:SamplingLick","Slimebound:MegaLick","Slimebound:AcidTongue+1","Slimebound:LeechingTouch","Slimebound:Schlurp","Slimebound:SplitBruiser","Slimebound:DisruptingSlam","Slimebound:LeadByExample+1","Slimebound:SplitBruiser","Slimebound:OozeBath","Slimebound:TongueLash","infinitespire:Punishment","Slimebound:GrowthPunch","Slimebound:SlimeSpikes","Slimebound:LivingWall","Slimebound:LeechingTouch+1","Slimebound:Gluttony+1","Slimebound:SlimeSlap+1","Slimebound:GrowthPunch","Slimebound:RainOfGoop+1","Slimebound:SlimeBarrage","Slimebound:GrowthPunch+1","Slimebound:SlimeSpikes","Slimebound:Nibble","Slimebound:SamplingLick"],"relics":["Slimebound:AbsorbEndCombat","ReplayFunnel","InkBottle","Matryoshka","Black Star","Art of War","Sozu","Replay:Rubber Ducky","SnailShell","Smiling Mask","MiniBlackHole","RollingBoulder","jedi:shrinkray","energizedSpire:SpiderWeb","jedi:crownofsimplicity","Centennial Puzzle","Bottled Lightning","ReplayTheSpireMod:TigerMarble","conspire:TopHat","Bird Faced Urn","Replay:Bandana","wanderingMiniBosses:AbyssPearl"],"acts_visited":["Exordium","TheCity","TheBeyond"],"potions_floor_usage":[],"damage_taken":[{"damage":6,"enemies":"2 Louse","floor":2,"turns":2},{"damage":14,"enemies":"Cultist","floor":3,"turns":3},{"damage":31,"enemies":"Jaw Worm","floor":4,"turns":6},{"damage":51,"enemies":"downfall:FleeingMerchant","floor":5,"turns":18},{"damage":31,"enemies":"3 Sentries","floor":6,"turns":7},{"damage":29,"enemies":"3 Louse","floor":8,"turns":4},{"damage":20,"enemies":"Large Slime","floor":10,"turns":5},{"damage":23,"enemies":"Gremlin Nob","floor":14,"turns":3},{"damage":12,"enemies":"Blue Slaver","floor":15,"turns":3},{"damage":34,"enemies":"downfall:Ironclad","floor":16,"turns":6},{"damage":28,"enemies":"Chosen","floor":19,"turns":5},{"damage":35,"enemies":"Slavers","floor":25,"turns":6},{"damage":12,"enemies":"3 Byrds","floor":28,"turns":3},{"damage":24,"enemies":"Book of Stabbing","floor":29,"turns":4},{"damage":8,"enemies":"Snecko","floor":32,"turns":3},{"damage":63,"enemies":"downfall:Watcher","floor":33,"turns":7},{"damage":37,"enemies":"3 Shapes","floor":36,"turns":6},{"damage":8,"enemies":"Orb Walker","floor":38,"turns":4},{"damage":18,"enemies":"Jaw Worm Horde","floor":40,"turns":4},{"damage":12,"enemies":"Nemesis","floor":42,"turns":5},{"damage":4,"enemies":"2 Orb Walkers","floor":43,"turns":4},{"damage":30,"enemies":"Spire Growth","floor":45,"turns":5},{"damage":12,"enemies":"Maw","floor":46,"turns":5},{"damage":27,"enemies":"Transient","floor":48,"turns":5},{"damage":20,"enemies":"3 Darklings","floor":49,"turns":4},{"damage":73,"enemies":"downfall:Silent","floor":50,"turns":4}],"seed_played":"2621628865067790886","potions_obtained":[{"floor":3,"key":"FearPotion"},{"floor":8,"key":"LiquidMemories"},{"floor":15,"key":"jedi:StrikingPotion"}],"is_trial":false,"path_per_floor":["R","M","M","M","$","E","T","M","?","M","R","?","$","E","M","B",null,"R","M","AVR","?","$","R","T","E","R","$","M","E","R","?","M","B",null,"R","M","?","M","$","M","T","E","?","T","M","M","R","M","M","B"],"character_chosen":"SLIMEBOUND","items_purchased":["ReplayFunnel","Slimebound:Chomp","Slimebound:ViciousTackle","Slimebound:SamplingLick","Slimebound:SplitBruiser","Slimebound:DisruptingSlam","Slimebound:LeadByExample","Slimebound:GrowthPunch","Slimebound:LivingWall","jedi:crownofsimplicity","Slimebound:SlimeBarrage"],"campfire_rested":0,"item_purchase_floors":[5,5,5,5,13,13,13,22,27,39,39],"current_hp_per_floor":[60,60,58,50,60,53,53,44,44,56,56,56,56,49,49,39,60,60,53,53,53,53,53,53,50,50,50,58,52,52,52,60,33,60,60,51,51,59,59,60,60,60,60,60,40,60,60,61,61,0,0,0],"gold":239,"neow_bonus":"HUNDRED_GOLD","is_daily":false,"chose_seed":false,"campfire_upgraded":7,"win_rate":0.0,"timestamp":1608769700,"path_taken":["R","M","M","M","$","E","T","M","?","?","R","?","$","E","M","BOSS","R","M","AVR","?","$","R","T","E","R","$","M","E","R","?","M","BOSS","R","M","?","M","$","M","T","E","?","?","M","M","R","M","M","BOSS"],"items_purchased_type":["Relic","Card","Card","Card","Card","Card","Card","Card","Card","Relic","Card"],"build_version":"2020-12-22","purchased_purges":2,"victory":false,"max_hp_per_floor":[60,60,60,60,60,60,60,60,60,60,60,60,60,60,60,60,60,60,60,60,60,60,60,60,60,60,60,60,60,60,60,60,60,60,60,60,60,60,60,60,60,60,60,60,60,60,60,61,61,61,61,61],"relic_stats":{"Sozu":6,"Centennial Puzzle":[21],"counters":[26,129],"Bird Faced Urn":[10],"Black Star":3,"Art of War":[22],"Smiling Mask":0,"obtain_stats":[{"ReplayFunnel":5,"SnailShell":24,"wanderingMiniBosses:AbyssPearl":45,"jedi:crownofsimplicity":39,"energizedSpire:SpiderWeb":34,"Smiling Mask":25,"conspire:TopHat":42,"Replay:Rubber Ducky":24,"jedi:shrinkray":29,"Sozu":20,"Centennial Puzzle":41,"Replay:Bandana":44,"Matryoshka":14,"Bird Faced Urn":43,"MiniBlackHole":25,"RollingBoulder":29,"Slimebound:AbsorbEndCombat":0,"Black Star":17,"Art of War":20,"ReplayTheSpireMod:TigerMarble":42,"Bottled Lightning":41,"InkBottle":6},{"ReplayFunnel":4,"SnailShell":11,"wanderingMiniBosses:AbyssPearl":22,"jedi:crownofsimplicity":18,"energizedSpire:SpiderWeb":16,"Smiling Mask":12,"conspire:TopHat":20,"Replay:Rubber Ducky":11,"jedi:shrinkray":14,"Sozu":11,"Centennial Puzzle":19,"Replay:Bandana":21,"Matryoshka":8,"Bird Faced Urn":21,"MiniBlackHole":12,"RollingBoulder":14,"Slimebound:AbsorbEndCombat":0,"Black Star":10,"Art of War":11,"ReplayTheSpireMod:TigerMarble":20,"Bottled Lightning":19,"InkBottle":5},{"ReplayFunnel":29,"SnailShell":61,"wanderingMiniBosses:AbyssPearl":112,"jedi:crownofsimplicity":94,"energizedSpire:SpiderWeb":84,"Smiling Mask":67,"conspire:TopHat":103,"Replay:Rubber Ducky":61,"jedi:shrinkray":74,"Sozu":61,"Centennial Puzzle":98,"Replay:Bandana":107,"Matryoshka":47,"Bird Faced Urn":107,"MiniBlackHole":67,"RollingBoulder":74,"Slimebound:AbsorbEndCombat":0,"Black Star":56,"Art of War":61,"ReplayTheSpireMod:TigerMarble":103,"Bottled Lightning":98,"InkBottle":35}],"InkBottle":[43]},"card_choices":[{"not_picked":["Slimebound:SamplingLick","Slimebound:FlameTackle"],"picked":"Slimebound:SplitLeeching","floor":2},{"not_picked":["Slimebound:GoopSpray","Slimebound:GoopTackle"],"picked":"Slimebound:SplitMire","floor":3},{"not_picked":["Slimebound:ViciousTackle","Slimebound:GrowthPunch"],"picked":"Slimebound:SamplingLick","floor":4},{"not_picked":["Slimebound:FormOfPuddle","Slimebound:GrowthPunch"],"picked":"Slimebound:SpikyOuterGoop","floor":5},{"not_picked":["Slimebound:ForwardTackle","Slimebound:BestDefense"],"picked":"Slimebound:MegaLick","floor":6},{"not_picked":["Slimebound:Schlurp","Slimebound:SamplingLick"],"picked":"Slimebound:AcidTongue","floor":6},{"not_picked":["Slimebound:SplitBruiser","Slimebound:Equalize"],"picked":"Slimebound:LeechingTouch","floor":8},{"not_picked":["Slimebound:Repurpose","Slimebound:ViciousTackle"],"picked":"Slimebound:Schlurp","floor":10},{"not_picked":["Slimebound:FormOfPuddle","Slimebound:ViciousTackle","Slimebound:TongueLash"],"picked":"SKIP","floor":14},{"not_picked":["Slimebound:SplitMire","Slimebound:FinishingTackle"],"picked":"Slimebound:SplitBruiser","floor":15},{"not_picked":["Slimebound:DuplicatedForm","Slimebound:SelfFormingGoo"],"picked":"Slimebound:OozeBath","floor":16},{"not_picked":["Slimebound:GoopSpray","Slimebound:Schlurp+1"],"picked":"Slimebound:TongueLash","floor":19},{"not_picked":["Slimebound:SpikyOuterGoop","Slimebound:MassFeed"],"picked":"Slimebound:SlimeSpikes","floor":25},{"not_picked":["Slimebound:RollThrough","Slimebound:GrowthPunch"],"picked":"Slimebound:ServeAndProtect","floor":28},{"not_picked":["Slimebound:GoopTackle","Slimebound:ViciousTackle+1"],"picked":"Slimebound:LeechingTouch+1","floor":29},{"not_picked":["Slimebound:PressTheAttack","Slimebound:LevelUp"],"picked":"Slimebound:Gluttony","floor":32},{"not_picked":["Slimebound:CheckThePlaybook","Slimebound:RallyTheTroops"],"picked":"Slimebound:SlimeSlap","floor":33},{"not_picked":["Slimebound:SplitMire","Slimebound:TongueLash"],"picked":"Slimebound:GrowthPunch","floor":36},{"not_picked":["Slimebound:SplitAcid+1","Slimebound:SplitMire+1"],"picked":"Slimebound:RainOfGoop+1","floor":38},{"not_picked":["Slimebound:Schlurp+1","Slimebound:RollThrough+1"],"picked":"Slimebound:GrowthPunch+1","floor":40},{"not_picked":["Slimebound:ItLooksTasty+1","Slimebound:SlimeBrawl"],"picked":"Slimebound:SlimeSpikes","floor":42},{"not_picked":["Slimebound:ServeAndProtect","Slimebound:ViciousTackle+1","Slimebound:ComboTackle+1"],"picked":"SKIP","floor":45},{"not_picked":["Slimebound:DivideAndConquer","Slimebound:ComboTackle","Slimebound:ServeAndProtect+1"],"picked":"SKIP","floor":46},{"not_picked":["Slimebound:LeechEnergy+1","Slimebound:ViciousTackle+1"],"picked":"Slimebound:Nibble","floor":48},{"not_picked":["Slimebound:ViciousTackle","Slimebound:RollThrough+1"],"picked":"Slimebound:SamplingLick","floor":49}],"player_experience":161749,"relics_obtained":[{"floor":6,"key":"InkBottle"},{"floor":14,"key":"Matryoshka"},{"floor":24,"key":"Replay:Rubber Ducky"},{"floor":24,"key":"SnailShell"},{"floor":25,"key":"Smiling Mask"},{"floor":25,"key":"MiniBlackHole"},{"floor":29,"key":"RollingBoulder"},{"floor":29,"key":"jedi:shrinkray"},{"floor":41,"key":"Centennial Puzzle"},{"floor":41,"key":"Bottled Lightning"},{"floor":42,"key":"ReplayTheSpireMod:TigerMarble"},{"floor":42,"key":"conspire:TopHat"},{"floor":43,"key":"Bird Faced Urn"},{"floor":44,"key":"Replay:Bandana"},{"floor":45,"key":"wanderingMiniBosses:AbyssPearl"}],"event_choices":[{"cards_removed":["Slimebound:ServeAndProtect"],"damage_healed":0,"gold_gain":0,"player_choice":"Removed Skill","damage_taken":0,"max_hp_gain":0,"max_hp_loss":0,"event_name":"Falling","floor":37,"gold_loss":0},{"damage_healed":0,"gold_gain":0,"player_choice":"Fight","damage_taken":0,"max_hp_gain":0,"max_hp_loss":0,"event_name":"Mysterious Sphere","floor":43,"gold_loss":0}],"is_beta":false,"boss_relics":[{"not_picked":["SacredBark","Ring of Chaos"],"picked":"Black Star"},{"not_picked":["conspire:SeveredTorchhead","infinitespire:Cupcake"],"picked":"energizedSpire:SpiderWeb"}],"items_purged_floors":[5,22],"is_endless":false,"potions_floor_spawned":[3,8,15,16,25,28,33,36,40,43,45],"killed_by":"downfall:Silent","ascension_level":1}}