{"host":"qjr2x8lg4bxz99yh","time":1608854326,"event":{"mods":["Act Like it!","BaseMod","Colored Powertips","Downfall","Friendly Minions","Hallownest","Hermit","Minty Spire (QoL Compilation)","Replay The Spire","StSLib","The Bug Knight","The Cursed","The Disciple","The Hierophant","The Jungle","The Necromancer","The Runesmith","everything is the same but u backflip on backflip"],"gold_per_floor":[117,18,18,18,32,32,47,47,47,47,47,47,47,87,87,216,216,232,157,60,60,80,118,118,138,163,184,184,200,215,215,215],"floor_reached":31,"playtime":2271,"items_purged":["Overencumbered","hermit:ImpendingDoom"],"score":253,"play_id":"7fe6fab2-4904-435e-aed0-6b7ea46078ac","local_time":"20201224175846","is_ascension_mode":false,"campfire_choices":[{"data":"Consume","floor":6,"key":"SMITH"},{"data":"Anger","floor":8,"key":"SMITH"},{"data":"Zap","floor":10,"key":"SMITH"},{"data":"Mirror Shield","floor":12,"key":"SMITH"},{"floor":15,"key":"REST"},{"floor":28,"key":"REST"}],"circlet_count":0,"master_deck":["Strike_B","Strike_B","Strike_B","Strike_B","Defend_B","Defend_B","Defend_B","Zap+1","Mirror Shield+1","Cold Snap","Redo","Bash","Thunder Strike","Consume+1","Anger+1","Scrape+1","All For One+1","Reinforced Body","Compile Driver+1","Loop","Redo","ReplayTheSpireMod:Repulse+1","Melter+1","Conserve Battery","Echo Form","Coolheaded+1","Auto Shields"],"relics":["Iron Core","Shuriken","Golden Idol","Molten Egg 2","Nuclear Battery","ReplayTheSpireMod:CursedCoin","Replay:Multitool","ReplayFunnel"],"acts_visited":["Exordium","TheCity"],"potions_floor_usage":[23,23,30,31],"damage_taken":[{"damage":6,"enemies":"Small Slimes","floor":1,"turns":3},{"damage":0,"enemies":"Cultist","floor":5,"turns":5},{"damage":3,"enemies":"Jaw Worm","floor":7,"turns":5},{"damage":28,"enemies":"Gremlin Nob","floor":14,"turns":4},{"damage":12,"enemies":"Fading Forest","floor":16,"turns":11},{"damage":16,"enemies":"2 Thieves","floor":18,"turns":5},{"damage":5,"enemies":"Spheric Guardian","floor":22,"turns":4},{"damage":9,"enemies":"Book of Stabbing","floor":23,"turns":5},{"damage":26,"enemies":"3 Cultists","floor":25,"turns":6},{"damage":25,"enemies":"Centurion and Healer","floor":27,"turns":6},{"damage":13,"enemies":"Snecko","floor":29,"turns":4},{"damage":8,"enemies":"Shelled Parasite and Fungi","floor":30,"turns":5},{"damage":16,"enemies":"Snake Plant","floor":31,"turns":2}],"seed_played":"-2306288314812169632","potions_obtained":[{"floor":1,"key":"Energy Potion"},{"floor":22,"key":"SkillPotion"},{"floor":25,"key":"sneckomod:MuddlingPotion"},{"floor":29,"key":"Strength Potion"}],"is_trial":false,"path_per_floor":["M","$","?","?","M","R","M","R","T","R","?","R","$","E","R","B",null,"M","?","$","?","M","E","R","M","T","M","R","M","M","M"],"character_chosen":"DEFECT","items_purchased":["Redo","ReplayTheSpireMod:CursedCoin","Compile Driver+1","Loop","Redo"],"campfire_rested":2,"item_purchase_floors":[2,20,20,20,20],"current_hp_per_floor":[69,69,69,69,69,69,66,66,66,66,66,66,66,38,60,58,75,59,59,59,52,47,38,60,34,34,9,31,18,10,0,0],"gold":215,"neow_bonus":"THREE_RARE_CARDS","is_daily":false,"chose_seed":false,"campfire_upgraded":4,"win_rate":0.0,"timestamp":1608854326,"path_taken":["M","$","?","?","?","R","M","R","T","R","?","R","$","E","R","BOSS","M","?","$","?","M","E","R","M","T","M","R","M","M","?"],"items_purchased_type":["Card","Relic","Card","Card","Card"],"build_version":"2020-12-22","purchased_purges":2,"victory":false,"max_hp_per_floor":[75,75,75,75,75,75,75,75,75,75,75,75,75,75,75,75,75,75,75,75,75,75,75,75,75,75,75,75,75,75,75,75],"card_choices":[{"not_picked":["Machine Learning","Reboot"],"picked":"Mirror Shield","floor":0},{"not_picked":["Reprogram","Barrage"],"picked":"Cold Snap","floor":1},{"not_picked":["Headbutt","BasicCrystalCard"],"picked":"Consume","floor":5},{"not_picked":["Body Slam","ReplaySort"],"picked":"Anger","floor":7},{"not_picked":["BasicCrystalCard","BootSequence"],"picked":"Scrape+1","floor":14},{"not_picked":["Amplify","Seek"],"picked":"All For One+1","floor":16},{"not_picked":["ReplaySolidLightProjector","Rebound+1"],"picked":"Reinforced Body","floor":18},{"not_picked":["Conserve Battery","Sweeping Beam+1"],"picked":"ReplayTheSpireMod:Repulse","floor":22},{"not_picked":["Cold Snap+1","Beam Cell+1"],"picked":"Melter+1","floor":23},{"not_picked":["Barrage+1","Melter+1"],"picked":"Conserve Battery","floor":25},{"not_picked":["Gash+1","FTL+1"],"picked":"Echo Form","floor":27},{"not_picked":["FTL+1","Panic Button"],"picked":"Coolheaded+1","floor":29},{"not_picked":["Glacier","Time Bomb"],"picked":"Auto Shields","floor":30}],"player_experience":35834,"relics_obtained":[{"floor":9,"key":"Shuriken"},{"floor":14,"key":"Molten Egg 2"},{"floor":23,"key":"Replay:Multitool"},{"floor":26,"key":"ReplayFunnel"}],"event_choices":[{"damage_healed":0,"gold_gain":0,"cards_transformed":["Defend_B"],"player_choice":"Transformed","damage_taken":0,"max_hp_gain":0,"max_hp_loss":0,"event_name":"Transmorgrifier","floor":4,"gold_loss":0,"cards_obtained":["Thunder Strike"]},{"damage_healed":0,"gold_gain":0,"player_choice":"Take Wound","damage_taken":0,"relics_obtained":["Golden Idol"],"max_hp_gain":0,"max_hp_loss":0,"event_name":"Golden Idol","floor":11,"gold_loss":0,"cards_obtained":["Injury"]},{"cards_removed":["Injury"],"damage_healed":0,"gold_gain":0,"player_choice":"Gave Gold","damage_taken":0,"max_hp_gain":0,"max_hp_loss":0,"event_name":"Beggar","floor":19,"gold_loss":75},{"damage_healed":0,"gold_gain":0,"player_choice":"Damaged","damage_taken":7,"max_hp_gain":0,"max_hp_loss":0,"event_name":"Wheel of Change","floor":21,"gold_loss":0}],"is_beta":false,"boss_relics":[{"not_picked":["Honey Jar","Cursed Key"],"picked":"Nuclear Battery"}],"items_purged_floors":[2,20],"is_endless":false,"potions_floor_spawned":[1,22,25,29],"killed_by":"Snake Plant","ascension_level":0}}