{"host":"ubc28ykrjp2peggz","time":1608788205,"event":{"mods":["ATMod(°¢èªMod)","BaseMod","Minty Spire (QoL Compilation)","Spicy Shops","StSLib","TestMod","The Poker Player","¡¾ÒÅÎï¿¨ÅÆ¡¿REMEMod"],"gold_per_floor":[115,128,128,147,159,190,190,210,210,210,210,245,245,15,15,114,114,127,137,137,24,37,64,93,93,93,93,121,121,141,175,175,279,279,291,305,317,166,166,198,229,8,8,22,42,61,86,9,9,111,111,125,125,0,0,17,80,91,101,128,159,191,209,223,250,262,379,391,418,264,282,207,306,333,302,302,336,736,752,645,670,701,701,799,799,809,825,670,467,467,494,525,544,579,579,606,606,606,448,448,448,448],"floor_reached":101,"playtime":4224,"items_purged":["AT_GerminateFire","Rage+1","AT_DrawKnifeCut+1","Armaments+1","AT_MachinaRedman+1","AT_BreakingExtremeWeapon+1","Pommel Strike+1","Fire Breathing+1","Shockwave+1","Power Through+1","Barricade+1"],"score":2731,"play_id":"8bd83707-0f0a-45a2-b540-1d4be01a333f","local_time":"20201224133645","daily_mods":["SealedDeck","Heirloom","Flight"],"is_ascension_mode":false,"campfire_choices":[{"data":"Armaments","floor":7.0,"key":"SMITH"},{"data":"AT_BodySlamDance","floor":10.0,"key":"SMITH"},{"data":"AT_MachinaRedman","floor":11.0,"key":"SMITH"},{"data":"Shockwave","floor":13.0,"key":"SMITH"},{"data":"Dark Embrace","floor":15.0,"key":"SMITH"},{"data":"Barricade","floor":25.0,"key":"SMITH"},{"data":"Power Through","floor":27.0,"key":"SMITH"},{"data":"Ghostly Armor","floor":32.0,"key":"SMITH"},{"floor":49.0,"key":"REST"},{"data":"Offering","floor":66.0,"key":"SMITH"},{"data":"Entrench","floor":76.0,"key":"SMITH"},{"data":"Limit Break","floor":83.0,"key":"SMITH"},{"floor":95,"key":"DIG"},{"floor":97,"key":"DIG"},{"floor":98,"key":"DIG"},{"floor":100,"key":"DIG"}],"circlet_count":0,"master_deck":["Dark Embrace+1","AT_BodySlamDance+1","AT_DiedThrough+1","Evolve+1","Feel No Pain+1","Feel No Pain+1","Offering+1","Entrench+1","Limit Break+1"],"relics":["Burning Blood","AT_ATBox","testmod-TestBox","REME_ComplimentaryCards","testmod-Register","Lizard Tail","Blue Candle","Question Card","Paper Frog","Membership Card","Lantern","Astrolabe","Nilry\u0027s Codex","Whetstone","Frozen Egg 2","StrikeDummy","REME_HandOfSuture","AT_DeathDance","testmod-TurbochargingSystem","Mark of Pain","Lee\u0027s Waffle","testmod-Brilliant","testmod-Muramasa","testmod-FatalChain","AT_BellDemon","Vajra","War Paint","AT_TimeSand","testmod-Hope","Toy Ornithopter","testmod-Faith","Torii","REME_LowDesire","Regal Pillow","AT_SunfireAegis","AT_PhaseBoots","Ice Cream","ClockworkSouvenir","Gremlin Horn","Smiling Mask","The Courier","Strawberry","testmod-OneHitWonder","Potion Belt","AT_RedTearstoneRing","Mummified Hand","MawBank","Bag of Preparation","Thread and Needle","testmod-SaigiyounoYou","REME_LimitBreaker","Eternal Feather","AT_SeraphEmbrace","Blood Vial","Old Coin","Molten Egg 2","Charon\u0027s Ashes","Juzu Bracelet","Shovel","PreservedInsect","Centennial Puzzle","Akabeko","testmod-PortableAltar","Orichalcum","Art of War","testmod-DragonStarHat","testmod-IndustrialRevolution","testmod-HeartOfDaVinci","Bag of Marbles","AT_ChloranthyRing","White Beast Statue","testmod-BlackFramedGlasses","Boot","Oddly Smooth Stone","testmod-CrystalShield","AT_BladeRuinedKing"],"acts_visited":["Exordium","TheCity","TheBeyond","Exordium","TheCity","TheBeyond"],"potions_floor_usage":[],"damage_taken":[{"damage":0.0,"enemies":"2 Louse","floor":1.0,"turns":1.0},{"damage":0.0,"enemies":"Cultist","floor":2.0,"turns":2.0},{"damage":0.0,"enemies":"Small Slimes","floor":4.0,"turns":2.0},{"damage":0.0,"enemies":"3 Louse","floor":5.0,"turns":2.0},{"damage":13.0,"enemies":"Gremlin Nob","floor":6.0,"turns":3.0},{"damage":0.0,"enemies":"Exordium Thugs","floor":8.0,"turns":1.0},{"damage":13.0,"enemies":"3 Sentries","floor":12.0,"turns":5.0},{"damage":0.0,"enemies":"Hexaghost","floor":16.0,"turns":2.0},{"damage":0.0,"enemies":"3 Byrds","floor":18.0,"turns":3.0},{"damage":5.0,"enemies":"2 Thieves","floor":19.0,"turns":2.0},{"damage":0.0,"enemies":"Centurion and Healer","floor":22.0,"turns":2.0},{"damage":0.0,"enemies":"Book of Stabbing","floor":23.0,"turns":2.0},{"damage":9.0,"enemies":"REME_1_Revenger","floor":24.0,"turns":3.0},{"damage":19.0,"enemies":"Gremlin Leader","floor":28.0,"turns":4.0},{"damage":2.0,"enemies":"Shelled Parasite and Fungi","floor":30.0,"turns":2.0},{"damage":0.0,"enemies":"REME_1_Revenger","floor":31.0,"turns":2.0},{"damage":16.0,"enemies":"Collector","floor":33.0,"turns":4.0},{"damage":0.0,"enemies":"3 Shapes","floor":35.0,"turns":1.0},{"damage":0.0,"enemies":"Orb Walker","floor":36.0,"turns":1.0},{"damage":0.0,"enemies":"Maw","floor":37.0,"turns":2.0},{"damage":0.0,"enemies":"Reptomancer","floor":40.0,"turns":1.0},{"damage":8.0,"enemies":"Giant Head","floor":41.0,"turns":2.0},{"damage":26.0,"enemies":"Jaw Worm Horde","floor":44.0,"turns":2.0},{"damage":3.0,"enemies":"Sphere and 2 Shapes","floor":45.0,"turns":1.0},{"damage":0.0,"enemies":"Transient","floor":46.0,"turns":2.0},{"damage":0.0,"enemies":"Nemesis","floor":47.0,"turns":1.0},{"damage":0.0,"enemies":"Awakened One","floor":50.0,"turns":2.0},{"damage":0.0,"enemies":"2 Louse","floor":52.0,"turns":1.0},{"damage":28.0,"enemies":"Jaw Worm","floor":56.0,"turns":2.0},{"damage":7.0,"enemies":"3 Sentries","floor":57.0,"turns":2.0},{"damage":0.0,"enemies":"Cultist","floor":58.0,"turns":1.0},{"damage":0.0,"enemies":"2 Fungi Beasts","floor":59.0,"turns":1.0},{"damage":0.0,"enemies":"Lagavulin","floor":61.0,"turns":2.0},{"damage":0.0,"enemies":"Gremlin Nob","floor":62.0,"turns":1.0},{"damage":34.0,"enemies":"Exordium Thugs","floor":63.0,"turns":2.0},{"damage":0.0,"enemies":"Looter","floor":64.0,"turns":1.0},{"damage":0.0,"enemies":"Exordium Wildlife","floor":65.0,"turns":1.0},{"damage":12.0,"enemies":"Slime Boss","floor":67.0,"turns":1.0},{"damage":0.0,"enemies":"Chosen","floor":69.0,"turns":1.0},{"damage":0.0,"enemies":"Shell Parasite","floor":71.0,"turns":1.0},{"damage":0.0,"enemies":"Slavers","floor":74.0,"turns":1.0},{"damage":0.0,"enemies":"Gremlin Leader","floor":77.0,"turns":1.0},{"damage":0.0,"enemies":"Colosseum Slavers","floor":78.0,"turns":1.0},{"damage":6.0,"enemies":"Colosseum Nobs","floor":78.0,"turns":1.0},{"damage":0.0,"enemies":"Chosen and Byrds","floor":79.0,"turns":1.0},{"damage":6.0,"enemies":"Book of Stabbing","floor":81.0,"turns":1.0},{"damage":6.0,"enemies":"Gremlin Leader","floor":82.0,"turns":1.0},{"damage":12.0,"enemies":"Automaton","floor":84.0,"turns":1.0},{"damage":7.0,"enemies":"Orb Walker","floor":86.0,"turns":1.0},{"damage":7.0,"enemies":"3 Darklings","floor":87.0,"turns":1.0},{"damage":0.0,"enemies":"Giant Head","floor":91.0,"turns":1.0},{"damage":12,"enemies":"Reptomancer","floor":92,"turns":1},{"damage":12,"enemies":"Writhing Mass","floor":93,"turns":1},{"damage":57,"enemies":"Nemesis","floor":94,"turns":3},{"damage":0,"enemies":"Reptomancer","floor":96,"turns":1},{"damage":19,"enemies":"Awakened One","floor":101,"turns":5}],"seed_played":"-6877997785751040856","potions_obtained":[{"floor":2.0,"key":"SneckoOil"},{"floor":12.0,"key":"Dexterity Potion"},{"floor":22.0,"key":"Fire Potion"},{"floor":23.0,"key":"Explosive Potion"},{"floor":44.0,"key":"REME_GoldPotion"},{"floor":46.0,"key":"testmod-SpacePotion"},{"floor":47.0,"key":"FearPotion"},{"floor":52.0,"key":"testmod-TimePotion"},{"floor":58.0,"key":"Strength Potion"},{"floor":63.0,"key":"Ancient Potion"},{"floor":64.0,"key":"testmod-TimePotion"}],"is_trial":true,"path_per_floor":["M","M","?","M","M","E","R","M","T","R","R","E","R","$","R","B",null,"M","M","?","$","M","E","E","R","T","R","E","?","M","E","R","B",null,"M","M","M","$","?","E","E","$","T","M","M","M","E","$","R","B",null,"M","?","$","$","M","E","M","M","T","E","E","M","M","M","R","B",null,"M","$","M","?","?","E","$","R","E","?","M","$","E","E","R","B",null,"M","M","$","$","?","E","E","M","E","R","E","R","R","$","R","B"],"character_chosen":"IRONCLAD","items_purchased":["Membership Card","Lantern","Whetstone","Lee\u0027s Waffle","testmod-FatalChain","testmod-Faith","AT_BreakingExtremeWeapon+1","Ice Cream","ClockworkSouvenir","Entrench","AT_ArchangelStaff","Limit Break","Shovel","testmod-DragonStarHat","testmod-IndustrialRevolution","testmod-HeartOfDaVinci","testmod-CrystalShield"],"campfire_rested":1,"item_purchase_floors":[14,14,21,38,42,48,48,54,55,70,75,80,80,88,89,89,99],"current_hp_per_floor":[80,80,90,90,90,83,83,89,89,89,89,82,82,82,82,88,90,90,90,74,74,80,86,83,83,83,83,70,70,74,80,80,70,90,90,90,90,97,97,97,95,95,95,75,78,84,90,90,97,97,97,97,97,73,55,33,37,43,56,56,62,68,40,46,52,52,46,104,104,104,104,104,104,104,104,104,104,104,104,104,104,104,104,98,104,103,102,101,100,99,98,92,89,54,60,74,80,86,86,89,74,74],"gold":448,"neow_bonus":"","is_daily":false,"chose_seed":false,"campfire_upgraded":11,"win_rate":0.0,"timestamp":1608788205,"path_taken":["M","M","?","M","?","E","R","M","T","R","R","E","R","$","R","BOSS","M","M","?","$","M","E","E","R","T","R","E","?","?","E","R","BOSS","M","M","?","?","?","E","E","$","T","M","M","?","E","$","R","BOSS","M","?","$","$","M","E","M","?","T","E","E","M","M","M","R","BOSS","M","$","M","?","?","E","$","R","E","?","M","$","E","E","R","BOSS","M","M","$","$","?","E","E","M","E","R","E","R","R","$","R","BOSS"],"items_purchased_type":["Relic","Relic","Relic","Relic","Relic","Relic","Card","Relic","Relic","Card","Relic","Card","Relic","Relic","Relic","Relic","Relic"],"build_version":"2020-12-22","purchased_purges":11,"victory":false,"max_hp_per_floor":[80,80,90,90,90,90,90,90,90,90,90,90,90,90,90,90,90,90,90,90,90,90,90,90,90,90,90,90,90,90,90,90,90,90,90,90,90,97,97,97,97,97,97,97,97,97,97,97,97,97,97,97,97,97,97,97,97,97,104,104,104,104,104,104,104,104,104,104,104,104,104,104,104,104,104,104,104,104,104,104,104,104,104,104,104,103,102,101,100,99,98,97,96,95,94,93,92,91,90,89,88,88],"card_choices":[{"not_picked":["Clash","Flex","Dropkick"],"picked":"SKIP","floor":1.0},{"not_picked":["AT_IchimonjiDouble","REME_Cut","Hemokinesis"],"picked":"SKIP","floor":2.0},{"not_picked":["True Grit","Searing Blow"],"picked":"AT_BodySlamDance","floor":4.0},{"not_picked":["Dropkick","Disarm","Heavy Blade"],"picked":"SKIP","floor":5.0},{"not_picked":["Clothesline","Spot Weakness","Havoc"],"picked":"SKIP","floor":6.0},{"not_picked":["AT_BodySlamDance","Combust","Anger"],"picked":"SKIP","floor":8.0},{"not_picked":["Bludgeon","Sword Boomerang","Anger","Shockwave"],"picked":"SKIP","floor":12.0},{"not_picked":["AT_Dispersion","REME_ACTH","Fiend Fire"],"picked":"Barricade","floor":16.0},{"not_picked":["Pommel Strike","Body Slam+1","Shockwave","Heavy Blade"],"picked":"SKIP","floor":18.0},{"not_picked":["AT_BodySlamDance","Searing Blow","Flex"],"picked":"Rampage","floor":19.0},{"not_picked":["Armaments","Intimidate","Shrug It Off+1","Dual Wield"],"picked":"SKIP","floor":22.0},{"not_picked":["Reckless Charge","Demon Form+1","Pommel Strike","Blood for Blood+1"],"picked":"SKIP","floor":23.0},{"not_picked":["Flex","Sword Boomerang+1","Pummel","Battle Trance"],"picked":"SKIP","floor":24.0},{"not_picked":["Sword Boomerang","REME_Scribble","Barricade+1"],"picked":"AT_ShrugMaster+1","floor":28.0},{"not_picked":["Uppercut+1","Flex","REME_Cut+1","AT_ShrugMaster+1"],"picked":"SKIP","floor":30.0},{"not_picked":["Thunderclap+1","Pommel Strike","AT_IchimonjiDouble","AT_BodySlamDance"],"picked":"SKIP","floor":31.0},{"not_picked":["Havoc+1","Clash","Cleave+1"],"picked":"Evolve+1","floor":35.0},{"not_picked":["Whirlwind","Seeing Red","Perfected Strike+1","Inflame+1"],"picked":"SKIP","floor":36.0},{"not_picked":["Uppercut","REME_Cut+1","Battle Trance+1","Anger"],"picked":"SKIP","floor":37.0},{"not_picked":["Anger","Clothesline+1","Corruption+1","AT_IchimonjiDouble+1"],"picked":"SKIP","floor":40.0},{"not_picked":["Ghostly Armor+1","Flame Barrier","Juggernaut+1","Sentinel+1"],"picked":"SKIP","floor":41.0},{"not_picked":["Havoc+1","Pommel Strike","AT_ManFootWork+1","True Grit+1"],"picked":"SKIP","floor":44.0},{"not_picked":["Pommel Strike","Twin Strike","Spot Weakness","Perfected Strike+1"],"picked":"SKIP","floor":45.0},{"not_picked":["Rage","Second Wind","Clash"],"picked":"Feel No Pain+1","floor":46.0},{"not_picked":["REME_SingleHolding","Cleave","Warcry+1","Thunderclap+1"],"picked":"SKIP","floor":47.0},{"not_picked":["Carnage","Ghostly Armor","Cleave","testmod-Collector"],"picked":"Feel No Pain+1","floor":52.0},{"not_picked":["Flex","Iron Wave","Clash","REME_ProfessionalPlagiarism"],"picked":"Fire Breathing+1","floor":56.0},{"not_picked":["REME_Cut+1","Perfected Strike","Warcry","Havoc","AT_FalsePromise+1"],"picked":"SKIP","floor":57.0},{"not_picked":["REME_Cut+1","Heavy Blade","Iron Wave","Battle Trance","testmod-LimitFlipper"],"picked":"SKIP","floor":58.0},{"not_picked":["True Grit","Twin Strike","Headbutt","Body Slam","Secret Weapon"],"picked":"SKIP","floor":59.0},{"not_picked":["Pummel","Heavy Blade","Pommel Strike","Rampage","Blind"],"picked":"SKIP","floor":61.0},{"not_picked":["Rampage","Infernal Blade","Rupture+1","Combust+1","testmod-Reproduce+1"],"picked":"SKIP","floor":62.0},{"not_picked":["Armaments","Perfected Strike","Body Slam","testmod-Provocation"],"picked":"Offering","floor":63.0},{"not_picked":["Evolve+1","Whirlwind","Shrug It Off","Feed","testmod-WeaknessCounterattack"],"picked":"SKIP","floor":64.0},{"not_picked":["Heavy Blade","Perfected Strike","Dual Wield","AT_GerminateFire","testmod-LimitFlipper"],"picked":"SKIP","floor":65.0},{"not_picked":["Heavy Blade+1","Pommel Strike+1","AT_IchimonjiDouble","Wild Strike","Secret Weapon"],"picked":"SKIP","floor":69.0},{"not_picked":["True Grit+1","Twin Strike","Disarm","Cleave+1","Forethought+1"],"picked":"SKIP","floor":71.0},{"not_picked":["Barricade+1","Shrug It Off","Second Wind","Thunderclap","testmod-HandmadeProducts"],"picked":"SKIP","floor":74.0},{"not_picked":["Ghostly Armor","Clothesline+1","True Grit","Demon Form+1","REME_EyeOfCthun"],"picked":"SKIP","floor":77.0},{"not_picked":["Fire Breathing+1","AT_DiedThrough+1","Flex","Sword Boomerang+1","Jack Of All Trades"],"picked":"SKIP","floor":79.0},{"not_picked":["Shockwave","AT_IchimonjiDouble+1","Body Slam+1","Reckless Charge+1","AT_Homeward"],"picked":"SKIP","floor":81.0},{"not_picked":["AT_BodySlamDance","Body Slam+1","Dark Embrace+1","Wild Strike+1","testmod-RabbitOfFibonacci+1"],"picked":"SKIP","floor":82.0},{"not_picked":["Shrug It Off+1","Iron Wave+1","Clothesline+1","Sword Boomerang+1","REME_Flogging+1"],"picked":"SKIP","floor":86.0},{"not_picked":["Shrug It Off","Thunderclap+1","Pommel Strike+1","Iron Wave+1","Mind Blast+1"],"picked":"SKIP","floor":87.0},{"not_picked":["REME_SingleHolding+1","AT_IchimonjiDouble+1","Shrug It Off+1","Cleave+1","testmod-TradeIn"],"picked":"SKIP","floor":91},{"not_picked":["Shrug It Off+1","Searing Blow+1","True Grit","AT_BodySlamDance","testmod-EternalityOfKhronos"],"picked":"SKIP","floor":92},{"not_picked":["Brutality+1","AT_BodySlamDance+1","Wild Strike+1","Thunderclap+1","AT_Homeward"],"picked":"SKIP","floor":93},{"not_picked":["Sever Soul+1","AT_ManFootWork+1","Havoc","Whirlwind+1","Magnetism+1"],"picked":"SKIP","floor":94},{"not_picked":["Flex","AT_BodySlamDance+1","Fire Breathing+1","REME_SingleHolding","testmod-RepeatForm+1"],"picked":"SKIP","floor":96}],"player_experience":60315,"relics_obtained":[{"floor":6.0,"key":"Blue Candle"},{"floor":9.0,"key":"Question Card"},{"floor":12.0,"key":"Paper Frog"},{"floor":20.0,"key":"Nilry\u0027s Codex"},{"floor":23.0,"key":"Frozen Egg 2"},{"floor":24.0,"key":"StrikeDummy"},{"floor":26.0,"key":"REME_HandOfSuture"},{"floor":28.0,"key":"AT_DeathDance"},{"floor":31.0,"key":"testmod-TurbochargingSystem"},{"floor":40.0,"key":"testmod-Brilliant"},{"floor":41.0,"key":"testmod-Muramasa"},{"floor":43.0,"key":"AT_BellDemon"},{"floor":44.0,"key":"Vajra"},{"floor":45.0,"key":"War Paint"},{"floor":46.0,"key":"AT_TimeSand"},{"floor":47.0,"key":"testmod-Hope"},{"floor":47.0,"key":"Toy Ornithopter"},{"floor":50.0,"key":"Torii"},{"floor":51.0,"key":"Regal Pillow"},{"floor":51.0,"key":"AT_SunfireAegis"},{"floor":52.0,"key":"AT_SpeedBoots"},{"floor":56.0,"key":"Gremlin Horn"},{"floor":57.0,"key":"Smiling Mask"},{"floor":58.0,"key":"The Courier"},{"floor":59.0,"key":"Strawberry"},{"floor":60.0,"key":"testmod-OneHitWonder"},{"floor":61.0,"key":"Potion Belt"},{"floor":62.0,"key":"AT_RedTearstoneRing"},{"floor":63.0,"key":"Mummified Hand"},{"floor":64.0,"key":"MawBank"},{"floor":65.0,"key":"Bag of Preparation"},{"floor":67.0,"key":"Thread and Needle"},{"floor":69.0,"key":"REME_LimitBreaker"},{"floor":74.0,"key":"Eternal Feather"},{"floor":77.0,"key":"Blood Vial"},{"floor":78.0,"key":"Old Coin"},{"floor":78.0,"key":"Molten Egg 2"},{"floor":78.0,"key":"Charon\u0027s Ashes"},{"floor":79.0,"key":"Juzu Bracelet"},{"floor":81.0,"key":"PreservedInsect"},{"floor":82.0,"key":"Centennial Puzzle"},{"floor":84.0,"key":"Akabeko"},{"floor":86.0,"key":"Orichalcum"},{"floor":87.0,"key":"Art of War"},{"floor":93,"key":"Bag of Marbles"},{"floor":94,"key":"AT_ChloranthyRing"},{"floor":95,"key":"White Beast Statue"},{"floor":96,"key":"testmod-BlackFramedGlasses"},{"floor":97,"key":"Boot"},{"floor":98,"key":"Oddly Smooth Stone"},{"floor":100,"key":"AT_BladeRuinedKing"}],"event_choices":[{"cards_removed":["testmod-Dream"],"damage_healed":0.0,"max_hp_gain":10.0,"max_hp_loss":0.0,"gold_gain":0.0,"event_name":"Bonfire Elementals","player_choice":"Offered Rare","floor":3.0,"gold_loss":0.0,"damage_taken":0.0},{"damage_healed":0.0,"max_hp_gain":0.0,"max_hp_loss":0.0,"gold_gain":0.0,"event_name":"Cursed Tome","player_choice":"Obtained Book","floor":20.0,"gold_loss":0.0,"damage_taken":16.0},{"damage_healed":0.0,"max_hp_gain":0.0,"max_hp_loss":0.0,"gold_gain":0.0,"event_name":"NoteForYourself","player_choice":"Ignored","floor":29.0,"gold_loss":0.0,"damage_taken":0.0},{"cards_removed":["Rampage"],"damage_healed":0.0,"max_hp_gain":0.0,"max_hp_loss":0.0,"gold_gain":0.0,"event_name":"Purifier","player_choice":"Purged","floor":39.0,"gold_loss":0.0,"damage_taken":0.0},{"cards_removed":["Ghostly Armor"],"damage_healed":0.0,"max_hp_gain":0.0,"max_hp_loss":0.0,"gold_gain":0.0,"event_name":"Purifier","player_choice":"Purged","floor":53.0,"gold_loss":0.0,"damage_taken":0.0},{"cards_removed":["AT_ShrugMaster"],"damage_healed":0.0,"max_hp_gain":0.0,"max_hp_loss":0.0,"gold_gain":0.0,"event_name":"Beggar","player_choice":"Gave Gold","floor":72.0,"gold_loss":75.0,"damage_taken":0.0},{"damage_healed":0.0,"max_hp_gain":0.0,"max_hp_loss":0.0,"gold_gain":99.0,"event_name":"Nest","player_choice":"Stole From Cult","floor":73.0,"gold_loss":0.0,"damage_taken":0.0},{"damage_healed":0.0,"max_hp_gain":0.0,"max_hp_loss":0.0,"gold_gain":0.0,"event_name":"Colosseum","player_choice":"Fight","floor":78.0,"gold_loss":0.0,"damage_taken":0.0},{"damage_healed":0.0,"max_hp_gain":0.0,"max_hp_loss":0.0,"gold_gain":0.0,"event_name":"Colosseum","player_choice":"Fought Nobs","floor":78.0,"gold_loss":0.0,"damage_taken":0.0},{"damage_healed":0.0,"max_hp_gain":0.0,"max_hp_loss":0.0,"gold_gain":0.0,"event_name":"Accursed Blacksmith","player_choice":"Ignored","floor":90.0,"gold_loss":0.0,"damage_taken":0.0}],"is_beta":false,"boss_relics":[{"not_picked":["testmod-HarvestTotem","REME_DuelDisc"],"picked":"Astrolabe"},{"not_picked":["testmod-StringDisintegrator","Tiny House"],"picked":"Mark of Pain"},{"not_picked":["Calling Bell","testmod-CardMagician"],"picked":"REME_LowDesire"},{"not_picked":["Busted Crown","Black Blood"],"picked":"testmod-SaigiyounoYou"},{"not_picked":["testmod-BloodSacrificeSpiritualization","testmod-Temperance"],"picked":"testmod-PortableAltar"}],"items_purged_floors":[21,38,38,42,54,80,88,88,89,99,99],"is_endless":true,"potions_floor_spawned":[2,12,19,22,23,35,37,44,46,47,52,58,63,64,67,69,71,77,86,93,94,96],"killed_by":"Awakened One","ascension_level":0}}