{"host":"0msxzbajcl1c78mb","time":1608781502,"event":{"mods":["AchievementEnabler","BaseMod","Colored Map","Colored Powertips","Highlight Path","Minty Spire (QoL Compilation)","Relic Sorter","Relic Stats","StSLib","The Jungle","everything is the same but u backflip on backflip"],"gold_per_floor":[114,114,130,130,146,146,179,198,198,217,248,248,26,40,40,144,144,162,179,179,197,216,244,261,261,288,288,319,319,319,347,347,451,451,469,288,304,177,197,227,240,268,268,323,323,353,353,453,453,453],"floor_reached":51,"playtime":2575,"items_purged":["Defend_R","Strike_R"],"score":1212,"play_id":"03682740-1f70-4a3b-8235-61e75938ec23","local_time":"20201223224502","is_ascension_mode":true,"campfire_choices":[{"floor":6,"key":"REST"},{"data":"Bash","floor":12,"key":"SMITH"},{"data":"Perfected Strike","floor":15,"key":"SMITH"},{"data":"Perfected Strike","floor":25,"key":"SMITH"},{"data":"Immolate","floor":27,"key":"SMITH"},{"data":"Berserk","floor":32,"key":"SMITH"},{"data":"Perfected Strike","floor":45,"key":"SMITH"},{"data":"Pommel Strike","floor":47,"key":"SMITH"},{"data":"Perfected Strike","floor":49,"key":"SMITH"}],"circlet_count":0,"master_deck":["Strike_R","Strike_R","Strike_R","Strike_R","Defend_R","Defend_R","Defend_R","Bash+1","Perfected Strike+1","Shrug It Off","Pommel Strike","Shrug It Off","Twin Strike","Ghostly Armor","Feed","Perfected Strike+1","Immolate+1","Pommel Strike+1","Perfected Strike+1","Twin Strike+1","Perfected Strike+1","Berserk+1","Perfected Strike+1","Brutality","Inflame+1","Pommel Strike+1","Ghostly Armor","Wild Strike+1","Perfected Strike+1","Barricade"],"relics":["Burning Blood","Ginger","Mummified Hand","Strawberry","Eternal Feather","Question Card","Membership Card","Philosopher\u0027s Stone","Gremlin Horn","Anchor","Happy Flower","Ornamental Fan","Lizard Tail","Velvet Choker","Incense Burner","Medical Kit","Dream Catcher","PreservedInsect","CaptainsWheel","Regal Pillow"],"acts_visited":["Exordium","TheCity","TheBeyond"],"potions_floor_usage":[7,11,11,19,21,33],"damage_taken":[{"damage":0,"enemies":"Small Slimes","floor":1,"turns":4},{"damage":11,"enemies":"Jaw Worm","floor":3,"turns":4},{"damage":1,"enemies":"Cultist","floor":5,"turns":3},{"damage":27,"enemies":"3 Sentries","floor":7,"turns":7},{"damage":14,"enemies":"Red Slaver","floor":8,"turns":3},{"damage":0,"enemies":"Exordium Wildlife","floor":10,"turns":2},{"damage":4,"enemies":"Gremlin Nob","floor":11,"turns":3},{"damage":2,"enemies":"3 Louse","floor":14,"turns":4},{"damage":13,"enemies":"Slime Boss","floor":16,"turns":11},{"damage":12,"enemies":"Spheric Guardian","floor":18,"turns":4},{"damage":9,"enemies":"3 Byrds","floor":19,"turns":3},{"damage":14,"enemies":"Snake Plant","floor":21,"turns":3},{"damage":0,"enemies":"Sentry and Sphere","floor":22,"turns":4},{"damage":8,"enemies":"Slavers","floor":23,"turns":4},{"damage":8,"enemies":"Chosen and Byrds","floor":24,"turns":4},{"damage":0,"enemies":"Gremlin Leader","floor":28,"turns":3},{"damage":24,"enemies":"Book of Stabbing","floor":31,"turns":3},{"damage":66,"enemies":"Champ","floor":33,"turns":6},{"damage":7,"enemies":"3 Shapes","floor":35,"turns":3},{"damage":0,"enemies":"Orb Walker","floor":37,"turns":2},{"damage":0,"enemies":"4 Shapes","floor":39,"turns":3},{"damage":6,"enemies":"Giant Head","floor":40,"turns":5},{"damage":13,"enemies":"Sphere and 2 Shapes","floor":41,"turns":6},{"damage":1,"enemies":"Reptomancer","floor":42,"turns":3},{"damage":4,"enemies":"2 Orb Walkers","floor":44,"turns":2},{"damage":17,"enemies":"Nemesis","floor":46,"turns":5},{"damage":39,"enemies":"Awakened One","floor":50,"turns":7}],"seed_played":"762882754806886842","potions_obtained":[{"floor":3,"key":"Swift Potion"},{"floor":8,"key":"AttackPotion"},{"floor":10,"key":"PowerPotion"},{"floor":11,"key":"Strength Potion"},{"floor":14,"key":"PowerPotion"},{"floor":18,"key":"Block Potion"},{"floor":23,"key":"BloodPotion"},{"floor":31,"key":"Fire Potion"},{"floor":33,"key":"HeartOfIron"},{"floor":35,"key":"Dexterity Potion"},{"floor":37,"key":"FearPotion"}],"is_trial":false,"path_per_floor":["M","?","M","?","M","R","E","M","T","M","E","R","$","M","R","B",null,"M","M","T","M","M","E","M","R","T","R","E","?","?","E","R","B",null,"M","$","M","$","M","E","M","E","T","?","R","E","R","?","R","B",null],"character_chosen":"IRONCLAD","items_purchased":["Membership Card","Feed","Incense Burner","Medical Kit"],"campfire_rested":1,"item_purchase_floors":[13,13,36,38],"current_hp_per_floor":[57,45,40,40,45,69,55,47,47,53,55,64,64,68,77,73,86,80,80,80,72,78,79,77,89,89,96,96,96,96,81,96,39,86,88,88,94,94,103,103,99,107,107,109,114,106,117,117,117,84],"gold":453,"neow_bonus":"ONE_RARE_RELIC","is_daily":false,"chose_seed":false,"campfire_upgraded":8,"win_rate":0.0,"timestamp":1608781502,"path_taken":["M","?","M","?","M","R","E","M","T","?","E","R","$","M","R","BOSS","M","M","?","M","M","E","M","R","T","R","E","?","?","E","R","BOSS","M","$","?","$","M","E","M","E","T","?","R","E","R","?","R","BOSS"],"items_purchased_type":["Relic","Card","Relic","Relic"],"build_version":"2020-12-22","purchased_purges":2,"victory":true,"max_hp_per_floor":[80,80,80,80,80,80,87,87,87,87,87,87,87,87,87,90,90,90,93,93,93,93,96,96,96,96,96,96,96,96,99,99,102,102,105,105,105,105,108,108,111,114,114,114,114,117,117,117,117,117],"relic_stats":{"Regal Pillow":0,"Gremlin Horn":[22,22],"Happy Flower":[15],"counters":[27,111],"Eternal Feather":68,"PreservedInsect":47,"Ginger":[13],"Question Card":19,"Medical Kit":[3],"Burning Blood":156,"Lizard Tail":0,"Dream Catcher":0,"Mummified Hand":[19],"Ornamental Fan":[84],"obtain_stats":[{"Regal Pillow":46,"Gremlin Horn":20,"Happy Flower":28,"Velvet Choker":34,"Eternal Feather":9,"PreservedInsect":43,"Incense Burner":36,"Ginger":0,"Question Card":11,"Medical Kit":38,"Burning Blood":0,"Anchor":23,"Lizard Tail":31,"Dream Catcher":42,"CaptainsWheel":44,"Mummified Hand":2,"Ornamental Fan":30,"Strawberry":7,"Philosopher\u0027s Stone":17,"Membership Card":13},{"Regal Pillow":26,"Gremlin Horn":11,"Happy Flower":16,"Velvet Choker":18,"Eternal Feather":5,"PreservedInsect":24,"Incense Burner":19,"Ginger":0,"Question Card":7,"Medical Kit":20,"Burning Blood":0,"Anchor":14,"Lizard Tail":17,"Dream Catcher":24,"CaptainsWheel":25,"Mummified Hand":1,"Ornamental Fan":16,"Strawberry":4,"Philosopher\u0027s Stone":9,"Membership Card":7},{"Regal Pillow":104,"Gremlin Horn":48,"Happy Flower":66,"Velvet Choker":75,"Eternal Feather":21,"PreservedInsect":97,"Incense Burner":78,"Ginger":0,"Question Card":26,"Medical Kit":80,"Burning Blood":0,"Anchor":59,"Lizard Tail":69,"Dream Catcher":97,"CaptainsWheel":99,"Mummified Hand":4,"Ornamental Fan":66,"Strawberry":18,"Philosopher\u0027s Stone":41,"Membership Card":26}]},"card_choices":[{"not_picked":["Infernal Blade","Headbutt"],"picked":"Perfected Strike","floor":1},{"not_picked":["Sword Boomerang","Infernal Blade"],"picked":"Shrug It Off","floor":3},{"not_picked":["Bludgeon","Sword Boomerang"],"picked":"Pommel Strike","floor":5},{"not_picked":["Rampage","Ghostly Armor"],"picked":"Shrug It Off","floor":7},{"not_picked":["Infernal Blade","Headbutt"],"picked":"Twin Strike","floor":8},{"not_picked":["Blood for Blood","Exhume"],"picked":"Ghostly Armor","floor":10},{"not_picked":["Thunderclap","Warcry","Seeing Red"],"picked":"SKIP","floor":11},{"not_picked":["Armaments","Shockwave","Bloodletting"],"picked":"Perfected Strike","floor":14},{"not_picked":["Offering","Exhume","Limit Break"],"picked":"Immolate","floor":16},{"not_picked":["Reckless Charge","Clothesline","Wild Strike"],"picked":"Pommel Strike+1","floor":18},{"not_picked":["Intimidate","Sever Soul","Clash+1","Shockwave+1"],"picked":"SKIP","floor":19},{"not_picked":["Hemokinesis","Anger+1","Rampage+1"],"picked":"Perfected Strike","floor":21},{"not_picked":["Double Tap","Clothesline+1","Carnage+1"],"picked":"Twin Strike+1","floor":22},{"not_picked":["Blood for Blood","True Grit","Body Slam+1"],"picked":"Perfected Strike","floor":23},{"not_picked":["Rampage","Havoc","Wild Strike","Thunderclap"],"picked":"SKIP","floor":24},{"not_picked":["Sentinel","Clash","Second Wind"],"picked":"Berserk","floor":28},{"not_picked":["Searing Blow","Body Slam","Sentinel"],"picked":"Perfected Strike+1","floor":31},{"not_picked":["Reaper","Feed","Exhume"],"picked":"Brutality","floor":33},{"not_picked":["Combust+1","Cleave","Thunderclap"],"picked":"Inflame+1","floor":35},{"not_picked":["Anger+1","Heavy Blade","True Grit"],"picked":"Pommel Strike","floor":37},{"not_picked":["Clash+1","Rage","Infernal Blade+1","Disarm"],"picked":"SKIP","floor":39},{"not_picked":["Spot Weakness","Warcry","Limit Break"],"picked":"Ghostly Armor","floor":40},{"not_picked":["Twin Strike","Thunderclap","Armaments+1"],"picked":"Wild Strike+1","floor":41},{"not_picked":["Entrench+1","Intimidate","Flame Barrier"],"picked":"Perfected Strike","floor":42},{"not_picked":["Armaments","Shockwave+1","Iron Wave"],"picked":"Barricade","floor":44},{"not_picked":["Infernal Blade+1","Headbutt","Thunderclap+1","Carnage"],"picked":"SKIP","floor":46}],"player_experience":277949,"relics_obtained":[{"floor":7,"key":"Strawberry"},{"floor":9,"key":"Eternal Feather"},{"floor":11,"key":"Question Card"},{"floor":20,"key":"Gremlin Horn"},{"floor":23,"key":"Anchor"},{"floor":28,"key":"Happy Flower"},{"floor":31,"key":"Lizard Tail"},{"floor":42,"key":"Dream Catcher"},{"floor":43,"key":"PreservedInsect"},{"floor":44,"key":"CaptainsWheel"},{"floor":46,"key":"Regal Pillow"}],"event_choices":[{"damage_healed":0,"gold_gain":0,"player_choice":"Success","damage_taken":12,"relics_obtained":["Mummified Hand"],"max_hp_gain":0,"max_hp_loss":0,"event_name":"Scrap Ooze","floor":2,"gold_loss":0},{"damage_healed":0,"gold_gain":0,"player_choice":"Upgraded","damage_taken":0,"max_hp_gain":0,"max_hp_loss":0,"event_name":"Upgrade Shrine","floor":4,"gold_loss":0,"cards_upgraded":["Perfected Strike"]},{"damage_healed":0,"gold_gain":0,"player_choice":"Ignored","damage_taken":0,"max_hp_gain":0,"max_hp_loss":0,"event_name":"Vampires","floor":29,"gold_loss":0},{"damage_healed":0,"gold_gain":0,"player_choice":"Gave Potion","damage_taken":0,"relics_obtained":["Ornamental Fan"],"max_hp_gain":0,"max_hp_loss":0,"event_name":"WeMeetAgain","floor":30,"gold_loss":0},{"damage_healed":0,"gold_gain":0,"player_choice":"Fight","damage_taken":0,"max_hp_gain":0,"max_hp_loss":0,"event_name":"Mysterious Sphere","floor":44,"gold_loss":0},{"damage_healed":0,"gold_gain":100,"player_choice":"Pray","damage_taken":0,"max_hp_gain":0,"max_hp_loss":0,"event_name":"Golden Shrine","floor":48,"gold_loss":0}],"is_beta":false,"boss_relics":[{"not_picked":["Tiny House","Black Blood"],"picked":"Philosopher\u0027s Stone"},{"not_picked":["Runic Pyramid","Coffee Dripper"],"picked":"Velvet Choker"}],"items_purged_floors":[36,38],"is_endless":false,"potions_floor_spawned":[3,8,10,11,14,18,23,31,33,35,37,40],"ascension_level":7}}