{"host":"q229ysid750dmjme","time":1608810329,"event":{"mods":["AchievementEnabler","BaseMod","Colored Map","Minty Spire (QoL Compilation)","Prisma Mod","StSLib","The Animator","everything is the same but u backflip on backflip"],"gold_per_floor":[116,128,303,320,133,133,164,164,164,164,176,202,202,221,221,325,325,345,345,345,361,377,377,406,406,433,57,57,68,97,117,117,216,216,235,251,262,19,19,19,48,48,48,59,85,101,41,57,57,57,57,57,0,34,34],"floor_reached":56,"playtime":11447,"items_purged":["Doubt","Strike_P","Defend_P"],"score":1323,"play_id":"968c20c1-ebd6-4405-b9c8-a5133999015c","local_time":"20201224204529","is_ascension_mode":true,"campfire_choices":[{"data":"Eruption","floor":6.0,"key":"SMITH"},{"floor":10.0,"key":"REST"},{"data":"Crescendo","floor":15.0,"key":"SMITH"},{"data":"EmptyFist","floor":23.0,"key":"SMITH"},{"floor":25.0,"key":"REST"},{"data":"Wallop","floor":28.0,"key":"SMITH"},{"data":"SpiritShield","floor":32.0,"key":"SMITH"},{"floor":40.0,"key":"RECALL"},{"data":"FearNoEvil","floor":42.0,"key":"SMITH"},{"data":"DeusExMachina","floor":49.0,"key":"SMITH"},{"data":"Protect","floor":52.0,"key":"SMITH"}],"circlet_count":0,"master_deck":["Strike_P+1","Strike_P+1","Strike_P+1","Defend_P+1","Defend_P+1","Defend_P+1","Eruption+1","Vigilance+1","TalkToTheHand+1","EmptyFist+1","FlurryOfBlows+1","FearNoEvil+1","Crescendo+1","LessonLearned+1","FollowUp+1","Adaptation+1","Wallop+1","SpiritShield+1","WheelKick+1","FlurryOfBlows+1","InnerPeace+1","ConjureBlade+1","WindmillStrike+1","Protect+1","Wallop+1","DeusExMachina+1","SandsOfTime+1","Alpha+1","Protect+1","JustLucky"],"relics":["PureWater","Membership Card","Blue Candle","Happy Flower","Odd Mushroom","Turnip","Snecko Eye","The Courier","Bag of Marbles","Medical Kit","Meat on the Bone","Lantern","InkBottle","Shuriken","VioletLotus","CaptainsWheel","Gambling Chip","Bird Faced Urn","ClockworkSouvenir","Strange Spoon","GoldenEye"],"acts_visited":["Exordium","TheCity","TheBeyond","TheEnding"],"potions_floor_usage":[55],"damage_taken":[{"damage":4.0,"enemies":"Small Slimes","floor":1.0,"turns":3.0},{"damage":0.0,"enemies":"2 Louse","floor":2.0,"turns":3.0},{"damage":0.0,"enemies":"Cultist","floor":4.0,"turns":4.0},{"damage":54.0,"enemies":"Gremlin Nob","floor":7.0,"turns":4.0},{"damage":2.0,"enemies":"Looter","floor":11.0,"turns":3.0},{"damage":7.0,"enemies":"The Mushroom Lair","floor":12.0,"turns":5.0},{"damage":4.0,"enemies":"Gremlin Gang","floor":14.0,"turns":3.0},{"damage":4.0,"enemies":"Slime Boss","floor":16.0,"turns":10.0},{"damage":9.0,"enemies":"Shell Parasite","floor":18.0,"turns":8.0},{"damage":31.0,"enemies":"3 Byrds","floor":21.0,"turns":7.0},{"damage":13.0,"enemies":"Cultist and Chosen","floor":22.0,"turns":8.0},{"damage":17.0,"enemies":"Gremlin Leader","floor":24.0,"turns":4.0},{"damage":0.0,"enemies":"Chosen and Byrds","floor":29.0,"turns":2.0},{"damage":0.0,"enemies":"Book of Stabbing","floor":30.0,"turns":2.0},{"damage":2.0,"enemies":"3 Cultists","floor":31.0,"turns":3.0},{"damage":0.0,"enemies":"Automaton","floor":33.0,"turns":5.0},{"damage":0.0,"enemies":"Orb Walker","floor":35.0,"turns":2.0},{"damage":0.0,"enemies":"3 Darklings","floor":36.0,"turns":2.0},{"damage":1.0,"enemies":"Jaw Worm Horde","floor":37.0,"turns":4.0},{"damage":1.0,"enemies":"Nemesis","floor":41.0,"turns":3.0},{"damage":0.0,"enemies":"Spire Growth","floor":44.0,"turns":2.0},{"damage":0.0,"enemies":"Reptomancer","floor":45.0,"turns":3.0},{"damage":0.0,"enemies":"Maw","floor":46.0,"turns":5.0},{"damage":11.0,"enemies":"Sphere and 2 Shapes","floor":48.0,"turns":4.0},{"damage":8.0,"enemies":"Donu and Deca","floor":50.0,"turns":7.0},{"damage":11.0,"enemies":"Shield and Spear","floor":54.0,"turns":7.0},{"damage":56,"enemies":"The Heart","floor":55,"turns":8}],"seed_played":"-825582328253006735","potions_obtained":[{"floor":2.0,"key":"SpeedPotion"},{"floor":11.0,"key":"EntropicBrew"},{"floor":12.0,"key":"ColorlessPotion"},{"floor":16.0,"key":"Weak Potion"},{"floor":22.0,"key":"Strength Potion"},{"floor":29.0,"key":"AttackPotion"},{"floor":31.0,"key":"DuplicationPotion"},{"floor":33.0,"key":"ColorlessPotion"},{"floor":37.0,"key":"EntropicBrew"},{"floor":41.0,"key":"PowerPotion"},{"floor":44.0,"key":"BottledMiracle"},{"floor":45.0,"key":"Regen Potion"}],"is_trial":false,"path_per_floor":["M","M","?","M","$","R","E","?","T","R","M","?","T","M","R","B",null,"M","?","?","M","M","R","E","R","T","$","R","M","E","M","R","B",null,"M","M","M","$","?","R","E","R","T","M","E","M","$","M","R","B",null,"R","$","E","B",null],"character_chosen":"WATCHER","items_purchased":["Membership Card","Medical Kit","Meat on the Bone","Lantern","InkBottle","CaptainsWheel","DeusExMachina","ClockworkSouvenir","Strange Spoon"],"campfire_rested":2,"item_purchase_floors":[5,27,27,27,27,38,38,47,53],"current_hp_per_floor":[75,75,75,75,75,75,21,26,26,51,49,42,42,38,38,34,84,75,75,75,44,31,31,14,39,39,39,39,51,51,49,49,49,84,84,84,83,83,83,83,82,82,82,82,82,84,84,73,73,81,84,84,84,73,33],"gold":34,"neow_bonus":"TEN_PERCENT_HP_BONUS","is_daily":false,"chose_seed":false,"campfire_upgraded":8,"win_rate":0.0,"timestamp":1608810329,"path_taken":["M","M","?","M","$","R","E","?","T","R","M","?","?","M","R","BOSS","M","?","?","?","M","R","E","R","T","$","R","M","E","M","R","BOSS","M","M","M","$","?","R","E","R","T","M","E","M","$","?","R","BOSS","R","$","E","BOSS"],"items_purchased_type":["Relic","Relic","Relic","Relic","Relic","Relic","Card","Relic","Relic"],"build_version":"2020-12-22","purchased_purges":3,"victory":true,"max_hp_per_floor":[79,79,79,79,79,79,79,84,84,84,84,84,84,84,84,84,84,84,84,84,84,84,84,84,84,84,84,84,84,84,84,84,84,84,84,84,84,84,84,84,84,84,84,84,84,84,84,84,84,84,84,84,84,84,84],"card_choices":[{"not_picked":["FollowUp","Protect"],"picked":"TalkToTheHand","floor":1.0},{"not_picked":["SashWhip","CrushJoints"],"picked":"EmptyFist","floor":2.0},{"not_picked":["JustLucky","EmptyBody"],"picked":"FlurryOfBlows","floor":4.0},{"not_picked":["WaveOfTheHand","SandsOfTime"],"picked":"FearNoEvil","floor":7.0},{"not_picked":["JustLucky","Wallop"],"picked":"Crescendo","floor":11.0},{"not_picked":["Crescendo","SashWhip","ThirdEye"],"picked":"SKIP","floor":14.0},{"not_picked":["Judgement","Vault"],"picked":"LessonLearned","floor":16.0},{"not_picked":["SashWhip","ThirdEye"],"picked":"FollowUp+1","floor":18.0},{"not_picked":["WindmillStrike","Consecrate"],"picked":"Wallop","floor":21.0},{"not_picked":["ForeignInfluence","Conclude"],"picked":"SpiritShield","floor":22.0},{"not_picked":["SashWhip","CutThroughFate"],"picked":"WheelKick+1","floor":24.0},{"not_picked":["Fasting2","FlyingSleeves","Indignation"],"picked":"SKIP","floor":29.0},{"not_picked":["ClearTheMind+1","FlyingSleeves"],"picked":"FlurryOfBlows+1","floor":30.0},{"not_picked":["PathToVictory","Collect"],"picked":"InnerPeace+1","floor":31.0},{"not_picked":["Blasphemy","MasterReality"],"picked":"ConjureBlade","floor":33.0},{"not_picked":["Vengeance+1","Halt"],"picked":"WindmillStrike+1","floor":35.0},{"not_picked":["JustLucky","Perseverance+1"],"picked":"Protect+1","floor":36.0},{"not_picked":["FollowUp+1","Wireheading+1"],"picked":"Wallop+1","floor":37.0},{"not_picked":["PathToVictory+1","FollowUp"],"picked":"SandsOfTime","floor":41.0},{"not_picked":["JustLucky+1","Conclude"],"picked":"Alpha","floor":44.0},{"not_picked":["Crescendo","ClearTheMind+1"],"picked":"Protect","floor":45.0},{"not_picked":["CutThroughFate+1","EmptyMind","JustLucky+1"],"picked":"SKIP","floor":46.0},{"not_picked":["LikeWater","BowlingBash","Wallop+1"],"picked":"SKIP","floor":48.0},{"not_picked":["Weave","FlyingSleeves"],"picked":"JustLucky","floor":54.0}],"player_experience":317109,"relics_obtained":[{"floor":7.0,"key":"Blue Candle"},{"floor":9.0,"key":"Happy Flower"},{"floor":12.0,"key":"Odd Mushroom"},{"floor":13.0,"key":"Turnip"},{"floor":24.0,"key":"The Courier"},{"floor":26.0,"key":"Bag of Marbles"},{"floor":30.0,"key":"Shuriken"},{"floor":41.0,"key":"Gambling Chip"},{"floor":45.0,"key":"Bird Faced Urn"},{"floor":54.0,"key":"GoldenEye"}],"event_choices":[{"damage_healed":0.0,"max_hp_gain":0.0,"max_hp_loss":0.0,"gold_gain":175.0,"event_name":"Liars Game","player_choice":"AGREE","floor":3.0,"gold_loss":0.0,"damage_taken":0.0,"cards_obtained":["Doubt"]},{"damage_healed":0.0,"max_hp_gain":5.0,"max_hp_loss":0.0,"gold_gain":0.0,"event_name":"Big Fish","player_choice":"Donut","floor":8.0,"gold_loss":0.0,"damage_taken":0.0},{"damage_healed":0.0,"max_hp_gain":0.0,"max_hp_loss":0.0,"gold_gain":0.0,"event_name":"Mushrooms","player_choice":"Fought Mushrooms","floor":12.0,"gold_loss":0.0,"damage_taken":0.0},{"damage_healed":0.0,"max_hp_gain":0.0,"max_hp_loss":0.0,"gold_gain":0.0,"event_name":"The Library","player_choice":"Read","floor":19.0,"gold_loss":0.0,"damage_taken":0.0,"cards_obtained":["Adaptation"]},{"damage_healed":0.0,"max_hp_gain":0.0,"max_hp_loss":0.0,"gold_gain":0.0,"event_name":"Accursed Blacksmith","player_choice":"Forge","floor":20.0,"gold_loss":0.0,"damage_taken":0.0,"cards_upgraded":["Adaptation"]},{"damage_healed":0.0,"max_hp_gain":0.0,"max_hp_loss":0.0,"gold_gain":0.0,"event_name":"SecretPortal","player_choice":"Ignored","floor":39.0,"gold_loss":0.0,"damage_taken":0.0}],"is_beta":false,"boss_relics":[{"not_picked":["Fusion Hammer","Ectoplasm"],"picked":"Snecko Eye"},{"not_picked":["Runic Dome","Coffee Dripper"],"picked":"VioletLotus"}],"items_purged_floors":[5,27,38],"is_endless":false,"potions_floor_spawned":[2,11,12,16,22,29,31,33,37,41,44,45],"ascension_level":1}}