{"host":"27tk4xseidcli2mr","time":1608836276,"event":{"mods":["2.2 Compatiblity","AchievementEnabler","Aspiration","BaseMod","Better Third Choice","Conspire","Custom Start","Hubris","Jorbs\u0027s Wanderer Trilogy","Minty Spire (QoL Compilation)","Replay The Spire","StSLib","SuperFastMode","[IsaacMod]????"],"gold_per_floor":[119,119,136,150,176,176,205,205,230,257,274,294,314,314,314,392,392,412,412,428,428,428],"floor_reached":21,"playtime":1025,"items_purged":[],"score":582,"play_id":"1017751f-a621-4b65-9d16-9bb8554aeb60","local_time":"20201224195756","is_ascension_mode":true,"campfire_choices":[{"floor":6.0,"key":"REST"},{"floor":8.0,"key":"REST"},{"data":"Sneak Up","floor":15.0,"key":"SMITH"}],"circlet_count":0,"master_deck":["AscendersBane","Strike_G","Strike_G","Strike_G","Strike_G","Strike_G","Defend_G","Defend_G","Defend_G","Defend_G","Defend_G","Survivor","Neutralize","Bouncing Flask","Sneak Up+1","Bullet Time","Sneak Up","Noxious Fumes+1","Corpse Explosion","ReplayTheSpireMod:Necrosis","Draining Mist","Deadly Poison","stsjorbsmod:Withering","Catalyst"],"relics":["Ring of the Snake","HushsDoor","Ice Cream","Tiny Chest","AnarchistCookbook","Toy Ornithopter","hubris:RunicObelisk","hubris:TenFootPole"],"acts_visited":["Exordium","TheCity"],"potions_floor_usage":[21],"damage_taken":[{"damage":6.0,"enemies":"Small Slimes","floor":1.0,"turns":5.0},{"damage":0.0,"enemies":"Cultist","floor":3.0,"turns":4.0},{"damage":1.0,"enemies":"Jaw Worm","floor":4.0,"turns":4.0},{"damage":28.0,"enemies":"conspire:MimicChest","floor":5.0,"turns":5.0},{"damage":30.0,"enemies":"Lagavulin","floor":7.0,"turns":8.0},{"damage":0.0,"enemies":"3 Sentries","floor":10.0,"turns":3.0},{"damage":15.0,"enemies":"Large Slime","floor":11.0,"turns":7.0},{"damage":0.0,"enemies":"3 Louse","floor":12.0,"turns":5.0},{"damage":9.0,"enemies":"2 Fungi Beasts","floor":13.0,"turns":5.0},{"damage":0.0,"enemies":"Slime Boss","floor":16.0,"turns":3.0},{"damage":50.0,"enemies":"conspire:FuzzyDice","floor":18.0,"turns":6.0},{"damage":4.0,"enemies":"2 Thieves","floor":20.0,"turns":4.0},{"damage":21,"enemies":"Cultist and Chosen","floor":21,"turns":3}],"seed_played":"-1711719021348057279","potions_obtained":[{"floor":1.0,"key":"SkillPotion"},{"floor":3.0,"key":"Milkshake"},{"floor":7.0,"key":"LiquidBronze"},{"floor":10.0,"key":"SneckoOil"},{"floor":13.0,"key":"Reflective Coating"},{"floor":16.0,"key":"PowerPotion"}],"is_trial":false,"path_per_floor":["M","?","M","M","?","R","E","R","T","E","M","M","M","?","R","B",null,"M","?","M","M"],"character_chosen":"THE_SILENT","items_purchased":["Draining Mist"],"campfire_rested":2,"item_purchase_floors":[17],"current_hp_per_floor":[59,59,59,58,30,51,21,42,42,42,27,27,18,18,18,28,59,9,9,5,0,0],"gold":428,"neow_bonus":"TEN_PERCENT_HP_BONUS","is_daily":false,"chose_seed":false,"campfire_upgraded":1,"win_rate":0.0,"timestamp":1608836276,"path_taken":["M","?","M","M","?","R","E","R","T","E","M","M","M","?","R","BOSS","M","?","M","M"],"items_purchased_type":["Card"],"build_version":"2020-12-22","purchased_purges":0,"victory":false,"max_hp_per_floor":[72,72,72,72,72,72,72,72,72,72,72,72,72,72,72,72,69,69,69,69,69,69],"card_choices":[{"not_picked":["Flying Knee","Blur"],"picked":"Bouncing Flask","floor":1.0},{"not_picked":["Slice","Dodge and Roll"],"picked":"Sneak Up","floor":3.0},{"not_picked":["Bomb","Deflect"],"picked":"Bullet Time","floor":4.0},{"not_picked":["Prepared","hubris:TrickCloak"],"picked":"Sneak Up","floor":5.0},{"not_picked":["Sneak Up","hubris:SlightOfHand","Deflect"],"picked":"SKIP","floor":7.0},{"not_picked":["Slice","Predator"],"picked":"Noxious Fumes","floor":10.0},{"not_picked":["All Out Attack","Choke","Escape Plan"],"picked":"SKIP","floor":11.0},{"not_picked":["Terror","Leg Sweep","Acrobatics"],"picked":"SKIP","floor":12.0},{"not_picked":["hubris:SlightOfHand","Dodge and Roll"],"picked":"Corpse Explosion","floor":13.0},{"not_picked":["Tools of the Trade","Wraith Form v2"],"picked":"ReplayTheSpireMod:Necrosis","floor":16.0},{"not_picked":["Endless Agony","Escape Plan"],"picked":"Deadly Poison","floor":18.0},{"not_picked":["Acrobatics","Blade Dance+1"],"picked":"Catalyst","floor":20.0}],"player_experience":1225830,"relics_obtained":[{"floor":5.0,"key":"Ice Cream"},{"floor":7.0,"key":"Tiny Chest"},{"floor":10.0,"key":"Toy Ornithopter"}],"event_choices":[],"is_beta":false,"boss_relics":[{"not_picked":["HoveringKite","Replay:Bronze Core"],"picked":"hubris:RunicObelisk"},{"not_picked":[]}],"items_purged_floors":[],"is_endless":false,"potions_floor_spawned":[1,3,7,10,13,16],"killed_by":"Cultist and Chosen","ascension_level":20}}