{"host":"kdt6w7ix8lwe69i9","time":1608787357,"event":{"mods":["Bartender","BaseMod","Downfall","Fiend Mod","Jorbs\u0027s Wanderer Trilogy","Minty Spire (QoL Compilation)","Reimu（博丽灵梦）","Robot Space Explorer","StSLib","The Cursed","The Disciple","The Dragon Tamer","The Druid","The Elementalist","The Forsaken","The Gatherer","The Judge","TheBandit"],"gold_per_floor":[160,171,171,171,18,18,32,32,32,66,79,79,98,117,117,216,216,228,45,45,65,77,77,91,100,123,407,407,445,474,67,67,47,47],"floor_reached":33,"playtime":3456,"items_purged":[],"score":292,"play_id":"32c4860a-e141-4edd-928a-26c73a0f444b","local_time":"20201224002237","is_ascension_mode":false,"campfire_choices":[{"data":"TheCursedMod:SpitefulStrike","floor":6,"key":"SMITH"},{"data":"TheCursedMod:Grudge","floor":8,"key":"SMITH"},{"floor":12,"key":"REST"},{"data":"TheCursedMod:CircleOfFocus","floor":15,"key":"SMITH"},{"floor":23,"key":"REST"},{"floor":28,"key":"REST"},{"data":"TheCursedMod:CollectTribute","floor":32,"key":"SMITH"}],"circlet_count":0,"master_deck":["TheCursedMod:Strike_TheCursed","TheCursedMod:Strike_TheCursed+1","TheCursedMod:Defend_TheCursed","TheCursedMod:Defend_TheCursed","TheCursedMod:Defend_TheCursed","TheCursedMod:Defend_TheCursed","TheCursedMod:CursedWand","TheCursedMod:CleanUpWorkshop+1","TheCursedMod:Dregs","TheCursedMod:Stigma","TheCursedMod:Stigma","TheCursedMod:SurpriseAttack","TheCursedMod:SpitefulStrike+1","TheCursedMod:CursedBoomerang","TheCursedMod:CursedShiv","TheCursedMod:VitalStrike","TheCursedMod:Torture","TheCursedMod:Grudge+1","TheCursedMod:ReleasedStrength","TheCursedMod:CircleOfBlood","TheCursedMod:CircleOfFocus+1","TheCursedMod:FleshFromBone","TheCursedMod:CircleOfAbyss","TheCursedMod:CursedMace+1","Magnetism","TheCursedMod:CircleOfFocus","TheCursedMod:CircleOfCorruption","TheCursedMod:HellfireBreathing","TheCursedMod:Obscuration","TheCursedMod:CollectTribute+1","Shame","Regret","TheCursedMod:SmokeScreen","TheCursedMod:WearCloak","TheCursedMod:Hemoplague","TheCursedMod:AbyssShockwave"],"relics":["Tiny House","Orrery","TheCursedMod:SoulVessel","Runic Pyramid","CeramicFish","theForsaken:Lifeblossom","Centennial Puzzle","Thread and Needle"],"acts_visited":["Exordium","TheCity"],"potions_floor_usage":[10,10,10,13,18,21,29],"damage_taken":[{"damage":3,"enemies":"Small Slimes","floor":1,"turns":3},{"damage":4,"enemies":"2 Louse","floor":2,"turns":2},{"damage":7,"enemies":"Jaw Worm","floor":7,"turns":1},{"damage":19,"enemies":"3 Sentries","floor":10,"turns":8},{"damage":8,"enemies":"Red Slaver","floor":11,"turns":2},{"damage":12,"enemies":"Exordium Wildlife","floor":13,"turns":2},{"damage":4,"enemies":"Blue Slaver","floor":14,"turns":2},{"damage":57,"enemies":"The Guardian","floor":16,"turns":9},{"damage":7,"enemies":"Shell Parasite","floor":18,"turns":3},{"damage":12,"enemies":"3 Byrds","floor":21,"turns":5},{"damage":12,"enemies":"Centurion and Healer","floor":22,"turns":8},{"damage":46,"enemies":"3 Cultists","floor":24,"turns":8},{"damage":2,"enemies":"Book of Stabbing","floor":29,"turns":4},{"damage":26,"enemies":"Snake Plant","floor":30,"turns":3},{"damage":66,"enemies":"Automaton","floor":33,"turns":6}],"seed_played":"-7688236408627179585","potions_obtained":[{"floor":0,"key":"MagicPotion:ReiMu"},{"floor":1,"key":"Dexterity Potion"},{"floor":7,"key":"Dexterity Potion"},{"floor":10,"key":"ColorlessPotion"},{"floor":16,"key":"DistilledChaos"},{"floor":18,"key":"GamblersBrew"},{"floor":24,"key":"ColorlessPotion"}],"is_trial":false,"path_per_floor":["M","M","?","?","$","R","M","R","T","E","M","R","M","M","R","B",null,"M","$","?","M","M","R","M","?","T","?","R","E","M","$","R","B"],"character_chosen":"THE_CURSED","items_purchased":["Orrery","Magnetism","Thread and Needle","TheCursedMod:Hemoplague","TheCursedMod:AbyssShockwave"],"campfire_rested":3,"item_purchase_floors":[5,19,31,31,31],"current_hp_per_floor":[77,73,73,73,73,73,66,66,66,47,39,63,51,53,53,5,80,75,75,75,71,65,80,38,38,38,38,62,70,55,55,55,0,0],"gold":47,"neow_bonus":"BOSS_RELIC","is_daily":false,"chose_seed":false,"campfire_upgraded":4,"win_rate":0.0,"timestamp":1608787357,"path_taken":["M","M","?","?","?","R","M","R","T","E","M","R","M","?","R","BOSS","M","$","?","M","M","R","M","?","T","?","R","E","M","$","R","BOSS"],"items_purchased_type":["Relic","Card","Relic","Card","Card"],"build_version":"2020-12-22","purchased_purges":0,"victory":false,"max_hp_per_floor":[80,80,80,80,80,80,80,80,80,80,80,80,80,80,80,80,80,80,80,80,80,80,80,80,80,80,80,80,80,80,80,80,80,80],"card_choices":[{"not_picked":["TheCursedMod:Wield","TheCursedMod:TacticalStrike"],"picked":"TheCursedMod:Stigma","floor":0},{"not_picked":["TheCursedMod:CircleOfAmplification","TheCursedMod:CircleOfWindfury"],"picked":"TheCursedMod:Stigma","floor":1},{"not_picked":["TheCursedMod:DoubleShield","TheCursedMod:EmpowerCircles"],"picked":"TheCursedMod:SurpriseAttack","floor":2},{"not_picked":["TheCursedMod:RavingStaff","TheCursedMod:WearCloak"],"picked":"TheCursedMod:SpitefulStrike","floor":5},{"not_picked":["TheCursedMod:SpitefulStrike","TheCursedMod:Torture"],"picked":"TheCursedMod:CursedBoomerang","floor":5},{"not_picked":["TheCursedMod:FleshFromBone","TheCursedMod:ReleasedKnowledge"],"picked":"TheCursedMod:CursedShiv","floor":5},{"not_picked":["TheCursedMod:Torture","TheCursedMod:Wield"],"picked":"TheCursedMod:VitalStrike","floor":5},{"not_picked":["TheCursedMod:Obscuration","TheCursedMod:RapidMovement"],"picked":"TheCursedMod:Torture","floor":5},{"not_picked":["TheCursedMod:Torture","TheCursedMod:RapidMovement"],"picked":"TheCursedMod:Grudge","floor":7},{"not_picked":["TheCursedMod:RavingStaff","TheCursedMod:ManaCirculation"],"picked":"TheCursedMod:ReleasedStrength","floor":10},{"not_picked":["TheCursedMod:CircleOfAmplification","TheCursedMod:Stigma"],"picked":"TheCursedMod:CircleOfBlood","floor":11},{"not_picked":["TheCursedMod:Stretching","TheCursedMod:CircleOfAmplification"],"picked":"TheCursedMod:CircleOfFocus","floor":13},{"not_picked":["TheCursedMod:Torture","TheCursedMod:SmokeScreen"],"picked":"TheCursedMod:FleshFromBone","floor":14},{"not_picked":["TheCursedMod:Neurasthenia","TheCursedMod:StunningStrike"],"picked":"TheCursedMod:CircleOfAbyss","floor":16},{"not_picked":["TheCursedMod:Torture","TheCursedMod:RavingStaff"],"picked":"TheCursedMod:CursedMace+1","floor":18},{"not_picked":["TheCursedMod:SpitefulStrike","TheCursedMod:SurpriseAttack"],"picked":"TheCursedMod:HellfireBreathing","floor":21},{"not_picked":["TheCursedMod:Wield","TheCursedMod:RapidMovement"],"picked":"TheCursedMod:Obscuration","floor":22},{"not_picked":["TheCursedMod:Stretching+1","TheCursedMod:AshesToAshes"],"picked":"TheCursedMod:CollectTribute","floor":24},{"not_picked":["TheCursedMod:BloodBarrier","TheCursedMod:Obscuration+1"],"picked":"TheCursedMod:SmokeScreen","floor":29},{"not_picked":["TheCursedMod:ReleasedStrength","TheCursedMod:BloodBarrier"],"picked":"TheCursedMod:WearCloak","floor":30}],"player_experience":1593692,"relics_obtained":[{"floor":10,"key":"TheCursedMod:SoulVessel"},{"floor":26,"key":"theForsaken:Lifeblossom"},{"floor":29,"key":"Centennial Puzzle"}],"event_choices":[{"damage_healed":0,"gold_gain":0,"player_choice":"Grow","damage_taken":0,"max_hp_gain":0,"max_hp_loss":0,"event_name":"Living Wall","floor":3,"gold_loss":0,"cards_upgraded":["TheCursedMod:CleanUpWorkshop"]},{"damage_healed":0,"gold_gain":0,"cards_transformed":["TheCursedMod:Strike_TheCursed","TheCursedMod:Strike_TheCursed"],"player_choice":"Became Test Subject","damage_taken":0,"max_hp_gain":0,"max_hp_loss":0,"event_name":"Drug Dealer","floor":20,"gold_loss":0,"cards_obtained":["TheCursedMod:CircleOfFocus","TheCursedMod:CircleOfCorruption"]},{"damage_healed":0,"gold_gain":0,"player_choice":"Stole Relic","damage_taken":0,"relics_obtained":["CeramicFish"],"max_hp_gain":0,"max_hp_loss":0,"event_name":"Addict","floor":25,"gold_loss":0,"cards_obtained":["Shame"]},{"damage_healed":0,"gold_gain":275,"player_choice":"Desecrate","damage_taken":0,"max_hp_gain":0,"max_hp_loss":0,"event_name":"Golden Shrine","floor":27,"gold_loss":0,"cards_obtained":["Regret"]}],"is_beta":false,"boss_relics":[{"not_picked":["Pandora\u0027s Box","RedLine:ReiMu"],"picked":"Runic Pyramid"}],"items_purged_floors":[],"is_endless":false,"potions_floor_spawned":[1,7,10,16,18,24],"killed_by":"Automaton","ascension_level":0}}