{"host":"7i2b4pyo6x2376bs","time":1608779470,"event":{"mods":["BaseMod","Better Note","Colored Map","Highlight Path","Minty Spire (QoL Compilation)","Quick Restart","Rare Cards Sparkle","Shop Mod","StSLib","The Jungle"],"gold_per_floor":[211,225,175,192,192,220,220,237,237,263,274,287,317,329,329,329,329],"floor_reached":16,"playtime":1481,"items_purged":[],"score":177,"play_id":"e34b58ce-b8b8-4277-bedc-1451dd0231c1","local_time":"20201223191110","is_ascension_mode":true,"campfire_choices":[{"floor":7,"key":"RECALL"},{"floor":15,"key":"REST"}],"circlet_count":0,"master_deck":["AscendersBane","Strike_R","Strike_R","Strike_R","Strike_R","Defend_R","Defend_R","Defend_R","Defend_R","Bash","Thunderclap","Clash","Clash","Spot Weakness","Dropkick","Double Tap","Thunderclap","Flame Barrier","Whirlwind"],"relics":["Burning Blood","Oddly Smooth Stone","Calipers"],"acts_visited":["Exordium"],"potions_floor_usage":[16],"damage_taken":[{"damage":13,"enemies":"Jaw Worm","floor":1,"turns":5},{"damage":0,"enemies":"2 Louse","floor":2,"turns":2},{"damage":7,"enemies":"Small Slimes","floor":4,"turns":3},{"damage":8,"enemies":"Gremlin Nob","floor":6,"turns":3},{"damage":5,"enemies":"Looter","floor":8,"turns":2},{"damage":44,"enemies":"Lagavulin","floor":10,"turns":4},{"damage":21,"enemies":"Red Slaver","floor":11,"turns":4},{"damage":12,"enemies":"Large Slime","floor":12,"turns":6},{"damage":6,"enemies":"2 Fungi Beasts","floor":14,"turns":3},{"damage":68,"enemies":"Slime Boss","floor":16,"turns":9}],"seed_played":"4673608318682591152","potions_obtained":[{"floor":2,"key":"GamblersBrew"},{"floor":10,"key":"FearPotion"},{"floor":11,"key":"FairyPotion"},{"floor":14,"key":"DuplicationPotion"}],"is_trial":false,"path_per_floor":["M","M","?","M","?","E","R","M","T","E","M","M","?","M","R","B"],"character_chosen":"IRONCLAD","items_purchased":[],"campfire_rested":1,"item_purchase_floors":[],"current_hp_per_floor":[65,71,71,70,75,73,73,74,74,36,21,15,15,15,40,0,0],"gold":329,"neow_bonus":"HUNDRED_GOLD","is_daily":false,"chose_seed":false,"campfire_upgraded":0,"win_rate":0.0,"timestamp":1608779470,"path_taken":["M","M","?","M","?","E","R","M","T","E","M","M","?","M","R","BOSS"],"items_purchased_type":[],"build_version":"2020-12-22","purchased_purges":0,"victory":false,"max_hp_per_floor":[80,80,80,80,85,85,85,85,85,85,85,85,85,85,85,85,85],"card_choices":[{"not_picked":["Clothesline","Twin Strike"],"picked":"Thunderclap","floor":1},{"not_picked":["Armaments","Body Slam"],"picked":"Clash","floor":2},{"not_picked":["Sever Soul","Anger"],"picked":"Clash","floor":4},{"not_picked":["Fiend Fire","Body Slam"],"picked":"Spot Weakness","floor":6},{"not_picked":["Body Slam","Havoc"],"picked":"Dropkick","floor":8},{"not_picked":["Sword Boomerang","Perfected Strike"],"picked":"Double Tap","floor":10},{"not_picked":["Havoc","True Grit"],"picked":"Thunderclap","floor":11},{"not_picked":["Metallicize","Havoc"],"picked":"Flame Barrier","floor":12},{"not_picked":["Reckless Charge","Shrug It Off"],"picked":"Whirlwind","floor":14}],"player_experience":669614,"relics_obtained":[{"floor":6,"key":"Oddly Smooth Stone"},{"floor":10,"key":"Calipers"}],"event_choices":[{"cards_removed":["Strike_R"],"damage_healed":0,"gold_gain":0,"player_choice":"Card Removal","damage_taken":0,"max_hp_gain":0,"max_hp_loss":0,"event_name":"The Cleric","floor":3,"gold_loss":50},{"damage_healed":0,"gold_gain":0,"player_choice":"Donut","damage_taken":0,"max_hp_gain":5,"max_hp_loss":0,"event_name":"Big Fish","floor":5,"gold_loss":0},{"damage_healed":0,"gold_gain":30,"player_choice":"Searched \u00272\u0027 times","damage_taken":0,"max_hp_gain":0,"max_hp_loss":0,"event_name":"Dead Adventurer","floor":13,"gold_loss":0}],"is_beta":false,"boss_relics":[],"items_purged_floors":[],"is_endless":false,"potions_floor_spawned":[2,10,11,12,14],"killed_by":"Slime Boss","ascension_level":11}}