{"host":"7i2b4pyo6x2376bs","time":1608775486,"event":{"mods":["BaseMod","Better Note","Colored Map","Highlight Path","Minty Spire (QoL Compilation)","Quick Restart","Rare Cards Sparkle","Shop Mod","StSLib","The Jungle"],"gold_per_floor":[113,388,402,106,123,123,123,161,161,185,185,185,29,63,63,63,63],"floor_reached":16,"playtime":879,"items_purged":["Regret"],"score":167,"play_id":"0921200a-9697-4658-b4e7-9695055b6860","local_time":"20201223180446","is_ascension_mode":true,"campfire_choices":[{"floor":6,"key":"RECALL"},{"floor":12,"key":"REST"},{"data":"Carnage","floor":15,"key":"SMITH"}],"circlet_count":0,"master_deck":["AscendersBane","Strike_R","Strike_R","Strike_R","Strike_R","Defend_R","Defend_R","Defend_R","Defend_R","Bash","Heavy Blade","Reaper","Carnage+1","Injury","Shockwave","Offering","Flex","Barricade"],"relics":["Burning Blood","PreservedInsect","Golden Idol","Ornamental Fan","Lizard Tail","Dream Catcher","Orichalcum","Bottled Flame"],"acts_visited":["Exordium"],"potions_floor_usage":[8,14],"damage_taken":[{"damage":4,"enemies":"2 Louse","floor":1,"turns":3},{"damage":6,"enemies":"Cultist","floor":3,"turns":3},{"damage":14,"enemies":"Jaw Worm","floor":5,"turns":5},{"damage":29,"enemies":"Lagavulin","floor":8,"turns":5},{"damage":7,"enemies":"Large Slime","floor":10,"turns":6},{"damage":13,"enemies":"3 Sentries","floor":14,"turns":5},{"damage":122,"enemies":"Hexaghost","floor":16,"turns":14}],"seed_played":"-791745101172122346","potions_obtained":[{"floor":5,"key":"LiquidMemories"},{"floor":10,"key":"Energy Potion"}],"is_trial":false,"path_per_floor":["M","?","M","$","M","R","?","E","T","M","?","R","$","E","R","B"],"character_chosen":"IRONCLAD","items_purchased":["Reaper","PreservedInsect","Orichalcum"],"campfire_rested":1,"item_purchase_floors":[4,4,13],"current_hp_per_floor":[74,74,74,74,66,66,66,49,49,48,48,72,72,77,77,0,0],"gold":63,"neow_bonus":"REMOVE_CARD","is_daily":false,"chose_seed":false,"campfire_upgraded":1,"win_rate":0.0,"timestamp":1608775486,"path_taken":["M","?","M","$","?","R","?","E","T","M","?","R","?","E","R","BOSS"],"items_purchased_type":["Card","Relic","Relic"],"build_version":"2020-12-22","purchased_purges":1,"victory":false,"max_hp_per_floor":[80,80,80,80,80,80,80,80,80,80,80,80,80,80,80,80,80],"card_choices":[{"not_picked":["Body Slam","Warcry"],"picked":"Heavy Blade","floor":1},{"not_picked":["Wild Strike","Warcry","Armaments"],"picked":"SKIP","floor":3},{"not_picked":["Rage","Fire Breathing"],"picked":"Carnage","floor":5},{"not_picked":["Clothesline","Flex"],"picked":"Shockwave","floor":8},{"not_picked":["Twin Strike","Pommel Strike"],"picked":"Offering","floor":10},{"not_picked":["True Grit","Iron Wave"],"picked":"Flex","floor":12},{"not_picked":["Havoc","Sentinel"],"picked":"Barricade","floor":14}],"player_experience":667090,"relics_obtained":[{"floor":8,"key":"Ornamental Fan"},{"floor":9,"key":"Lizard Tail"},{"floor":14,"key":"Bottled Flame"}],"event_choices":[{"damage_healed":0,"gold_gain":275,"player_choice":"Desecrate","damage_taken":0,"max_hp_gain":0,"max_hp_loss":0,"event_name":"Golden Shrine","floor":2,"gold_loss":0,"cards_obtained":["Regret"]},{"damage_healed":0,"gold_gain":0,"player_choice":"Take Wound","damage_taken":0,"relics_obtained":["Golden Idol"],"max_hp_gain":0,"max_hp_loss":0,"event_name":"Golden Idol","floor":7,"gold_loss":0,"cards_obtained":["Injury"]},{"damage_healed":0,"gold_gain":0,"player_choice":"Searched \u00271\u0027 times","damage_taken":0,"relics_obtained":["Dream Catcher"],"max_hp_gain":0,"max_hp_loss":0,"event_name":"Dead Adventurer","floor":11,"gold_loss":0}],"is_beta":false,"boss_relics":[],"items_purged_floors":[4],"is_endless":false,"potions_floor_spawned":[5,10],"killed_by":"Hexaghost","ascension_level":11}}