{"host":"2se5dq1do2gp0x9k","time":1608799362,"event":{"mods":["AchievementEnabler","BaseMod","Block Reminder","Colored Map","Colored Powertips","Minty Spire (QoL Compilation)","Relic Stats","StSLib","SuperFastMode"],"gold_per_floor":[20,34,34,34,51,51,81,81,81,81,112,5,18,33,33,106,106,120,120,120,132,0,0,0,0,0,27,43,55,55,89,89,168,168,187,201,201,219,219,244,124,159,159,188,20,39,69,69,69,69,69,69],"floor_reached":51,"playtime":2346,"items_purged":["Strike_B","Dualcast"],"score":1972,"play_id":"f3ba295e-4f35-416d-a06b-53bdd71e3653","local_time":"20201224004242","is_ascension_mode":true,"campfire_choices":[{"data":"Hologram","floor":6.0,"key":"SMITH"},{"data":"Hologram","floor":8.0,"key":"SMITH"},{"data":"Zap","floor":10.0,"key":"SMITH"},{"data":"Sunder","floor":15.0,"key":"SMITH"},{"data":"Beam Cell","floor":23.0,"key":"SMITH"},{"data":"Buffer","floor":25.0,"key":"SMITH"},{"floor":32.0,"key":"RECALL"},{"data":"Buffer","floor":49.0,"key":"SMITH"}],"circlet_count":0,"master_deck":["AscendersBane","Defend_B+1","Defend_B+1","Defend_B+1","Defend_B+1","Zap+1","Gash","Hologram+1","Hologram+1","Undo","Sunder+1","Beam Cell+1","Streamline","Buffer+1","CurseOfTheBell","Coolheaded+1","All For One","Gash","Self Repair","Ghostly+1","Ghostly+1","Ghostly+1","Skim+1","Buffer+1","Darkness+1","Self Repair+1","Gash","BootSequence+1","Hologram+1","Redo+1","Chaos+1","All For One","Hologram+1","Go for the Eyes","Seek+1"],"relics":["Cracked Core","FossilizedHelix","The Courier","Ornamental Fan","Blue Candle","Symbiotic Virus","Calling Bell","Pocketwatch","Toxic Egg 2","Orichalcum","Matryoshka","Eternal Feather","Astrolabe","Meat on the Bone","Oddly Smooth Stone","Regal Pillow","Bag of Marbles","Bronze Scales","Bottled Flame"],"acts_visited":["Exordium","TheCity","TheBeyond"],"potions_floor_usage":[50],"damage_taken":[{"damage":1.0,"enemies":"Cultist","floor":1.0,"turns":4.0},{"damage":8.0,"enemies":"2 Louse","floor":2.0,"turns":2.0},{"damage":0.0,"enemies":"Jaw Worm","floor":5.0,"turns":3.0},{"damage":32.0,"enemies":"Lagavulin","floor":7.0,"turns":7.0},{"damage":18.0,"enemies":"3 Sentries","floor":11.0,"turns":9.0},{"damage":0.0,"enemies":"Exordium Wildlife","floor":13.0,"turns":2.0},{"damage":0.0,"enemies":"Blue Slaver","floor":14.0,"turns":3.0},{"damage":10.0,"enemies":"Hexaghost","floor":16.0,"turns":8.0},{"damage":0.0,"enemies":"Spheric Guardian","floor":18.0,"turns":4.0},{"damage":0.0,"enemies":"Chosen","floor":21.0,"turns":4.0},{"damage":0.0,"enemies":"Gremlin Leader","floor":27.0,"turns":6.0},{"damage":0.0,"enemies":"Shelled Parasite and Fungi","floor":28.0,"turns":5.0},{"damage":0.0,"enemies":"Snecko","floor":29.0,"turns":5.0},{"damage":10.0,"enemies":"Slavers","floor":31.0,"turns":5.0},{"damage":0.0,"enemies":"Collector","floor":33.0,"turns":8.0},{"damage":0.0,"enemies":"3 Shapes","floor":35.0,"turns":7.0},{"damage":0.0,"enemies":"Orb Walker","floor":36.0,"turns":4.0},{"damage":24.0,"enemies":"Spire Growth","floor":38.0,"turns":6.0},{"damage":9.0,"enemies":"Reptomancer","floor":40.0,"turns":8.0},{"damage":0.0,"enemies":"Giant Head","floor":42.0,"turns":8.0},{"damage":0.0,"enemies":"Nemesis","floor":44.0,"turns":9.0},{"damage":9.0,"enemies":"3 Darklings","floor":46.0,"turns":6.0},{"damage":0.0,"enemies":"Reptomancer","floor":47.0,"turns":6.0},{"damage":0,"enemies":"Donu and Deca","floor":50,"turns":10},{"damage":41,"enemies":"Time Eater","floor":51,"turns":7}],"seed_played":"-4915130748675993706","potions_obtained":[{"floor":7.0,"key":"Block Potion"},{"floor":11.0,"key":"DuplicationPotion"},{"floor":13.0,"key":"Regen Potion"},{"floor":21.0,"key":"Weak Potion"},{"floor":31.0,"key":"GamblersBrew"},{"floor":36.0,"key":"Ancient Potion"},{"floor":40.0,"key":"Weak Potion"},{"floor":47.0,"key":"PowerPotion"}],"is_trial":false,"path_per_floor":["M","M","T","?","M","R","E","R","T","R","E","$","M","M","R","B",null,"M","?","?","M","$","R","?","R","T","E","M","M","?","E","R","B",null,"M","M","?","M","?","E","$","E","T","E","$","M","E","?","R","B","B"],"character_chosen":"DEFECT","items_purchased":["Sunder","Beam Cell","Gash","Self Repair","Hologram+1","All For One","Hologram+1"],"campfire_rested":0,"item_purchase_floors":[12,12,22,22,41,45,45],"current_hp_per_floor":[63,55,55,60,60,60,28,28,28,28,10,10,10,10,10,15,61,61,61,39,39,39,39,39,39,39,40,40,40,40,37,40,40,40,40,40,38,24,24,32,32,32,32,38,38,38,38,38,38,38,0,0],"gold":69,"neow_bonus":"ONE_RARE_RELIC","is_daily":false,"chose_seed":false,"campfire_upgraded":7,"win_rate":0.0,"timestamp":1608799362,"path_taken":["M","M","?","?","M","R","E","R","T","R","E","?","?","M","R","BOSS","M","?","?","M","$","R","?","R","T","E","M","?","?","E","R","BOSS","M","M","?","M","?","E","$","E","T","E","$","?","E","?","R","BOSS","BOSS"],"items_purchased_type":["Card","Card","Card","Card","Card","Card","Card"],"build_version":"2020-12-22","purchased_purges":2,"victory":false,"max_hp_per_floor":[71,71,71,76,76,76,76,76,76,76,76,76,76,76,76,76,76,76,76,81,81,81,81,40,40,40,40,40,40,40,40,40,40,40,40,40,38,38,38,38,38,38,38,38,38,38,38,38,38,38,38,38],"relic_stats":{"Regal Pillow":0,"counters":[25,146],"Ornamental Fan":[192],"Blue Candle":[2],"Astrolabe":["Darkness","Self Repair","Streamline"],"Bronze Scales":[126],"Eternal Feather":3,"Orichalcum":[192],"obtain_stats":[{"Regal Pillow":43,"Blue Candle":9,"Astrolabe":34,"Oddly Smooth Stone":42,"Eternal Feather":31,"The Courier":3,"Orichalcum":17,"Calling Bell":17,"Bottled Flame":47,"Matryoshka":27,"Ornamental Fan":7,"Bronze Scales":44,"Bag of Marbles":43,"Toxic Egg 2":17,"Cracked Core":0,"Symbiotic Virus":11,"FossilizedHelix":0,"Pocketwatch":17,"Meat on the Bone":40},{"Regal Pillow":20,"Blue Candle":4,"Astrolabe":15,"Oddly Smooth Stone":20,"Eternal Feather":14,"The Courier":2,"Orichalcum":8,"Calling Bell":8,"Bottled Flame":23,"Matryoshka":11,"Ornamental Fan":4,"Bronze Scales":21,"Bag of Marbles":20,"Toxic Egg 2":8,"Cracked Core":0,"Symbiotic Virus":5,"FossilizedHelix":0,"Pocketwatch":8,"Meat on the Bone":19},{"Regal Pillow":108,"Blue Candle":16,"Astrolabe":75,"Oddly Smooth Stone":108,"Eternal Feather":67,"The Courier":6,"Orichalcum":38,"Calling Bell":38,"Bottled Flame":129,"Matryoshka":52,"Ornamental Fan":16,"Bronze Scales":117,"Bag of Marbles":108,"Toxic Egg 2":38,"Cracked Core":0,"Symbiotic Virus":25,"FossilizedHelix":0,"Pocketwatch":38,"Meat on the Bone":100}],"Pocketwatch":[102],"Meat on the Bone":0},"card_choices":[{"not_picked":["Compile Driver","Redo"],"picked":"Gash","floor":1.0},{"not_picked":["Turbo","Conserve Battery"],"picked":"Hologram","floor":2.0},{"not_picked":["Barrage","Heatsinks","Turbo"],"picked":"SKIP","floor":5.0},{"not_picked":["Rebound","Storm"],"picked":"Hologram","floor":7.0},{"not_picked":["Barrage","Rebound"],"picked":"Undo","floor":11.0},{"not_picked":["Force Field","Rebound"],"picked":"Streamline","floor":13.0},{"not_picked":["Hyperbeam","Ball Lightning","Heatsinks"],"picked":"SKIP","floor":14.0},{"not_picked":["Rainbow","Thunder Strike"],"picked":"Buffer","floor":16.0},{"not_picked":["Gash","Scrape"],"picked":"Coolheaded+1","floor":18.0},{"not_picked":["Melter","Recycle+1"],"picked":"All For One","floor":21.0},{"not_picked":["Streamline","Conserve Battery+1","Scrape"],"picked":"SKIP","floor":27.0},{"not_picked":["White Noise+1","Stack+1","Compile Driver"],"picked":"SKIP","floor":28.0},{"not_picked":["Conserve Battery+1","Streamline","Leap+1"],"picked":"SKIP","floor":29.0},{"not_picked":["Genetic Algorithm+1","Streamline"],"picked":"Skim+1","floor":31.0},{"not_picked":["Hyperbeam","Amplify+1"],"picked":"Buffer","floor":33.0},{"not_picked":["Barrage","Lockon"],"picked":"Gash","floor":35.0},{"not_picked":["Scrape","Cold Snap","Defragment"],"picked":"SKIP","floor":36.0},{"not_picked":["Aggregate+1","Tempest+1","Doom and Gloom"],"picked":"SKIP","floor":38.0},{"not_picked":["Sweeping Beam","Gash"],"picked":"BootSequence+1","floor":40.0},{"not_picked":["Streamline","Turbo+1"],"picked":"Redo+1","floor":42.0},{"not_picked":["Doom and Gloom+1","Darkness+1"],"picked":"Chaos+1","floor":44.0},{"not_picked":["Force Field+1","Barrage"],"picked":"Go for the Eyes","floor":46.0},{"not_picked":["Hyperbeam","Conserve Battery+1"],"picked":"Seek+1","floor":47.0}],"player_experience":3615350,"relics_obtained":[{"floor":3.0,"key":"The Courier"},{"floor":7.0,"key":"Ornamental Fan"},{"floor":9.0,"key":"Blue Candle"},{"floor":11.0,"key":"Symbiotic Virus"},{"floor":17.0,"key":"Pocketwatch"},{"floor":17.0,"key":"Toxic Egg 2"},{"floor":17.0,"key":"Orichalcum"},{"floor":27.0,"key":"Matryoshka"},{"floor":31.0,"key":"Eternal Feather"},{"floor":40.0,"key":"Meat on the Bone"},{"floor":42.0,"key":"Oddly Smooth Stone"},{"floor":43.0,"key":"Regal Pillow"},{"floor":43.0,"key":"Bag of Marbles"},{"floor":44.0,"key":"Bronze Scales"},{"floor":47.0,"key":"Bottled Flame"}],"event_choices":[{"damage_healed":0.0,"max_hp_gain":5.0,"max_hp_loss":0.0,"gold_gain":0.0,"event_name":"Big Fish","player_choice":"Donut","floor":4.0,"gold_loss":0.0,"damage_taken":0.0},{"damage_healed":0.0,"max_hp_gain":0.0,"max_hp_loss":0.0,"gold_gain":0.0,"event_name":"The Mausoleum","player_choice":"Ignored","floor":19.0,"gold_loss":0.0,"damage_taken":0.0},{"damage_healed":0.0,"max_hp_gain":5.0,"max_hp_loss":0.0,"gold_gain":0.0,"event_name":"Forgotten Altar","player_choice":"Shed Blood","floor":20.0,"gold_loss":0.0,"damage_taken":27.0},{"damage_healed":0.0,"max_hp_gain":0.0,"max_hp_loss":41.0,"gold_gain":0.0,"event_name":"Ghosts","player_choice":"Became a Ghost","floor":24.0,"gold_loss":0.0,"damage_taken":0.0,"cards_obtained":["Ghostly","Ghostly","Ghostly"]},{"damage_healed":0.0,"max_hp_gain":0.0,"max_hp_loss":0.0,"gold_gain":0.0,"event_name":"Back to Basics","player_choice":"Simplicity","floor":30.0,"gold_loss":0.0,"damage_taken":0.0,"cards_upgraded":["Strike_B","Strike_B","Strike_B","Defend_B","Defend_B","Defend_B","Defend_B"]},{"damage_healed":0.0,"max_hp_gain":0.0,"max_hp_loss":2.0,"gold_gain":0.0,"event_name":"Winding Halls","player_choice":"Max HP","floor":37.0,"gold_loss":0.0,"damage_taken":0.0},{"cards_removed":["Streamline"],"damage_healed":0.0,"max_hp_gain":0.0,"max_hp_loss":0.0,"gold_gain":0.0,"event_name":"Falling","player_choice":"Removed Attack","floor":39.0,"gold_loss":0.0,"damage_taken":0.0},{"damage_healed":0.0,"max_hp_gain":0.0,"max_hp_loss":0.0,"gold_gain":0.0,"event_name":"Tomb of Lord Red Mask","player_choice":"Ignored","floor":48.0,"gold_loss":0.0,"damage_taken":0.0}],"is_beta":false,"boss_relics":[{"not_picked":["Philosopher\u0027s Stone","Runic Dome"],"picked":"Calling Bell"},{"not_picked":["SacredBark","Tiny House"],"picked":"Astrolabe"}],"items_purged_floors":[22,41],"is_endless":false,"potions_floor_spawned":[7,11,13,21,28,31,33,35,36,40,47],"killed_by":"Time Eater","ascension_level":20}}