{"host":"gww6ffkzfofersck","time":1608772931,"event":{"mods":["Astrologer","BaseMod","ChefMod","Colored Powertips","Conspire","Downfall","Hermit","Highlight Path","Infinite Spire","Ironclad Rager","Minty Spire (QoL Compilation)","Potionbrewer","Quick Restart","Replay The Spire","Shop Mod","StSLib","The Blackbeard","The Necromancer","TheVacant","Wandering Minibosses"],"gold_per_floor":[117,131,7,25,45,45,76,76,103,128,128,138,150,164,164,261,261,272,292,292,302,302,302,321,337,337,356,380,380,380,392,392,514,814,891,891,965,1051,1142,1142,1250,1250,1250,1362,1471,1471,601,650,650,660],"floor_reached":51,"playtime":2016,"items_purged":["ReplayReversal"],"score":1000,"play_id":"0c111eb1-4141-48b5-a9ea-314808af255b","local_time":"20201223202211","is_ascension_mode":false,"campfire_choices":[{"data":"Perfected Strike","floor":6,"key":"SMITH"},{"data":"Perfected Strike","floor":8,"key":"SMITH"},{"data":"ICR:RageStrike","floor":11,"key":"SMITH"},{"data":"Double Tap","floor":15,"key":"SMITH"},{"data":"Bash","floor":23,"key":"SMITH"},{"data":"Perfected Strike","floor":29,"key":"SMITH"},{"data":"conspire:HitWhereItHurts","floor":32,"key":"SMITH"},{"data":"ReplayTheSpireMod:Strike From Hell","floor":40,"key":"SMITH"},{"floor":42,"key":"REST"}],"circlet_count":0,"master_deck":["Bash+1","ICR:RageStrike","ICR:RageStrike","ICR:RageStrike","ICR:RageStrike+1","ICR:RageStrike","ICR:ShieldBash+1","ICR:ShieldBash","ICR:ShieldBash","Perfected Strike+1","Perfected Strike+1","Twin Strike+1","Wild Strike","Double Tap+1","conspire:HitWhereItHurts+1","Perfected Strike+1","Wild Strike+1","Perfected Strike+1","ICR:Frenzy+1","ReplayTheSpireMod:Strike From Hell+1","Evolve+1","Corruption"],"relics":["Burning Blood","Potion Belt","Tiny Chest","Guardian:PocketSentry","conspire:SpecialSausage","potionbrewer:Torch","Ooze Armor","conspire:Boomerang","Omamori","infinitespire:EvilPickle","Calling Bell","Nunchaku","infinitespire:Midas Blood","Old Coin","wanderingMiniBosses:OtherGremlinHorn","The Courier","Divine Protection","infinitespire:BottledMercury","Vajra","Guide Book","ReplayTheSpireMod:Ninjato","HornCleat","Bag of Preparation","Oddly Smooth Stone"],"acts_visited":["Exordium","TheCity","TheBeyond"],"potions_floor_usage":[21,21,35,35,50,50],"damage_taken":[{"damage":1,"enemies":"2 Louse","floor":1,"turns":3},{"damage":5,"enemies":"Cultist","floor":2,"turns":4},{"damage":7,"enemies":"conspire:RoseBush","floor":4,"turns":3},{"damage":23,"enemies":"Large Slime","floor":5,"turns":6},{"damage":19,"enemies":"3 Sentries","floor":7,"turns":5},{"damage":0,"enemies":"Gremlin Nob","floor":10,"turns":2},{"damage":0,"enemies":"2 Fungi Beasts","floor":12,"turns":2},{"damage":1,"enemies":"Red Slaver","floor":13,"turns":2},{"damage":1,"enemies":"Blue Slaver","floor":14,"turns":2},{"damage":19,"enemies":"Fading Forest","floor":16,"turns":11},{"damage":19,"enemies":"conspire:FuzzyDice","floor":18,"turns":4},{"damage":6,"enemies":"Chosen","floor":19,"turns":3},{"damage":46,"enemies":"Centurion and Healer","floor":21,"turns":7},{"damage":2,"enemies":"Chosen and Byrds","floor":24,"turns":2},{"damage":0,"enemies":"Snake Plant","floor":25,"turns":2},{"damage":6,"enemies":"conspire:HollyBat","floor":27,"turns":6},{"damage":6,"enemies":"Chosen and Byrds","floor":31,"turns":2},{"damage":5,"enemies":"Pondfish","floor":33,"turns":6},{"damage":19,"enemies":"3 Darklings","floor":35,"turns":4},{"damage":0,"enemies":"Orb Walker","floor":37,"turns":1},{"damage":27,"enemies":"Writhing Mass","floor":38,"turns":3},{"damage":15,"enemies":"3 Darklings","floor":39,"turns":2},{"damage":34,"enemies":"Nemesis","floor":41,"turns":3},{"damage":28,"enemies":"R_Hoarder","floor":44,"turns":3},{"damage":0,"enemies":"Spire Growth","floor":45,"turns":2},{"damage":0,"enemies":"Jaw Worm Horde","floor":48,"turns":2},{"damage":47,"enemies":"Donu and Deca","floor":50,"turns":5}],"seed_played":"-2705939971463867210","potions_obtained":[{"floor":2,"key":"Dexterity Potion"},{"floor":10,"key":"Fire Potion"},{"floor":12,"key":"Swift Potion"},{"floor":13,"key":"Explosive Potion"},{"floor":14,"key":"Regen Potion"},{"floor":16,"key":"potionbrewer:EndurancePotion"},{"floor":24,"key":"Energy Potion"},{"floor":27,"key":"SteroidPotion"},{"floor":37,"key":"BlessingOfTheForge"},{"floor":38,"key":"Explosive Potion"}],"is_trial":false,"path_per_floor":["M","M","$","M","M","R","E","R","T","E","R","M","M","M","R","B",null,"M","M","?","M","AVR","R","M","M","T","M","T","R","?","M","R","B",null,"M","?","M","M","M","R","E","R","T","E","M","T","$","M","R","B",null],"character_chosen":"IRONCLAD","items_purchased":["Clash","Vajra","Guide Book","ReplayTheSpireMod:Ninjato","HornCleat","Bag of Preparation","Oddly Smooth Stone"],"campfire_rested":1,"item_purchase_floors":[3,47,47,47,47,47,47],"current_hp_per_floor":[80,80,80,79,62,62,49,49,49,55,55,61,66,71,71,68,80,67,67,67,27,27,27,31,37,37,37,37,37,37,37,37,38,80,67,67,73,52,43,43,15,39,39,17,23,23,23,29,53,17],"gold":660,"neow_bonus":"IRONCLAD_RAGER","is_daily":false,"chose_seed":false,"campfire_upgraded":8,"win_rate":0.0,"timestamp":1608772931,"path_taken":["M","M","$","M","M","R","E","R","T","E","R","M","M","M","R","BOSS","M","M","?","?","AVR","R","?","M","T","M","?","R","?","M","R","BOSS","M","?","M","M","M","R","E","R","T","E","?","?","$","M","R","BOSS"],"items_purchased_type":["Card","Relic","Relic","Relic","Relic","Relic","Relic"],"build_version":"2020-12-22","purchased_purges":1,"victory":true,"max_hp_per_floor":[80,80,80,80,80,80,80,80,80,80,80,80,80,80,80,80,80,80,80,80,80,80,80,80,80,80,80,80,80,80,80,80,80,80,80,80,80,80,80,80,80,80,80,80,80,80,80,80,80,80],"card_choices":[{"not_picked":["Headbutt","Iron Wave"],"picked":"ReplayReversal","floor":1},{"not_picked":["Feel No Pain","Havoc"],"picked":"Perfected Strike","floor":2},{"not_picked":["Anger","Spot Weakness"],"picked":"Perfected Strike","floor":4},{"not_picked":["Sever Soul","Rampage"],"picked":"Twin Strike","floor":5},{"not_picked":["Cleave","Dual Wield"],"picked":"Wild Strike","floor":7},{"not_picked":["Rage","Thunderclap","Anger"],"picked":"SKIP","floor":10},{"not_picked":["Run Through","Havoc","Flame Barrier"],"picked":"SKIP","floor":12},{"not_picked":["ReplayTheSpireMod:Corrosion Curse","Shrug It Off"],"picked":"Double Tap","floor":13},{"not_picked":["Burning Pact","Iron Wave","Pummel"],"picked":"SKIP","floor":14},{"not_picked":["Berserk","Demonic Infusion"],"picked":"conspire:HitWhereItHurts","floor":16},{"not_picked":["Combust","Clothesline","Intimidate"],"picked":"SKIP","floor":18},{"not_picked":["Heavy Blade","Thunderclap+1"],"picked":"Perfected Strike+1","floor":19},{"not_picked":["Armaments","Shockwave","ReplayReversal"],"picked":"SKIP","floor":21},{"not_picked":["Warcry","Combust","Replay:Undeath\u0027s Touch"],"picked":"SKIP","floor":24},{"not_picked":["True Grit","Bludgeon"],"picked":"Wild Strike","floor":25},{"not_picked":["Sword Boomerang","Run Through"],"picked":"Perfected Strike","floor":27},{"not_picked":["Rupture","Shrug It Off","Heavy Blade+1"],"picked":"SKIP","floor":31},{"not_picked":["Sword Boomerang","Clash","Whirlwind+1"],"picked":"SKIP","floor":35},{"not_picked":["Replay:Undeath\u0027s Touch","Anger"],"picked":"ICR:Frenzy+1","floor":37},{"not_picked":["Uppercut","Rampage","Bloodletting+1"],"picked":"SKIP","floor":38},{"not_picked":["Warcry+1","Body Slam"],"picked":"ReplayTheSpireMod:Strike From Hell","floor":39},{"not_picked":["conspire:ExplosiveBarrier+1","Anger+1","Defy Death+1"],"picked":"SKIP","floor":41},{"not_picked":["Clothesline","True Grit+1","Searing Blow"],"picked":"SKIP","floor":44},{"not_picked":["Rupture+1","Warcry"],"picked":"Evolve","floor":45},{"not_picked":["Armaments","Iron Wave"],"picked":"Corruption","floor":48}],"player_experience":199184,"relics_obtained":[{"floor":7,"key":"Potion Belt"},{"floor":9,"key":"Tiny Chest"},{"floor":10,"key":"Guardian:PocketSentry"},{"floor":26,"key":"conspire:Boomerang"},{"floor":28,"key":"Omamori"},{"floor":34,"key":"Nunchaku"},{"floor":34,"key":"infinitespire:Midas Blood"},{"floor":34,"key":"Old Coin"},{"floor":35,"key":"wanderingMiniBosses:OtherGremlinHorn"},{"floor":41,"key":"The Courier"},{"floor":44,"key":"Divine Protection"},{"floor":46,"key":"infinitespire:BottledMercury"}],"event_choices":[{"cards_removed":["ICR:ShieldBash"],"damage_healed":0,"gold_gain":0,"player_choice":"Purged","damage_taken":0,"max_hp_gain":0,"max_hp_loss":0,"event_name":"Purifier","floor":20,"gold_loss":0},{"damage_healed":0,"gold_gain":0,"player_choice":"Upgraded","damage_taken":0,"max_hp_gain":0,"max_hp_loss":0,"event_name":"Upgrade Shrine","floor":30,"gold_loss":0,"cards_upgraded":["ICR:ShieldBash"]},{"cards_removed":["Clash"],"damage_healed":0,"gold_gain":0,"player_choice":"Purged","damage_taken":0,"max_hp_gain":0,"max_hp_loss":0,"event_name":"Purifier","floor":36,"gold_loss":0}],"is_beta":false,"boss_relics":[{"not_picked":["Cursed Key","conspire:RoyalGoblet"],"picked":"conspire:SpecialSausage"},{"not_picked":["Kintsugi","Velvet Choker"],"picked":"Calling Bell"}],"items_purged_floors":[3],"is_endless":false,"potions_floor_spawned":[2,10,12,13,14,16,19,24,27,37,38,45],"ascension_level":0}}