{"host":"oeh4wb93hhtrshvk","time":1608802265,"event":{"mods":["2.2 Compatiblity","AchievementEnabler","Act Like it!","Aspiration","BaseMod","Better Skull","Better Third Choice","Block Reminder","Card Filter","Colored Powertips","Conspire","Curses Come First","Defuse TimeMaze Blight","Displayed Cursed Tome","Downfall","Energized Spire","GifTheSpireLib","Hermit","Hubris","Infinite Spire","Marisa????????","Minty Spire (QoL Compilation)","Pale of the Ancients","Quick Restart","Rare Cards Sparkle","Relic Filter","Replay The Spire","Shop Mod","Spicy Shops","StSLib","The Blue Laboratory","The Cursed","The Disciple","Transform Curses","Wandering Minibosses","vexMod"],"gold_per_floor":[119,119,119,133,133,169,169,185,232,246,262,296,296,316,316,316,316,316],"floor_reached":16,"playtime":1170,"items_purged":[],"score":112,"play_id":"c646dbb6-2cde-4309-aaff-808b4bb52ccb","local_time":"20201224103105","daily_mods":["Heirloom","DeadlyEvents"],"is_ascension_mode":false,"campfire_choices":[{"data":"champ:ShieldSlam","floor":7,"key":"SMITH"},{"floor":13,"key":"REST"},{"data":"champ:ViciousMockery","floor":15,"key":"SMITH"}],"circlet_count":0,"master_deck":["champ:Strike","champ:Strike","champ:Strike","champ:Strike","champ:Defend","champ:Defend","champ:Defend","champ:Defend","champ:Execute","champ:Taunt","champ:PreciseThrust+1","Injury","champ:TornadoPunch","champ:ShieldSlam+1","champ:StanceDance","champ:ViciousMockery+1","champ:SkillfulDodge","champ:DeathBlow"],"relics":["champ:ChampionCrown","Replay:Kaleidoscope","Golden Idol","Torii","champ:FightingForDummies","Kunai"],"acts_visited":["Exordium"],"potions_floor_usage":[6,12,16],"damage_taken":[{"damage":0,"enemies":"Small Slimes","floor":1,"turns":5},{"damage":8,"enemies":"2 Louse","floor":4,"turns":3},{"damage":73,"enemies":"Lagavulin","floor":6,"turns":11},{"damage":6,"enemies":"Jaw Worm","floor":8,"turns":4},{"damage":12,"enemies":"Exordium Thugs","floor":10,"turns":6},{"damage":13,"enemies":"Red Slaver","floor":11,"turns":4},{"damage":13,"enemies":"Gremlin Nob","floor":12,"turns":5},{"damage":11,"enemies":"Blue Slaver","floor":14,"turns":4},{"damage":67,"enemies":"The Guardian","floor":16,"turns":8}],"seed_played":"6663223484888138951","potions_obtained":[{"floor":1,"key":"blueLaboratory:TrueEctoplasm"},{"floor":8,"key":"champ:CounterPotion"},{"floor":10,"key":"blueLaboratory:ImpenetrablePotion"}],"is_trial":true,"path_per_floor":["M","?","?","M","?","E","R","M","T","M","M","E","R","M","R","B"],"character_chosen":"THE_CHAMP","items_purchased":[],"campfire_rested":1,"item_purchase_floors":[],"current_hp_per_floor":[90,90,90,87,87,29,29,28,28,26,13,5,32,31,31,0,0,0],"gold":316,"neow_bonus":"","is_daily":false,"chose_seed":false,"campfire_upgraded":2,"win_rate":0.0,"timestamp":1608802265,"path_taken":["M","?","?","M","?","E","R","M","T","M","?","?","R","?","R","BOSS"],"items_purchased_type":[],"build_version":"2020-12-22","purchased_purges":0,"victory":false,"max_hp_per_floor":[90,90,90,90,90,90,90,90,90,90,90,90,90,90,90,90,90,90],"card_choices":[{"not_picked":["champ:FocusedDefense","champ:AdrenalArmor"],"picked":"champ:PreciseThrust","floor":1},{"not_picked":["champ:FocusedBerserking","champ:BerserkersShout"],"picked":"champ:TornadoPunch","floor":4},{"not_picked":["champ:GladiatorStyle","champ:FanOfKnives"],"picked":"champ:ShieldSlam","floor":6},{"not_picked":["champ:EnragedBash","champ:BladeFlurry"],"picked":"champ:StanceDance","floor":8},{"not_picked":["champ:HeartStrike","champ:FlashCut"],"picked":"champ:ViciousMockery","floor":10},{"not_picked":["champ:ViciousMockery","champ:ArenaPreparation"],"picked":"champ:SkillfulDodge","floor":11},{"not_picked":["champ:StanceDance","champ:RisingSlash"],"picked":"champ:DeathBlow","floor":12},{"not_picked":["champ:Lariat","champ:BladeFlurry","champ:DefensiveShout"],"picked":"SKIP","floor":14}],"player_experience":627741,"relics_obtained":[{"floor":6,"key":"Torii"},{"floor":9,"key":"champ:FightingForDummies"},{"floor":12,"key":"Kunai"}],"event_choices":[{"damage_healed":0,"gold_gain":0,"player_choice":"Grow","damage_taken":0,"max_hp_gain":0,"max_hp_loss":0,"event_name":"Living Wall","floor":2,"gold_loss":0,"cards_upgraded":["champ:PreciseThrust"]},{"damage_healed":0,"gold_gain":0,"player_choice":"Take Wound","damage_taken":0,"relics_obtained":["Golden Idol"],"max_hp_gain":0,"max_hp_loss":0,"event_name":"Golden Idol","floor":3,"gold_loss":0,"cards_obtained":["Injury"]}],"is_beta":false,"boss_relics":[],"items_purged_floors":[],"is_endless":false,"potions_floor_spawned":[1,8,10],"killed_by":"The Guardian","ascension_level":0}}