{"host":"ocy7z4248lncoz2b","time":1608854158,"event":{"mods":["BaseMod","Beaked The Cultist","Bestiary","Better Match","Better Sensory Stone","Better Third Choice","BetterRewards","Clockwork Mod","Colored Map","Colored Powertips","Conspire","Curses Come First","Downfall","Friendly Minions","Gremlin Mod","Highlight Path","Hubris","Infinite Spire","Jorbs\u0027s Wanderer Trilogy","Marisa????????","Mimic Mod","Minty Spire (QoL Compilation)","READ ME - Guardian Mod","Rare Cards Sparkle","Replay The Spire","Shop Mod","Spicy Shops","Spikes Relics","StSLib","SuperFastMode","The Administrix","The Blue Laboratory","The Construct","The Jungle","The Servant 0.9.4","The Wild Card","WarShipGirlsR/????R mod"],"gold_per_floor":[115,115,115,115,115,115,126,126,126,5,24,38,54,67,67,168,168,187,202,217,217,217,247,247,259,259,259,272,29,29,29],"floor_reached":30,"playtime":1085,"items_purged":[],"score":367,"play_id":"a2d0e80d-d4de-483b-bfa2-1b3f833e7360","local_time":"20201225085558","is_ascension_mode":false,"campfire_choices":[{"floor":6,"key":"REST"},{"data":"Creative AI","floor":8,"key":"SMITH"},{"data":"conspire:Banana","floor":15,"key":"SMITH"},{"data":"Sadistic Nature","floor":24,"key":"SMITH"}],"circlet_count":0,"master_deck":["Strike_B","Strike_B","Strike_B","Defend_B","Defend_B","Defend_B","Defend_B","Zap","Dualcast","conspire:Banana+1","Beam Cell","Sadistic Nature+1","Coolheaded","Darkness","Creative AI+1","ReplayTheSpireMod:Echoes of Time","Cold Snap","Self Repair","Coolheaded","ReplayGash","Doom and Gloom","Core Surge","Crystallizer+1","ReplayTheSpireMod:System Scan+1","Voices","Barrage+1","Self Repair","Blizzard+1","Writhe"],"relics":["Cracked Core","MerchantsRug","Runic Capacitor","Raider\u0027s Mask","infinitespire:ShieldingShard","Chameleon Ring","hubris:RunicObelisk","hubris:Icosahedron","Ring of Hypnosis","Molten Egg 2","MutagenicStrength","Medical Kit","PrismaticShard"],"acts_visited":["Exordium","TheCity"],"potions_floor_usage":[13,14,16,30],"damage_taken":[{"damage":10,"enemies":"Jaw Worm","floor":1,"turns":4},{"damage":2,"enemies":"Small Slimes","floor":7,"turns":2},{"damage":10,"enemies":"2 Louse","floor":11,"turns":2},{"damage":31,"enemies":"Lots of Slimes","floor":12,"turns":4},{"damage":11,"enemies":"2 Fungi Beasts","floor":13,"turns":4},{"damage":4,"enemies":"conspire:2 RoseBushes","floor":14,"turns":5},{"damage":33,"enemies":"The Guardian","floor":16,"turns":13},{"damage":38,"enemies":"conspire:FuzzyDice","floor":18,"turns":8},{"damage":18,"enemies":"Shell Parasite","floor":19,"turns":5},{"damage":5,"enemies":"3 Cultists","floor":20,"turns":7},{"damage":7,"enemies":"Nightmare","floor":23,"turns":14},{"damage":6,"enemies":"Snecko","floor":25,"turns":4},{"damage":2,"enemies":"Chosen and Byrds","floor":28,"turns":4},{"damage":66,"enemies":"Gremlin Leader","floor":30,"turns":4}],"seed_played":"-8813925855171104391","potions_obtained":[{"floor":7,"key":"SkillPotion"},{"floor":13,"key":"blueLaboratory:ForbiddenFruitJuice"},{"floor":14,"key":"blueLaboratory:EmptyBottle"},{"floor":19,"key":"SkillPotion"},{"floor":20,"key":"sneckomod:MuddlingPotion"},{"floor":23,"key":"champ:CounterPotion"}],"is_trial":false,"path_per_floor":["M","?","?","?","T","R","M","R","T","$","M","M","M","M","R","B",null,"M","M","M","?","?","NM","R","M","T","?","M","$","E"],"character_chosen":"DEFECT","items_purchased":["MerchantsRug","conspire:Banana","Runic Capacitor","Beam Cell","Sadistic Nature","Coolheaded","Raider\u0027s Mask","Self Repair","Blizzard+1","Medical Kit","PrismaticShard"],"campfire_rested":1,"item_purchase_floors":[0,0,0,0,0,0,0,10,29,29,29],"current_hp_per_floor":[37,37,18,18,18,40,38,38,38,38,36,13,10,75,75,51,77,50,41,47,47,47,51,51,54,54,54,61,61,0,0],"gold":29,"neow_bonus":"","is_daily":false,"chose_seed":false,"campfire_upgraded":3,"win_rate":0.0,"timestamp":1608854158,"path_taken":["M","?","?","?","?","R","M","R","T","$","M","M","M","M","R","BOSS","M","?","M","?","?","NM","R","M","T","?","M","?","E"],"items_purchased_type":["Relic","Card","Relic","Card","Card","Card","Relic","Card","Card","Relic","Relic"],"build_version":"2020-12-22","purchased_purges":0,"victory":false,"max_hp_per_floor":[76,76,76,76,76,76,76,76,76,76,77,78,79,75,75,77,77,81,83,87,87,87,91,91,93,93,93,95,95,97,97],"card_choices":[{"not_picked":["Sweeping Beam","Melter"],"picked":"Darkness","floor":1},{"not_picked":["infinitespire:FinalStrike","infinitespire:NeuralNetwork"],"picked":"ReplayTheSpireMod:Echoes of Time","floor":3},{"not_picked":["Hologram","Compile Driver"],"picked":"Cold Snap","floor":7},{"not_picked":["Rebound","Ball Lightning"],"picked":"Coolheaded","floor":11},{"not_picked":["Steam","Redo","Go for the Eyes"],"picked":"SKIP","floor":12},{"not_picked":["ReplayGash","Steam","Rebound"],"picked":"SKIP","floor":13},{"not_picked":["Steam","Rebound"],"picked":"ReplayGash","floor":13},{"not_picked":["Stack","BasicCrystalCard"],"picked":"Doom and Gloom","floor":14},{"not_picked":["hubris:SpecializedCircuitry","Machine Learning"],"picked":"Core Surge","floor":16},{"not_picked":["Turbo","Streamline+1","Conserve Battery"],"picked":"SKIP","floor":18},{"not_picked":["Gash","Leap"],"picked":"Crystallizer+1","floor":19},{"not_picked":["Turbo","Redo"],"picked":"ReplayTheSpireMod:System Scan+1","floor":20},{"not_picked":["Hologram","Undo"],"picked":"Barrage+1","floor":23},{"not_picked":["Chaos","Sweeping Beam+1","Beam Cell+1"],"picked":"SKIP","floor":25},{"not_picked":["Steam","BasicCrystalCard+1"],"picked":"Self Repair","floor":28}],"player_experience":300238,"relics_obtained":[{"floor":5,"key":"infinitespire:ShieldingShard"},{"floor":9,"key":"Chameleon Ring"},{"floor":22,"key":"Ring of Hypnosis"},{"floor":23,"key":"Molten Egg 2"}],"event_choices":[{"damage_healed":0,"gold_gain":0,"cards_transformed":["Strike_B"],"player_choice":"Change","damage_taken":0,"max_hp_gain":0,"max_hp_loss":0,"event_name":"Living Wall","floor":2,"gold_loss":0,"cards_obtained":["Creative AI"]},{"damage_healed":0,"gold_gain":0,"player_choice":"Inject Mutagens","damage_taken":0,"relics_obtained":["MutagenicStrength"],"max_hp_gain":0,"max_hp_loss":0,"event_name":"Drug Dealer","floor":27,"gold_loss":0}],"is_beta":false,"boss_relics":[{"not_picked":["Kintsugi","Snecko Eye"],"picked":"hubris:RunicObelisk"}],"items_purged_floors":[],"is_endless":false,"potions_floor_spawned":[7,13,14,19,20,23],"killed_by":"Gremlin Leader","ascension_level":0}}