{"host":"52spii0kb8jjtblu","time":1608772040,"event":{"mods":["Act Like it!","BaseMod","Conspire","Dota2Spire","Elementarium","Gensokyo","Hubris","JesterMod","Jorbs\u0027s Wanderer Trilogy","Luminous","Marisa????????","Menagerie","Minty Spire (QoL Compilation)","Quick Restart","Replay The Spire","Spicy Shops","StSLib","The Animator","The Cursed","TheHeartMod"],"gold_per_floor":[115,149,149,149,168,194,194,209,235,235,253,283,283,296,296,401,401,415,435,219,236,3,3,13,28,28,38,28,53,79,98,98,98,98],"floor_reached":33,"playtime":2207,"items_purged":["Pain","Regret"],"score":314,"play_id":"97843149-9e02-4d10-8308-0149bfe0f429","local_time":"20201223200720","is_ascension_mode":false,"campfire_choices":[{"floor":7.0,"key":"REST"},{"floor":10.0,"key":"REST"},{"floor":15.0,"key":"RECALL"},{"data":"StarlightTyphoon","floor":23.0,"key":"SMITH"},{"data":"PowerUp","floor":32.0,"key":"SMITH"}],"circlet_count":0,"master_deck":["Strike_MRS","Strike_MRS","Strike_MRS","Strike_MRS","Defend_MRS+1","Defend_MRS","Defend_MRS","Defend_MRS","MasterSpark","UpSweep+1","SporeBomb","CollectingQuirk","Gensokyo:MarisaTwilightSpark","GalacticHalo","EarthLightRay+1","AlicesGift","MysteriousBeam","AsteroidBelt","ChargeUpSpray","FinalSpark","Orbital","UnstableBomb","Gensokyo:RedCapeBlueCape","StarlightTyphoon+1","PowerUp+1","NonDirectionalLaser","6A","DeepEcoloBomb+1"],"relics":["MiniHakkero","Replay:Wax Seal","Dota2Spire:MonkeyKingBar","Tiny Chest","Replay:Rubber Ducky","Gensokyo:LunaticRedEyes","Black Star","Strange Spoon","Replay:Baseball","Meat on the Bone","War Paint"],"acts_visited":["Gensokyo:Gensokyo","Gensokyo:Gensokyoer"],"potions_floor_usage":[33,33,33],"damage_taken":[{"damage":0.0,"enemies":"Gensokyo:3_Fairies","floor":1.0,"turns":4.0},{"damage":39.0,"enemies":"Gensokyo:Cirno","floor":2.0,"turns":6.0},{"damage":11.0,"enemies":"Gensokyo:Python","floor":5.0,"turns":3.0},{"damage":18.0,"enemies":"Gensokyo:Mamizou","floor":6.0,"turns":7.0},{"damage":10.0,"enemies":"Gensokyo:Gryphon","floor":8.0,"turns":3.0},{"damage":0.0,"enemies":"Gensokyo:Python_and_Kodama","floor":11.0,"turns":3.0},{"damage":10.0,"enemies":"Gensokyo:Aya","floor":12.0,"turns":3.0},{"damage":1.0,"enemies":"Gensokyo:Gryphon_and_Rabbit","floor":14.0,"turns":3.0},{"damage":32.0,"enemies":"Gensokyo:Reimu","floor":16.0,"turns":8.0},{"damage":2.0,"enemies":"Gensokyo:3_Dogs","floor":18.0,"turns":3.0},{"damage":4.0,"enemies":"Gensokyo:CosmicMonolith","floor":19.0,"turns":3.0},{"damage":6.0,"enemies":"Gensokyo:Mirror_and_Dog","floor":21.0,"turns":4.0},{"damage":0.0,"enemies":"Gensokyo:3_Gloops","floor":24.0,"turns":1.0},{"damage":0.0,"enemies":"Gensokyo:Swordslinger","floor":25.0,"turns":2.0},{"damage":22.0,"enemies":"Gensokyo:Slime_Group","floor":27.0,"turns":4.0},{"damage":0.0,"enemies":"Gensokyo:Tenshi","floor":29.0,"turns":3.0},{"damage":0.0,"enemies":"Gensokyo:Wraith","floor":31.0,"turns":3.0},{"damage":101,"enemies":"Gensokyo:Kaguya","floor":33,"turns":7}],"seed_played":"-6460624716950490670","potions_obtained":[{"floor":5.0,"key":"Dota2Spire:HealingSalve"},{"floor":6.0,"key":"Block Potion"},{"floor":8.0,"key":"Elixir"},{"floor":12.0,"key":"Explosive Potion"},{"floor":19.0,"key":"AttackPotion"},{"floor":24.0,"key":"Strength Potion"},{"floor":27.0,"key":"AttackPotion"},{"floor":31.0,"key":"Fire Potion"}],"is_trial":false,"path_per_floor":["M","?","?","?","M","E","R","M","T","R","M","E","?","M","R","B",null,"M","M","COS","M","$","R","M","M","T","M","?","E","T","M","R","B"],"character_chosen":"MARISA","items_purchased":["Strange Spoon"],"campfire_rested":2,"item_purchase_floors":[22],"current_hp_per_floor":[82,43,43,43,32,26,50,44,44,68,68,58,58,61,61,29,82,80,76,76,70,70,70,70,74,74,52,74,78,78,78,78,0,0],"gold":98,"neow_bonus":"TEN_PERCENT_HP_BONUS","is_daily":false,"chose_seed":false,"campfire_upgraded":2,"win_rate":0.0,"timestamp":1608772040,"path_taken":["M","?","?","?","?","E","R","M","T","R","M","E","?","M","R","BOSS","M","M","COS","M","$","R","M","M","T","?","?","E","?","M","R","BOSS"],"items_purchased_type":["Relic"],"build_version":"2020-12-22","purchased_purges":2,"victory":false,"max_hp_per_floor":[82,82,82,82,82,82,82,82,82,82,82,82,82,82,82,82,82,82,82,82,82,82,82,82,82,82,82,82,82,82,82,82,82,82],"card_choices":[{"not_picked":["UnstableBomb","DoubleSpark"],"picked":"SporeBomb","floor":1.0},{"not_picked":["OortCloud","StarlightTyphoon"],"picked":"CollectingQuirk","floor":2.0},{"not_picked":["MysteriousBeam","WitchLeyline"],"picked":"GalacticHalo","floor":5.0},{"not_picked":["SuperPerseids","LuminesStrike"],"picked":"EarthLightRay","floor":6.0},{"not_picked":["Singularity","6A"],"picked":"AlicesGift","floor":8.0},{"not_picked":["WitchOfGreed","ManaConvection"],"picked":"MysteriousBeam","floor":11.0},{"not_picked":["UnstableBomb","Occultation"],"picked":"AsteroidBelt","floor":12.0},{"not_picked":["DarkMatter","DarkSpark"],"picked":"ChargeUpSpray","floor":14.0},{"not_picked":["SatelliteIllusion","MillisecondPulsars"],"picked":"FinalSpark","floor":16.0},{"not_picked":["AsteroidBelt","ChargeUpSpray"],"picked":"Orbital","floor":18.0},{"not_picked":["SuperPerseids+1","ChargingUp"],"picked":"UnstableBomb","floor":19.0},{"not_picked":["WitchOfGreed","SprinkleStarSeal"],"picked":"StarlightTyphoon","floor":21.0},{"not_picked":["DarkMatter+1","ShootingEcho"],"picked":"PowerUp","floor":24.0},{"not_picked":["AsteroidBelt","MilkyWay"],"picked":"NonDirectionalLaser","floor":25.0},{"not_picked":["Orbital","BigCrunch"],"picked":"AsteroidBelt","floor":27.0},{"not_picked":["Acceleration+1","StarlightTyphoon"],"picked":"6A","floor":29.0},{"not_picked":["ManaConvection","MachineGunSpark"],"picked":"DeepEcoloBomb+1","floor":31.0}],"player_experience":256768,"relics_obtained":[{"floor":2.0,"key":"Replay:Wax Seal"},{"floor":6.0,"key":"Dota2Spire:MonkeyKingBar"},{"floor":9.0,"key":"Tiny Chest"},{"floor":12.0,"key":"Replay:Rubber Ducky"},{"floor":26.0,"key":"Replay:Baseball"},{"floor":29.0,"key":"Meat on the Bone"},{"floor":29.0,"key":"War Paint"}],"event_choices":[],"is_beta":false,"boss_relics":[{"not_picked":["Coffee Dripper","Honey Jar"],"picked":"Black Star"}],"items_purged_floors":[22,22],"is_endless":false,"potions_floor_spawned":[5,6,8,12,19,24,27,31],"killed_by":"Gensokyo:Kaguya","ascension_level":0}}