{"host":"i9wanet4r0ff4t9y","time":1608849180,"event":{"mods":["2.2 Compatiblity","Act Like it!","BaseMod","Bestiary","Better Altar","Better Match","Better Note","Better Sensory Stone","Better Skull","Better Third Choice","Better Vampires","BetterRewards","CapriCore","Curses Come First","Downfall","Minty Spire (QoL Compilation)","Quick Restart","READ ME - Guardian Mod","READ ME - Snecko Mod","Relic Stats","Replay The Spire","Say the Spire","Spicy Shops","StSLib","The Disciple","Waifu the Spire"],"gold_per_floor":[112,131,0,0,11,11,37,37,88,115,135,149,149,149,199,212,212,308,308,322,322,342,10,23,23,53,53,76,76,104,19,31,58,58,159,209,228,228,228,241,253,253,279,279,279,312,323,323,355,401,401,401,401,401,1,36,36],"floor_reached":58,"playtime":3471,"items_purged":[],"score":2306,"play_id":"87c75906-f711-4fdd-855f-b6e2a699aae2","local_time":"20201224233300","is_ascension_mode":true,"campfire_choices":[{"data":"Magnetism","floor":6.0,"key":"SMITH"},{"floor":8.0,"key":"REST"},{"floor":17.0,"key":"REST"},{"floor":25.0,"key":"REST"},{"floor":27,"key":"REST"},{"data":"Limit Break","floor":29,"key":"SMITH"},{"floor":34,"key":"RECALL"},{"data":"Enlightenment","floor":42,"key":"SMITH"},{"data":"expansioncontent:Chronoboost","floor":44,"key":"SMITH"},{"floor":51,"key":"REST"},{"floor":54,"key":"DIG"}],"circlet_count":0,"master_deck":["Strike_R+2","Strike_R+1","Strike_R+1","Strike_R+1","Defend_R+1","Defend_R+1","Defend_R+1","Defend_R+2","Bash","Inflame","Armaments","Magnetism+1","Replay:SS_hec_1","expansioncontent:DarkVoid","ReplayTheSpireMod:Muscle Training","ReplayTheSpireMod:Limb From Limb","Enlightenment+1","expansioncontent:Chronoboost+1","Defy Death","ReplayTheSpireMod:Stacked","Heavy Blade","Seeing Red","Feel No Pain","Ghostly Armor","Cleave","Shockwave","Delirium","Limit Break+1","Ghostly Armor","Power Through+1","Decay","Hemogenesis","ReplayTheSpireMod:Strike From Hell+1","Sever Soul","Thunderclap","Iron Wave","SwitchThreat","CommonCold","Fiend Fire","Flame Barrier","Havoc+1","Doubt","Feed","Spot Weakness+1","Seeing Red+1","Madness","Madness","ReplayTheSpireMod:LeadingStrike","Anger","Fiend Fire","Overencumbered","ReplayTheSpireMod:Splinters","Twin Strike+1","Life Link+1","Rage","Anger+1","Metallicize+1","Power Through"],"relics":["Burning Blood","ReplayTheSpireMod:ShopPack","Dream Catcher","Red Skull","Replay:Wax Seal","Letter Opener","Ring of Greed","Smiling Mask","MealTicket","Ring of Searing","Cursed Key","Bag of Marbles","Torii","Akabeko","Gremlin Horn","Mirror","Dead Branch","Tiny House","Meat on the Bone","Shovel","Nunchaku","Onion Ring","Replay:Towering Pillar of Hats","Self Forming Clay","Membership Card","Replay:WaspNest","Bird Faced Urn","Pet Ghost","Simple Rune"],"acts_visited":["Exordium","TheCity","TheBeyond","TheEnding"],"potions_floor_usage":[26,33,33,40,43,43,50,52],"damage_taken":[{"damage":16.0,"enemies":"Jaw Worm","floor":1.0,"turns":4.0},{"damage":8.0,"enemies":"Small Slimes","floor":2.0,"turns":4.0},{"damage":2.0,"enemies":"2 Louse","floor":5.0,"turns":2.0},{"damage":20.0,"enemies":"Replay:BlueRogue","floor":7.0,"turns":7.0},{"damage":26.0,"enemies":"3 Sentries","floor":10.0,"turns":5.0},{"damage":4.0,"enemies":"Large Slime","floor":11.0,"turns":6.0},{"damage":6.0,"enemies":"Looter","floor":12.0,"turns":4.0},{"damage":10.0,"enemies":"3 Louse","floor":16.0,"turns":2.0},{"damage":23.0,"enemies":"The Guardian","floor":18.0,"turns":7.0},{"damage":30.0,"enemies":"3 Byrds","floor":20.0,"turns":4.0},{"damage":16.0,"enemies":"Spheric Guardian","floor":22.0,"turns":5.0},{"damage":9.0,"enemies":"Snake Plant","floor":24.0,"turns":2.0},{"damage":56,"enemies":"Slavers","floor":26,"turns":5},{"damage":9,"enemies":"Replay:Snechameleon","floor":30,"turns":9},{"damage":2,"enemies":"Chosen and Byrds","floor":32,"turns":4},{"damage":10,"enemies":"Book of Stabbing","floor":33,"turns":4},{"damage":9,"enemies":"Champ","floor":35,"turns":6},{"damage":0,"enemies":"Orb Walker","floor":37,"turns":1},{"damage":29,"enemies":"3 Shapes","floor":40,"turns":3},{"damage":0,"enemies":"Transient","floor":41,"turns":5},{"damage":1,"enemies":"Reptomancer","floor":43,"turns":3},{"damage":49,"enemies":"Nemesis","floor":46,"turns":7},{"damage":0,"enemies":"Sphere and 2 Shapes","floor":47,"turns":3},{"damage":22,"enemies":"Reptomancer","floor":49,"turns":6},{"damage":20,"enemies":"2 Orb Walkers","floor":50,"turns":4},{"damage":68,"enemies":"Awakened One","floor":52,"turns":7},{"damage":32,"enemies":"Shield and Spear","floor":56,"turns":5},{"damage":34,"enemies":"The Heart","floor":57,"turns":6}],"seed_played":"5670439039570237213","potions_obtained":[{"floor":1.0,"key":"champ:CounterPotion"},{"floor":5.0,"key":"SpeedPotion"},{"floor":7.0,"key":"PowerPotion"},{"floor":16.0,"key":"CultistPotion"},{"floor":18.0,"key":"PowerPotion"},{"floor":20.0,"key":"SteroidPotion"},{"floor":26,"key":"LiquidMemories"},{"floor":32,"key":"FearPotion"},{"floor":36,"key":"FearPotion"},{"floor":37,"key":"LiquidBronze"},{"floor":39,"key":"Venom Potion"},{"floor":43,"key":"Death Potion"},{"floor":49,"key":"Swift Potion"}],"is_trial":false,"path_per_floor":["M","M","?","?","M","R","E","R","T","E","M","M","PTL","PTL","?","M","R","B",null,"M","?","M","$","M","R","E","R","T","R","E","?","M","E","R","B",null,"M","?","?","M","M","R","E","R","T","E","M","?","E","?","R","B",null,"R","$","E","B",null],"character_chosen":"IRONCLAD","items_purchased":["ReplayTheSpireMod:ShopPack","Dream Catcher","Inflame","Armaments","Bag of Marbles","Torii","Hemogenesis","Membership Card","Replay:WaspNest","Bird Faced Urn","Pet Ghost"],"campfire_rested":5,"item_purchase_floors":[0,0,0,0,23,23,23,55,55,55,55],"current_hp_per_floor":[43,41,47,47,51,51,37,62,62,42,44,44,44,44,44,40,65,48,77,53,53,43,58,55,80,30,55,55,55,52,52,56,52,52,54,83,89,78,78,55,61,61,66,66,66,40,58,58,59,57,84,34,77,77,91,84,73],"gold":36,"neow_bonus":"","is_daily":false,"chose_seed":false,"campfire_upgraded":4,"win_rate":0.0,"timestamp":1608849180,"path_taken":["M","M","?","?","M","R","E","R","T","E","M","M","PTL","PTL","?","M","R","BOSS","M","?","M","$","M","R","E","R","T","R","E","?","M","E","R","BOSS","M","?","?","M","M","R","E","R","T","E","?","?","E","?","R","BOSS","R","$","E","BOSS"],"items_purchased_type":["Relic","Relic","Card","Card","Relic","Relic","Card","Relic","Relic","Relic","Relic"],"build_version":"2020-12-22","purchased_purges":0,"victory":true,"max_hp_per_floor":[80,80,86,86,86,86,86,86,86,86,86,86,86,86,86,86,86,86,86,86,86,86,86,86,86,86,86,86,86,86,86,86,86,86,86,91,91,91,91,91,91,91,91,91,91,91,91,91,91,91,91,91,91,91,91,91,91],"relic_stats":{"Torii":57,"Gremlin Horn":[21,17],"counters":[361,1680],"Self Forming Clay":[54],"Dead Branch":[173],"Letter Opener":[211],"Smiling Mask":0,"Cursed Key":2,"Burning Blood":2020,"Dream Catcher":5,"Nunchaku":[5],"Shovel":1,"Bird Faced Urn":[26],"MealTicket":29,"obtain_stats":[{"Golden Egg":34,"Replay:Accelerometer":0,"Ginger":17,"Bottled Tornado":10,"Sling":47,"Old Coin":24,"Ring of Searing":15,"Blood Vial":22,"Replay:Ringing Soul":47,"Sundial":17,"MealTicket":26,"Replay:Bottled Flurry":49,"HandDrill":31,"Kunai":10,"Replay:Wax Seal":0,"Electric Blood":17,"betterAltar:BloodRelic":27,"ReplayTheSpireMod:Ring of Addiction":36,"Blue Candle":7,"Replay:Ancient Bell":34,"Akabeko":31,"Ooze Armor":34,"Bird Faced Urn":9,"ReplayTheSpireMod:Ring of Collecting":5,"Mark of Pain":17,"Regal Pillow":24,"Lantern":34,"Torii":47,"Singing Bowl":0,"Magic Flower":0,"StoneCalendar":0,"Blue Doll":43,"King of Hearts":47,"Replay:Multitool":25,"Bag of Preparation":54,"Cursed Key":34,"Smiling Mask":27,"Burning Blood":0,"Pet Ghost":44,"Replay:Rubber Ducky":34,"Shovel":34,"Ring of Peace":5,"Toolbox":0,"WingedGreaves":37,"Chemical X":21,"Replay:Bottled Eggs":0,"InkBottle":34,"Paper Frog":23,"Potion Belt":36,"Lee\u0027s Waffle":44,"Golden Idol":3,"Self Forming Clay":6,"Thread and Needle":20,"PreservedInsect":22,"The Courier":9,"betterThird:NestCultRelic":22,"Omamori":42,"Ring of Greed":10,"Frozen Egg 2":0,"MawBank":27,"Replay:Arrowhead":48,"Busted Crown":17,"Ornamental Fan":37,"Bloody Idol":22,"Ring of Misfortune":36,"betterThird:SlimedRelic":3,"Turnip":23,"Art of War":40,"Garlic":12,"Durian":0,"ReplayTheSpireMod:Lightbulb":27,"Toy Ornithopter":28,"Ice Cream":6,"Divine Protection":0,"Calipers":6,"Tiny House":36,"Gremlin Horn":10,"Nilry\u0027s Codex":22,"CeramicFish":24,"Vajra":8,"Lizard Tail":42,"Centennial Puzzle":2,"HornCleat":52,"FaceOfCleric":13,"DollysMirror":44,"Strawberry":10,"Honey Jar":17,"Prayer Wheel":40,"Philosopher\u0027s Stone":17,"Iron Hammer":9,"Toxic Egg 2":36,"Girya":23,"Happy Flower":14,"ReplayTheSpireMod:CursedCoin":19,"Dead Branch":17,"Replay:Grab Bag":34,"Oddly Smooth Stone":41,"Charon\u0027s Ashes":0,"Letter Opener":9,"Replay:Kaleidoscope":37,"War Paint":6,"WarpedTongs":29,"Bottled Flame":26,"Replay:Baseball":38,"ReplayTheSpireMod:Spearhead":31,"ReplayTheSpireMod:Shallot":27,"Shuriken":34,"Bronze Scales":45,"Molten Egg 2":43,"Onion Ring":54,"Simple Rune":27,"ReplayTheSpireMod:TigerMarble":23,"Grinning Jar":6,"Mirror":45,"Pocketwatch":10,"Meat on the Bone":45,"ReplayFunnel":14,"Darkstone Periapt":0,"ReplayTheSpireMod:Ring of Exchange":26,"Replay:PocketPolymizer":34,"Black Blood":34,"Mango":40,"Juzu Bracelet":19,"Incense Burner":0,"Replay:Mystery Machine":26,"Empty Cage":34,"ClockworkSouvenir":44,"Frozen Eye":0,"Nunchaku":45,"Dream Catcher":9,"Replay:Bandana":20,"Chameleon Ring":49,"TheAbacus":0,"Mummified Hand":9,"Pantograph":0,"Red Mask":41,"Replay:Bottled Snecko":0,"Red Skull":17,"Runic Pyramid":34,"Gremlin Food":37,"BargainBundle":19,"ReplayTheSpireMod:Ninjato":48,"Replay:Towering Pillar of Hats":50,"Quantum Egg":42,"Replay:WaspNest":3,"Odd Mushroom":12,"Orichalcum":43,"White Beast Statue":36,"Mercury Hourglass":43,"Calling Bell":17,"Peace Pipe":0,"Strange Spoon":44,"CaptainsWheel":0,"Anchor":38,"Pondfish Scales":0,"ChewingGum":17,"Another Sword":47,"Snack Pack":28,"Bag of Marbles":0,"Coffee Dripper":0,"Membership Card":24,"FossilizedHelix":12,"TungstenRod":7,"ReplayTheSpireMod:ShopPack":20},{"Golden Egg":146,"Replay:Accelerometer":210,"Ginger":226,"Bottled Tornado":235,"Sling":102,"Old Coin":92,"Ring of Searing":340,"Blood Vial":39,"Replay:Ringing Soul":102,"Sundial":11,"MealTicket":14,"Replay:Bottled Flurry":153,"HandDrill":200,"Kunai":33,"Replay:Wax Seal":28,"Electric Blood":62,"betterAltar:BloodRelic":171,"ReplayTheSpireMod:Ring of Addiction":47,"Blue Candle":234,"Replay:Ancient Bell":46,"Akabeko":94,"Ooze Armor":175,"Bird Faced Urn":7,"ReplayTheSpireMod:Ring of Collecting":186,"Mark of Pain":37,"Regal Pillow":14,"Lantern":46,"Torii":77,"Singing Bowl":104,"Magic Flower":28,"StoneCalendar":55,"Blue Doll":180,"King of Hearts":102,"Replay:Multitool":117,"Bag of Preparation":155,"Cursed Key":19,"Smiling Mask":281,"Burning Blood":0,"Pet Ghost":75,"Replay:Rubber Ducky":122,"Shovel":46,"Ring of Peace":186,"Toolbox":28,"WingedGreaves":287,"Chemical X":13,"Replay:Bottled Eggs":321,"InkBottle":122,"Paper Frog":40,"Potion Belt":47,"Lee\u0027s Waffle":75,"Golden Idol":186,"Self Forming Clay":272,"Thread and Needle":167,"PreservedInsect":140,"The Courier":324,"betterThird:NestCultRelic":329,"Omamori":100,"Ring of Greed":134,"Frozen Egg 2":156,"MawBank":92,"Replay:Arrowhead":183,"Busted Crown":112,"Ornamental Fan":177,"Bloody Idol":39,"Ring of Misfortune":47,"betterThird:SlimedRelic":105,"Turnip":141,"Art of War":49,"Garlic":136,"Durian":156,"ReplayTheSpireMod:Lightbulb":92,"Toy Ornithopter":92,"Ice Cream":83,"Divine Protection":243,"Calipers":32,"Tiny House":350,"Gremlin Horn":250,"Nilry\u0027s Codex":13,"CeramicFish":66,"Vajra":7,"Lizard Tail":24,"Centennial Puzzle":105,"HornCleat":54,"FaceOfCleric":9,"DollysMirror":151,"Strawberry":85,"Honey Jar":276,"Prayer Wheel":23,"Philosopher\u0027s Stone":253,"Iron Hammer":33,"Toxic Egg 2":20,"Girya":115,"Happy Flower":36,"ReplayTheSpireMod:CursedCoin":113,"Dead Branch":11,"Replay:Grab Bag":261,"Oddly Smooth Stone":75,"Charon\u0027s Ashes":184,"Letter Opener":60,"Replay:Kaleidoscope":73,"War Paint":160,"WarpedTongs":67,"Bottled Flame":41,"Replay:Baseball":97,"ReplayTheSpireMod:Spearhead":200,"ReplayTheSpireMod:Shallot":67,"Shuriken":46,"Bronze Scales":127,"Molten Egg 2":24,"Onion Ring":55,"Simple Rune":118,"ReplayTheSpireMod:TigerMarble":66,"Grinning Jar":106,"Mirror":265,"Pocketwatch":217,"Meat on the Bone":290,"ReplayFunnel":137,"Darkstone Periapt":293,"ReplayTheSpireMod:Ring of Exchange":197,"Replay:PocketPolymizer":122,"Black Blood":261,"Mango":99,"Juzu Bracelet":113,"Incense Burner":156,"Replay:Mystery Machine":66,"Empty Cage":201,"ClockworkSouvenir":75,"Frozen Eye":184,"Nunchaku":51,"Dream Catcher":249,"Replay:Bandana":254,"Chameleon Ring":53,"TheAbacus":321,"Mummified Hand":216,"Pantograph":55,"Red Mask":23,"Replay:Bottled Snecko":293,"Red Skull":11,"Runic Pyramid":261,"Gremlin Food":47,"BargainBundle":89,"ReplayTheSpireMod:Ninjato":129,"Replay:Towering Pillar of Hats":358,"Quantum Egg":50,"Replay:WaspNest":29,"Odd Mushroom":9,"Orichalcum":100,"White Beast Statue":47,"Mercury Hourglass":75,"Calling Bell":11,"Peace Pipe":156,"Strange Spoon":151,"CaptainsWheel":0,"Anchor":123,"Pondfish Scales":130,"ChewingGum":138,"Another Sword":102,"Snack Pack":92,"Bag of Marbles":104,"Coffee Dripper":130,"Membership Card":66,"FossilizedHelix":34,"TungstenRod":59,"ReplayTheSpireMod:ShopPack":194},{"Golden Egg":696,"Replay:Accelerometer":982,"Ginger":1054,"Bottled Tornado":1090,"Sling":464,"Old Coin":431,"Ring of Searing":1582,"Blood Vial":183,"Replay:Ringing Soul":464,"Sundial":38,"MealTicket":52,"Replay:Bottled Flurry":727,"HandDrill":928,"Kunai":146,"Replay:Wax Seal":125,"Electric Blood":319,"betterAltar:BloodRelic":802,"ReplayTheSpireMod:Ring of Addiction":228,"Blue Candle":1086,"Replay:Ancient Bell":224,"Akabeko":436,"Ooze Armor":825,"Bird Faced Urn":28,"ReplayTheSpireMod:Ring of Collecting":865,"Mark of Pain":174,"Regal Pillow":52,"Lantern":224,"Torii":381,"Singing Bowl":473,"Magic Flower":125,"StoneCalendar":286,"Blue Doll":845,"King of Hearts":464,"Replay:Multitool":528,"Bag of Preparation":741,"Cursed Key":81,"Smiling Mask":1297,"Burning Blood":0,"Pet Ghost":375,"Replay:Rubber Ducky":565,"Shovel":224,"Ring of Peace":865,"Toolbox":125,"WingedGreaves":1330,"Chemical X":46,"Replay:Bottled Eggs":1495,"InkBottle":565,"Paper Frog":188,"Potion Belt":228,"Lee\u0027s Waffle":375,"Golden Idol":865,"Self Forming Clay":1254,"Thread and Needle":782,"PreservedInsect":668,"The Courier":1501,"betterThird:NestCultRelic":1532,"Omamori":460,"Ring of Greed":637,"Frozen Egg 2":749,"MawBank":431,"Replay:Arrowhead":853,"Busted Crown":501,"Ornamental Fan":833,"Bloody Idol":183,"Ring of Misfortune":228,"betterThird:SlimedRelic":475,"Turnip":671,"Art of War":239,"Garlic":644,"Durian":749,"ReplayTheSpireMod:Lightbulb":431,"Toy Ornithopter":431,"Ice Cream":404,"Divine Protection":1125,"Calipers":142,"Tiny House":1630,"Gremlin Horn":1157,"Nilry\u0027s Codex":46,"CeramicFish":335,"Vajra":28,"Lizard Tail":102,"Centennial Puzzle":475,"HornCleat":280,"FaceOfCleric":32,"DollysMirror":718,"Strawberry":409,"Honey Jar":1274,"Prayer Wheel":101,"Philosopher\u0027s Stone":1174,"Iron Hammer":146,"Toxic Egg 2":85,"Girya":519,"Happy Flower":161,"ReplayTheSpireMod:CursedCoin":506,"Dead Branch":38,"Replay:Grab Bag":1209,"Oddly Smooth Stone":375,"Charon\u0027s Ashes":860,"Letter Opener":306,"Replay:Kaleidoscope":363,"War Paint":759,"WarpedTongs":338,"Bottled Flame":193,"Replay:Baseball":448,"ReplayTheSpireMod:Spearhead":928,"ReplayTheSpireMod:Shallot":338,"Shuriken":224,"Bronze Scales":593,"Molten Egg 2":102,"Onion Ring":286,"Simple Rune":534,"ReplayTheSpireMod:TigerMarble":335,"Grinning Jar":479,"Mirror":1228,"Pocketwatch":1017,"Meat on the Bone":1347,"ReplayFunnel":648,"Darkstone Periapt":1364,"ReplayTheSpireMod:Ring of Exchange":916,"Replay:PocketPolymizer":565,"Black Blood":1209,"Mango":458,"Juzu Bracelet":506,"Incense Burner":749,"Replay:Mystery Machine":335,"Empty Cage":935,"ClockworkSouvenir":375,"Frozen Eye":860,"Nunchaku":256,"Dream Catcher":1150,"Replay:Bandana":1178,"Chameleon Ring":267,"TheAbacus":1495,"Mummified Hand":1010,"Pantograph":286,"Red Mask":101,"Replay:Bottled Snecko":1364,"Red Skull":38,"Runic Pyramid":1209,"Gremlin Food":228,"BargainBundle":422,"ReplayTheSpireMod:Ninjato":608,"Replay:Towering Pillar of Hats":1662,"Quantum Egg":245,"Replay:WaspNest":129,"Odd Mushroom":32,"Orichalcum":460,"White Beast Statue":228,"Mercury Hourglass":375,"Calling Bell":38,"Peace Pipe":749,"Strange Spoon":718,"CaptainsWheel":0,"Anchor":570,"Pondfish Scales":625,"ChewingGum":659,"Another Sword":464,"Snack Pack":431,"Bag of Marbles":473,"Coffee Dripper":625,"Membership Card":335,"FossilizedHelix":150,"TungstenRod":303,"ReplayTheSpireMod:ShopPack":898}],"Meat on the Bone":60},"card_choices":[{"not_picked":["Mayhem","Chrysalis"],"picked":"Magnetism","floor":0.0},{"not_picked":["Transmutation","Replay:SS_fish_3"],"picked":"Replay:SS_hec_1","floor":0.0},{"not_picked":["Forethought","expansioncontent:GoopSpray"],"picked":"expansioncontent:DarkVoid","floor":0.0},{"not_picked":["Shrug It Off","Life Link"],"picked":"ReplayTheSpireMod:Muscle Training","floor":1.0},{"not_picked":["Flex","Sword Boomerang"],"picked":"ReplayTheSpireMod:Limb From Limb","floor":2.0},{"not_picked":["Transmutation","Swift Strike"],"picked":"expansioncontent:Chronoboost","floor":4.0},{"not_picked":["Havoc","Body Slam"],"picked":"Defy Death","floor":5.0},{"not_picked":["Life Link","Massacre"],"picked":"ReplayTheSpireMod:Stacked","floor":7.0},{"not_picked":["Anger","Iron Wave"],"picked":"Heavy Blade","floor":8.0},{"not_picked":["Pommel Strike","Rampage"],"picked":"Seeing Red","floor":10.0},{"not_picked":["Anger","Thunderclap"],"picked":"Feel No Pain","floor":11.0},{"not_picked":["ReplayTheSpireMod:Strike From Hell","Shrug It Off"],"picked":"Ghostly Armor","floor":12.0},{"not_picked":["True Grit","Heavy Blade"],"picked":"Cleave","floor":16.0},{"not_picked":["Anger","Flex"],"picked":"Shockwave","floor":17.0},{"not_picked":["Barricade","Corruption"],"picked":"Limit Break","floor":18.0},{"not_picked":["Armaments","Clash"],"picked":"Ghostly Armor","floor":20.0},{"not_picked":["Inflame","Run Through+1"],"picked":"Power Through+1","floor":22.0},{"not_picked":["Perfected Strike","Body Slam+1"],"picked":"ReplayTheSpireMod:Strike From Hell","floor":24.0},{"not_picked":["Carnage","Shockwave"],"picked":"Sever Soul","floor":25.0},{"not_picked":["Flex","True Grit"],"picked":"Thunderclap","floor":26},{"not_picked":["Heavy Blade","Cleave"],"picked":"Iron Wave","floor":27},{"not_picked":["ReplayTheSpireMod:Strike From Hell","Cleave+1"],"picked":"Fiend Fire","floor":30},{"not_picked":["Pommel Strike","Reckless Charge+1"],"picked":"Flame Barrier","floor":32},{"not_picked":["Inflame","Body Slam"],"picked":"Havoc+1","floor":33},{"not_picked":["Fiend Fire","Hemogenesis"],"picked":"Feed","floor":35},{"not_picked":["Body Slam","Infernal Blade+1"],"picked":"Spot Weakness+1","floor":36},{"not_picked":["Shrug It Off","Second Wind"],"picked":"Seeing Red+1","floor":37},{"not_picked":["Burning Pact+1","Anger"],"picked":"ReplayTheSpireMod:LeadingStrike","floor":40},{"not_picked":["Perfected Strike","Defy Death+1"],"picked":"Anger","floor":41},{"not_picked":["Sword Boomerang+1","Ghostly Armor+1"],"picked":"Fiend Fire","floor":43},{"not_picked":["Replay:Undeath\u0027s Touch","ReplayTheSpireMod:Stacked+1"],"picked":"Twin Strike+1","floor":46},{"not_picked":["Iron Wave","ReplayTheSpireMod:Strike From Hell+1"],"picked":"Life Link+1","floor":47},{"not_picked":["Twin Strike","Havoc"],"picked":"Rage","floor":49},{"not_picked":["Twin Strike+1","Replay:Undeath\u0027s Touch"],"picked":"Anger+1","floor":50},{"not_picked":["Shrug It Off+1","Warcry+1"],"picked":"Metallicize+1","floor":51},{"not_picked":["Fire Breathing+1","Massacre"],"picked":"Power Through","floor":56}],"player_experience":405909,"relics_obtained":[{"floor":7.0,"key":"Red Skull"},{"floor":9.0,"key":"Replay:Wax Seal"},{"floor":10.0,"key":"Letter Opener"},{"floor":15.0,"key":"Ring of Greed"},{"floor":15.0,"key":"Smiling Mask"},{"floor":15.0,"key":"MealTicket"},{"floor":15.0,"key":"Ring of Searing"},{"floor":26,"key":"Akabeko"},{"floor":30,"key":"Gremlin Horn"},{"floor":33,"key":"Dead Branch"},{"floor":43,"key":"Meat on the Bone"},{"floor":45,"key":"Shovel"},{"floor":46,"key":"Nunchaku"},{"floor":49,"key":"Onion Ring"},{"floor":50,"key":"Replay:Towering Pillar of Hats"},{"floor":54,"key":"Self Forming Clay"},{"floor":56,"key":"Simple Rune"}],"event_choices":[{"damage_healed":0.0,"max_hp_gain":0.0,"max_hp_loss":0.0,"gold_gain":0.0,"event_name":"betterThird:BetterSerpent","player_choice":"RENOUNCE","floor":3.0,"gold_loss":131.0,"damage_taken":131.0,"cards_obtained":["Enlightenment"]},{"damage_healed":0.0,"max_hp_gain":0.0,"max_hp_loss":0.0,"gold_gain":1.0,"event_name":"betterStone:BetterStone","player_choice":"1","floor":4.0,"gold_loss":0.0,"damage_taken":0.0},{"damage_healed":0.0,"max_hp_gain":0.0,"max_hp_loss":8.0,"gold_gain":0.0,"event_name":"betterThird:BetterWriting","player_choice":"Simplicity","floor":21.0,"gold_loss":0.0,"damage_taken":0.0},{"damage_healed":0,"gold_gain":0,"player_choice":"Obtained Relic","damage_taken":0,"relics_obtained":["Mirror"],"max_hp_gain":0,"max_hp_loss":0,"event_name":"Addict","floor":31,"gold_loss":85},{"damage_healed":0,"gold_gain":0,"player_choice":"Embrace Madness","damage_taken":11,"max_hp_gain":0,"max_hp_loss":0,"event_name":"Winding Halls","floor":38,"gold_loss":0,"cards_obtained":["Madness","Madness"]},{"damage_healed":0,"gold_gain":0,"player_choice":"Got Potions","damage_taken":0,"max_hp_gain":0,"max_hp_loss":0,"event_name":"Lab","floor":39,"gold_loss":0},{"damage_healed":0,"gold_gain":0,"player_choice":"Ignored","damage_taken":0,"max_hp_gain":0,"max_hp_loss":0,"event_name":"Tomb of Lord Red Mask","floor":48,"gold_loss":0},{"damage_healed":0,"gold_gain":0,"player_choice":"Fight","damage_taken":0,"max_hp_gain":0,"max_hp_loss":0,"event_name":"Mysterious Sphere","floor":50,"gold_loss":0}],"is_beta":false,"boss_relics":[{"not_picked":["Busted Crown","Electric Blood"],"picked":"Cursed Key"},{"not_picked":["Snecko Eye","Coffee Dripper"],"picked":"Tiny House"}],"items_purged_floors":[],"is_endless":false,"potions_floor_spawned":[1,5,7,16,18,20,26,32,37,43,49],"ascension_level":9}}