{"host":"151yr9p79rpn1su6","time":1608836040,"event":{"mods":["BaseMod","Colored Map","Downfall","Minty Spire (QoL Compilation)","StSLib"],"gold_per_floor":[99,113,113,113,126,126,150,87,12,44,54,65,75,89,108,108,108,108],"floor_reached":16,"playtime":919,"items_purged":[],"score":104,"play_id":"70142043-d919-4458-ad8b-a67ea93f2e0e","local_time":"20201224135400","is_ascension_mode":false,"campfire_choices":[{"floor":1.0,"key":"RECALL"},{"data":"hexamod:FastForward","floor":9,"key":"SMITH"}],"circlet_count":0,"master_deck":["hexamod:Strike","hexamod:Strike","hexamod:Strike","hexamod:Strike","hexamod:Defend","hexamod:Defend","hexamod:Defend","hexamod:Defend","hexamod:Sear","hexamod:Float","hexamod:FastForward+1","hexamod:CatchUp","hexamod:SoulSteal","hexamod:InspiringFlames","hexamod:CrushingStance","hexamod:SpectersWail","hexamod:SpectralSpark"],"relics":["hexamod:SpiritBrand","Toy Ornithopter","downfall:HeartBlessingBlue","MealTicket"],"acts_visited":["Exordium"],"potions_floor_usage":[10,15,16,16],"damage_taken":[{"damage":0.0,"enemies":"2 Louse","floor":2.0,"turns":3.0},{"damage":0,"enemies":"Jaw Worm","floor":5,"turns":3},{"damage":0,"enemies":"Cultist","floor":6,"turns":1},{"damage":0,"enemies":"downfall:FleeingMerchant","floor":8,"turns":4},{"damage":32,"enemies":"Lagavulin","floor":10,"turns":9},{"damage":7,"enemies":"Exordium Wildlife","floor":11,"turns":3},{"damage":1,"enemies":"Blue Slaver","floor":12,"turns":4},{"damage":7,"enemies":"3 Louse","floor":13,"turns":3},{"damage":0,"enemies":"2 Fungi Beasts","floor":14,"turns":3},{"damage":0,"enemies":"Gremlin Gang","floor":15,"turns":3},{"damage":79,"enemies":"downfall:Defect","floor":16,"turns":9}],"seed_played":"-4599002504300734391","potions_obtained":[{"floor":11,"key":"BlessingOfTheForge"},{"floor":12,"key":"Swift Potion"},{"floor":13,"key":"FairyPotion"},{"floor":15,"key":"sneckomod:MuddlingPotion"}],"is_trial":false,"path_per_floor":["R","M","?","T","M","M","T","$","R","E","M","M","M","M","M","B"],"character_chosen":"THE_SPIRIT","items_purchased":["PowerPotion"],"campfire_rested":0,"item_purchase_floors":[8],"current_hp_per_floor":[70,70,70,70,70,70,70,70,80,53,46,45,38,38,43,0,0,0],"gold":108,"neow_bonus":"RANDOM_COMMON_RELIC","is_daily":false,"chose_seed":false,"campfire_upgraded":1,"win_rate":0.0,"timestamp":1608836040,"path_taken":["R","M","?","?","M","M","T","$","R","E","M","M","M","?","M","BOSS"],"items_purchased_type":["Potion"],"build_version":"2020-12-22","purchased_purges":0,"victory":false,"max_hp_per_floor":[70,70,70,70,70,70,70,70,80,80,80,80,80,80,80,80,80,80],"card_choices":[{"not_picked":["hexamod:SwordOfDarkness","hexamod:ShieldOfDarkness"],"picked":"hexamod:FastForward","floor":2.0},{"not_picked":["hexamod:ShieldOfDarkness","hexamod:ChargedBarrage"],"picked":"hexamod:CatchUp","floor":5},{"not_picked":["hexamod:DynamicBlow","hexamod:PhantomCloak","hexamod:ShieldOfDarkness"],"picked":"SKIP","floor":6},{"not_picked":["hexamod:ThermalTransfer","hexamod:HeatShield","hexamod:Rewind"],"picked":"SKIP","floor":8},{"not_picked":["hexamod:Firestarter","hexamod:SwordOfDarkness"],"picked":"hexamod:SoulSteal","floor":10},{"not_picked":["hexamod:NightmareGuise","hexamod:SwordOfDarkness","hexamod:AdvancingGuard"],"picked":"SKIP","floor":11},{"not_picked":["hexamod:AdvancingGuard","hexamod:GhostShield"],"picked":"hexamod:InspiringFlames","floor":12},{"not_picked":["hexamod:PhantomCloak","hexamod:SuperheatedStrike"],"picked":"hexamod:CrushingStance","floor":13},{"not_picked":["hexamod:NightmareStrike","hexamod:SecondSeal"],"picked":"hexamod:SpectersWail","floor":14},{"not_picked":["hexamod:Haunt","hexamod:SuperheatedStrike"],"picked":"hexamod:SpectralSpark","floor":15}],"player_experience":1037936,"relics_obtained":[{"floor":10,"key":"MealTicket"}],"event_choices":[],"is_beta":false,"boss_relics":[],"items_purged_floors":[],"is_endless":false,"potions_floor_spawned":[11,12,13,15],"killed_by":"downfall:Defect","ascension_level":0}}