{"host":"oiai0qxasotny765","time":1608821314,"event":{"mods":["2.2 Compatiblity","AchievementEnabler","BaseMod","Colored Map","Minty Spire (QoL Compilation)","Permanent Neow","Relic Stats","StSLib","SuperFastMode","everything is the same but u backflip on backflip"],"gold_per_floor":[16,16,33,33,56,56,80,130,130,142,169,181,207,107,107,201,201,201,201,201,101,101,101,101,101,101,101,101,101],"floor_reached":28,"playtime":706,"items_purged":["Strike_G","Strike_G"],"score":429,"play_id":"92fe8303-64f6-4b80-a11c-42b77daee646","local_time":"20201224234834","is_ascension_mode":true,"campfire_choices":[{"data":"Blade Dance","floor":6.0,"key":"SMITH"},{"floor":10.0,"key":"REST"},{"data":"Finisher","floor":12.0,"key":"SMITH"},{"data":"Cloak And Dagger","floor":15.0,"key":"SMITH"},{"data":"Accuracy","floor":23,"key":"SMITH"},{"floor":25,"key":"REST"}],"circlet_count":0,"master_deck":["AscendersBane","Strike_G","Strike_G","Defend_G","Defend_G","Defend_G","Defend_G","Survivor","Neutralize","Reflex","Masterful Stab","Blade Dance+1","Cloak And Dagger+1","Finisher+1","Accuracy+1","Die Die Die","Escape Plan","PiercingWail+1","Dodge and Roll","Corpse Explosion"],"relics":["Ring of the Snake","Tough Bandages","Golden Idol","MawBank","Ectoplasm","Bottled Lightning","Ancient Tea Set"],"acts_visited":["Exordium","TheCity"],"potions_floor_usage":[16,24,24],"damage_taken":[{"damage":2.0,"enemies":"Small Slimes","floor":1.0,"turns":5.0},{"damage":3.0,"enemies":"2 Louse","floor":3.0,"turns":3.0},{"damage":3.0,"enemies":"Cultist","floor":5.0,"turns":4.0},{"damage":12.0,"enemies":"Gremlin Gang","floor":7.0,"turns":6.0},{"damage":0.0,"enemies":"Red Slaver","floor":11.0,"turns":3.0},{"damage":13.0,"enemies":"Large Slime","floor":13.0,"turns":8.0},{"damage":6,"enemies":"Hexaghost","floor":16,"turns":9},{"damage":0,"enemies":"3 Byrds","floor":18,"turns":4},{"damage":16,"enemies":"Shell Parasite","floor":22,"turns":5},{"damage":23,"enemies":"Slavers","floor":24,"turns":6},{"damage":55,"enemies":"Snecko","floor":28,"turns":6}],"seed_played":"-7225102245331951463","potions_obtained":[{"floor":3.0,"key":"PowerPotion"},{"floor":7.0,"key":"Swift Potion"},{"floor":16,"key":"GhostInAJar"},{"floor":22,"key":"BlessingOfTheForge"}],"is_trial":false,"path_per_floor":["M","$","M","?","M","R","M","?","T","R","M","R","M","$","R","B",null,"M","?","?","$","M","R","E","R","T","?","M"],"character_chosen":"THE_SILENT","items_purchased":["Accuracy"],"campfire_rested":2,"item_purchase_floors":[14],"current_hp_per_floor":[57,57,54,31,28,28,16,10,10,29,29,29,16,16,16,10,52,52,52,52,52,36,36,13,32,32,32,0,0],"gold":101,"neow_bonus":"ONE_RARE_RELIC","is_daily":false,"chose_seed":false,"campfire_upgraded":4,"win_rate":0.0,"timestamp":1608821314,"path_taken":["M","$","M","?","M","R","M","?","T","R","?","R","?","?","R","BOSS","M","?","?","$","M","R","E","R","T","?","M"],"items_purchased_type":["Card"],"build_version":"2020-12-22","purchased_purges":2,"victory":false,"max_hp_per_floor":[66,66,66,66,66,66,66,66,66,66,66,66,66,66,66,66,66,66,66,66,66,66,66,66,66,66,66,66,66],"relic_stats":{"Tough Bandages":[42],"counters":[11,59],"Golden Idol":51,"Ectoplasm":151,"MawBank":60,"obtain_stats":[{"Tough Bandages":0,"Golden Idol":4,"Ectoplasm":17,"Bottled Lightning":24,"MawBank":9,"Ancient Tea Set":26,"Ring of the Snake":0},{"Tough Bandages":0,"Golden Idol":2,"Ectoplasm":7,"Bottled Lightning":10,"MawBank":4,"Ancient Tea Set":10,"Ring of the Snake":0},{"Tough Bandages":0,"Golden Idol":8,"Ectoplasm":38,"Bottled Lightning":53,"MawBank":18,"Ancient Tea Set":53,"Ring of the Snake":0}],"Ring of the Snake":[22]},"card_choices":[{"not_picked":["Cloak And Dagger","Finisher"],"picked":"Reflex","floor":1.0},{"not_picked":["Dodge and Roll","PiercingWail"],"picked":"Masterful Stab","floor":3.0},{"not_picked":["Endless Agony","Bouncing Flask"],"picked":"Blade Dance","floor":5.0},{"not_picked":["Endless Agony","Poisoned Stab"],"picked":"Cloak And Dagger","floor":7.0},{"not_picked":["Cloak And Dagger","Backflip"],"picked":"Finisher","floor":11.0},{"not_picked":["Distraction","Outmaneuver","Deflect"],"picked":"SKIP","floor":13.0},{"not_picked":["Bullet Time","Venomology"],"picked":"Die Die Die","floor":16},{"not_picked":["Cloak And Dagger","PiercingWail","Outmaneuver"],"picked":"SKIP","floor":18},{"not_picked":["Masterful Stab","Finisher"],"picked":"Escape Plan","floor":22},{"not_picked":["Quick Slash","Dodge and Roll"],"picked":"PiercingWail+1","floor":24}],"player_experience":281019,"relics_obtained":[{"floor":9.0,"key":"MawBank"},{"floor":24,"key":"Bottled Lightning"},{"floor":26,"key":"Ancient Tea Set"}],"event_choices":[{"damage_healed":0.0,"max_hp_gain":0.0,"max_hp_loss":0.0,"gold_gain":0.0,"event_name":"Golden Idol","player_choice":"Take Damage","floor":4.0,"gold_loss":0.0,"damage_taken":23.0,"relics_obtained":["Golden Idol"]},{"damage_healed":0.0,"max_hp_gain":0.0,"max_hp_loss":0.0,"gold_gain":50.0,"event_name":"FaceTrader","player_choice":"Touch","floor":8.0,"gold_loss":0.0,"damage_taken":6.0},{"damage_healed":0,"gold_gain":0,"player_choice":"Ignored","damage_taken":0,"max_hp_gain":0,"max_hp_loss":0,"event_name":"The Mausoleum","floor":19,"gold_loss":0},{"damage_healed":0,"gold_gain":50,"player_choice":"Stole From Cult","damage_taken":0,"max_hp_gain":0,"max_hp_loss":0,"event_name":"Nest","floor":20,"gold_loss":0},{"damage_healed":0,"gold_gain":0,"cards_transformed":["Strike_G","Defend_G"],"player_choice":"Became Test Subject","damage_taken":0,"max_hp_gain":0,"max_hp_loss":0,"event_name":"Drug Dealer","floor":27,"gold_loss":0,"cards_obtained":["Dodge and Roll","Corpse Explosion"]}],"is_beta":false,"boss_relics":[{"not_picked":["Velvet Choker","Snecko Eye"],"picked":"Ectoplasm"}],"items_purged_floors":[14,21],"is_endless":false,"potions_floor_spawned":[3,7,16,22],"killed_by":"Snecko","ascension_level":18}}