{"host":"4so6zk3ni2nu7g2c","time":1608793900,"event":{"mods":["ATMod(°¢èªMod)","Act Like it!","BaseMod","Gensokyo","Minty Spire (QoL Compilation)","Quick Restart","Replay The Spire","Shop Mod","StSLib","¡¾ÒÅÎï¿¨ÅÆ¡¿REMEMod"],"gold_per_floor":[118,134,234,98,112,112,140,140,140,158,190,190,217,247,247,347,347,357,20,33,33,0,25,25,36,36,55,55,55,80,80,80,178,228,238,252,1251,1551,1566,1591,1627,1656,1656,1686,1018,1018,610,660,660,682,682,682,33,93,135],"floor_reached":56,"playtime":2995,"items_purged":["Normality","Normality"],"score":1788,"play_id":"653d6112-9c99-42b4-ac37-109fa524e694","local_time":"20201224151140","is_ascension_mode":true,"campfire_choices":[{"data":"AT_EmpoweredMortalDraw","floor":6.0,"key":"SMITH"},{"data":"Echo Form","floor":15.0,"key":"SMITH"},{"data":"Gensokyo:SevenSchoolMysteries","floor":24.0,"key":"SMITH"},{"floor":32.0,"key":"REST"},{"data":"REME_CRH","floor":46,"key":"SMITH"},{"floor":49,"key":"RECALL"},{"data":"AT_ChampionStep","floor":52,"key":"SMITH"}],"circlet_count":0,"master_deck":["AscendersBane","Strike_P","Strike_P+1","Strike_P+1","Strike_P","Defend_P","Defend_P","Defend_P","Defend_P","Eruption+1","Vigilance","AT_EmpoweredMortalDraw+1","Echo Form+1","Consecrate","FlurryOfBlows","DeusExMachina","Vault","FlurryOfBlows","Ragnarok+1","Gensokyo:SevenSchoolMysteries+1","Prostrate+1","AT_IrregularMenstruation","REME_CRH+1","AT_ChampionStep+1","Echo Form+1","ReplayTheSpireMod:Brewmster","REME_PuzzleBox"],"relics":["PureWater","AT_ATBox","REME_ComplimentaryCards","NeowsBlessing","Medical Kit","Quantum Egg","Gensokyo:PortableGap","Lantern","Gensokyo:PerfectCherryBlossom","Nunchaku","Replay:Bottled Steam","SlaversCollar","REME_CardOfGreed","Singing Bowl","Yang","Gensokyo:ConquerorOfFear","REME_HandOfSuture","Tiny House","Divine Protection","Replay:Purple Gloves","Mirror","MealTicket","Replay:Bandana","Boot","DollysMirror","MerchantsRug","Replay:Wax Seal","Whetstone","ReplayTheSpireMod:ShopPack","Pocketwatch","Vajra","Pet Ghost","Chemical X","Bronze Scales"],"acts_visited":["Gensokyo:Gensokyo","Gensokyo:Gensokyoer","TheBeyond","TheEnding"],"potions_floor_usage":[40,48,50,55,55,55],"damage_taken":[{"damage":0.0,"enemies":"Gensokyo:3_Fairies","floor":1.0,"turns":1.0},{"damage":0.0,"enemies":"Gensokyo:Gryphon","floor":2.0,"turns":1.0},{"damage":0.0,"enemies":"Gensokyo:2_Kodama","floor":5.0,"turns":1.0},{"damage":15.0,"enemies":"Gensokyo:Cirno","floor":7.0,"turns":7.0},{"damage":14.0,"enemies":"Gensokyo:5_Fairies","floor":10.0,"turns":5.0},{"damage":5.0,"enemies":"Gensokyo:Mamizou","floor":11.0,"turns":6.0},{"damage":16.0,"enemies":"Gensokyo:Aya","floor":13.0,"turns":6.0},{"damage":0.0,"enemies":"Gensokyo:Cirno","floor":14.0,"turns":4.0},{"damage":38.0,"enemies":"Gensokyo:Yukari","floor":16.0,"turns":4.0},{"damage":0.0,"enemies":"Gensokyo:3_Dogs","floor":18.0,"turns":1.0},{"damage":2.0,"enemies":"Gensokyo:2_Gloops","floor":20.0,"turns":3.0},{"damage":14.0,"enemies":"Gensokyo:Koishi","floor":23.0,"turns":5.0},{"damage":29.0,"enemies":"Gensokyo:Slime_Group","floor":25.0,"turns":4.0},{"damage":0.0,"enemies":"Gensokyo:Chomper_and_Gloop","floor":27.0,"turns":4.0},{"damage":8.0,"enemies":"Gensokyo:Tenshi","floor":30.0,"turns":3.0},{"damage":20.0,"enemies":"Gensokyo:Kaguya","floor":33.0,"turns":7.0},{"damage":0.0,"enemies":"3 Darklings","floor":35.0,"turns":2.0},{"damage":0.0,"enemies":"3 Shapes","floor":36.0,"turns":2.0},{"damage":0.0,"enemies":"Sphere and 2 Shapes","floor":39.0,"turns":1.0},{"damage":30,"enemies":"Reptomancer","floor":40,"turns":6},{"damage":0,"enemies":"R_Hoarder","floor":42,"turns":6},{"damage":0,"enemies":"Nemesis","floor":44,"turns":8},{"damage":0,"enemies":"R_Hoarder","floor":48,"turns":3},{"damage":0,"enemies":"Replay:Hell Engine","floor":50,"turns":2},{"damage":20,"enemies":"Shield and Spear","floor":54,"turns":4},{"damage":66,"enemies":"The Heart","floor":55,"turns":4}],"seed_played":"-1244902283671764880","potions_obtained":[{"floor":1.0,"key":"CultistPotion"},{"floor":5.0,"key":"LifebloodPotion"},{"floor":7.0,"key":"FearPotion"},{"floor":13.0,"key":"Explosive Potion"},{"floor":14.0,"key":"Strength Potion"},{"floor":18.0,"key":"Elixir"},{"floor":25.0,"key":"Flashbang"},{"floor":40,"key":"SneckoOil"},{"floor":48,"key":"Energy Potion"}],"is_trial":false,"path_per_floor":["M","M","?","COS","M","R","E","?","T","M","E","?","E","E","R","B",null,"M","COS","M","?","?","E","R","M","T","M","?","$","E","?","R","B",null,"M","M","?","?","M","E","?","E","T","E","$","R","$","E","R","B",null,"R","$","E","B",null],"character_chosen":"WATCHER","items_purchased":["Replay:Bandana","Boot","DollysMirror","MerchantsRug","Replay:Wax Seal","Whetstone","ReplayTheSpireMod:ShopPack","Vajra","Pet Ghost","Chemical X","REME_PuzzleBox"],"campfire_rested":1,"item_purchase_floors":[45,45,45,45,47,47,47,53,53,53,53],"current_hp_per_floor":[65,65,65,65,65,65,50,50,50,36,41,41,25,25,25,6,53,53,53,51,51,51,39,39,12,12,14,14,14,8,8,30,10,65,67,69,69,69,71,41,43,45,45,47,62,62,81,83,83,83,88,88,90,72,10],"gold":135,"neow_bonus":"THREE_ENEMY_KILL","is_daily":false,"chose_seed":false,"campfire_upgraded":5,"win_rate":0.0,"timestamp":1608793900,"path_taken":["M","?","?","COS","M","R","E","?","T","?","E","?","E","E","R","BOSS","M","COS","M","?","?","E","R","?","T","M","?","$","E","?","R","BOSS","M","M","?","?","?","E","?","E","T","E","$","R","$","E","R","BOSS","R","$","E","BOSS"],"items_purchased_type":["Relic","Relic","Relic","Relic","Relic","Relic","Relic","Relic","Relic","Relic","Card"],"build_version":"2020-12-22","purchased_purges":2,"victory":true,"max_hp_per_floor":[72,72,72,72,72,72,72,65,62,62,72,72,69,69,69,69,69,69,69,69,69,69,71,71,73,73,75,75,75,74,74,74,74,81,83,85,85,82,84,84,86,88,88,90,87,87,88,90,90,90,90,90,90,92,92],"card_choices":[{"not_picked":["AT_RealFormLess","JustLucky"],"picked":"Consecrate","floor":1.0},{"not_picked":["REME_Repentance","Protect","Replay:ManipulateFuture"],"picked":"SKIP","floor":2.0},{"not_picked":["CrushJoints","Consecrate"],"picked":"FlurryOfBlows","floor":5.0},{"not_picked":["BowlingBash","Protect","EmptyBody"],"picked":"SKIP","floor":7.0},{"not_picked":["Replay:ManipulateFuture","Worship"],"picked":"DeusExMachina","floor":10.0},{"not_picked":["CutThroughFate","Replay:Anticipation"],"picked":"Vault","floor":11.0},{"not_picked":["Sanctity","FollowUp"],"picked":"FlurryOfBlows","floor":13.0},{"not_picked":["Evaluate","FlurryOfBlows"],"picked":"Halt","floor":14.0},{"not_picked":["AT_ChampionKick","REME_EmptyShield"],"picked":"Ragnarok","floor":16.0},{"not_picked":["BattleHymn+1","CutThroughFate","JustLucky"],"picked":"SKIP","floor":18.0},{"not_picked":["Worship+1","CutThroughFate"],"picked":"Prostrate+1","floor":20.0},{"not_picked":["Replay:Hum","REME_EmptyShield","ThirdEye"],"picked":"Singing Bowl","floor":23.0},{"not_picked":["SashWhip+1","SandsOfTime+1","InnerPeace"],"picked":"Singing Bowl","floor":25.0},{"not_picked":["Study","Meditate","CutThroughFate"],"picked":"Singing Bowl","floor":27.0},{"not_picked":["ThirdEye","Study","InnerPeace"],"picked":"Singing Bowl","floor":30.0},{"not_picked":["Judgement","AT_MachinaRedman"],"picked":"REME_CRH","floor":33.0},{"not_picked":["WindmillStrike","SashWhip","Protect+1"],"picked":"Singing Bowl","floor":34.0},{"not_picked":["Evaluate+1","Prostrate+1","EmptyBody"],"picked":"Singing Bowl","floor":35.0},{"not_picked":["SashWhip","DeceiveReality","Replay:Cycle+1"],"picked":"Singing Bowl","floor":36.0},{"not_picked":["CrushJoints+1","REME_EmptyShield","Adaptation"],"picked":"Singing Bowl","floor":39.0},{"not_picked":["Consecrate","EmptyBody"],"picked":"AT_ChampionStep","floor":40},{"not_picked":["Wallop","Worship+1","Prostrate"],"picked":"Singing Bowl","floor":41},{"not_picked":["Crescendo+1","Replay:BluntJabs","REME_WorshipGod"],"picked":"Singing Bowl","floor":42},{"not_picked":["InnerPeace+1","BowlingBash","Replay:Hum"],"picked":"Singing Bowl","floor":44},{"not_picked":["REME_BattleFury","REME_MawOfCthun"],"picked":"ReplayTheSpireMod:Brewmster","floor":47},{"not_picked":["Madness","AT_BreakingExtremeWeapon","Good Instincts"],"picked":"Singing Bowl","floor":47},{"not_picked":["REME_FirmDetermination","Dramatic Entrance","Sadistic Nature"],"picked":"Singing Bowl","floor":47},{"not_picked":["Replay:ManipulateFuture","DeceiveReality","FlyingSleeves+1"],"picked":"Singing Bowl","floor":48},{"not_picked":["BattleHymn","Wallop+1","FlurryOfBlows+1"],"picked":"Singing Bowl","floor":54}],"player_experience":364501,"relics_obtained":[{"floor":7.0,"key":"Quantum Egg"},{"floor":9.0,"key":"Lantern"},{"floor":11.0,"key":"Pear"},{"floor":13.0,"key":"Nunchaku"},{"floor":14.0,"key":"Replay:Bottled Steam"},{"floor":23.0,"key":"Singing Bowl"},{"floor":26.0,"key":"Yang"},{"floor":30.0,"key":"Gensokyo:ConquerorOfFear"},{"floor":30.0,"key":"REME_HandOfSuture"},{"floor":40,"key":"Divine Protection"},{"floor":41,"key":"Replay:Purple Gloves"},{"floor":42,"key":"Mirror"},{"floor":44,"key":"MealTicket"},{"floor":48,"key":"Pocketwatch"},{"floor":54,"key":"Bronze Scales"}],"event_choices":[{"damage_healed":0.0,"max_hp_gain":0.0,"max_hp_loss":0.0,"gold_gain":999.0,"event_name":"MindBloom","player_choice":"Gold","floor":37.0,"gold_loss":0.0,"damage_taken":0.0,"cards_obtained":["Normality","Normality"]},{"damage_healed":0.0,"max_hp_gain":0.0,"max_hp_loss":0.0,"gold_gain":300.0,"event_name":"Wheel of Change","player_choice":"Gold","floor":38.0,"gold_loss":0.0,"damage_taken":0.0}],"is_beta":false,"boss_relics":[{"not_picked":["SacredBark","Painkiller Herb"],"picked":"SlaversCollar"},{"not_picked":["Snecko Eye","Abe\u0027s Treasure"],"picked":"Tiny House"}],"items_purged_floors":[45,47],"is_endless":false,"potions_floor_spawned":[1,5,7,13,14,18,25,30,39,40,48],"ascension_level":10}}