{"host":"mjau5a91be6b66g4","time":1608811183,"event":{"mods":["BaseMod","Minty Spire (QoL Compilation)","StSLib","The Animator","The Bug Knight","The Jungle"],"gold_per_floor":[215,229,404,414,431,431,451,451,533,315,326,326,341,360,360,360,360],"floor_reached":16,"playtime":493,"items_purged":["Strike_R"],"score":96,"play_id":"24940606-c424-4447-8b19-1691a14d508d","local_time":"20201224195943","is_ascension_mode":false,"campfire_choices":[{"floor":6,"key":"REST"},{"floor":15,"key":"REST"}],"circlet_count":0,"master_deck":["Strike_R","Strike_R","Strike_R","Strike_R","Defend_R","Defend_R","Defend_R","Defend_R","Bash","Metallicize","Sentinel","Doubt","Headbutt","Battle Trance","Body Slam","Parasite","Metallicize","Body Slam"],"relics":["Burning Blood","Letter Opener","Anchor"],"acts_visited":["Exordium"],"potions_floor_usage":[],"damage_taken":[{"damage":6,"enemies":"Jaw Worm","floor":1,"turns":3},{"damage":10,"enemies":"Small Slimes","floor":2,"turns":3},{"damage":12,"enemies":"2 Louse","floor":4,"turns":3},{"damage":16,"enemies":"Looter","floor":5,"turns":4},{"damage":79,"enemies":"Gremlin Gang","floor":7,"turns":7},{"damage":2,"enemies":"Large Slime","floor":11,"turns":6},{"damage":1,"enemies":"2 Fungi Beasts","floor":13,"turns":5},{"damage":6,"enemies":"Looter","floor":14,"turns":4},{"damage":48,"enemies":"The Guardian","floor":16,"turns":9}],"seed_played":"9207078129195840795","potions_obtained":[{"floor":4,"key":"HeartOfIron"},{"floor":5,"key":"SkillPotion"},{"floor":13,"key":"SneckoOil"}],"is_trial":false,"path_per_floor":["M","M","?","M","M","R","M","?","T","$","M","?","M","M","R","B"],"character_chosen":"IRONCLAD","items_purchased":["Anchor"],"campfire_rested":2,"item_purchase_floors":[10],"current_hp_per_floor":[80,76,76,70,60,80,7,27,27,27,31,31,36,36,60,12,12],"gold":360,"neow_bonus":"HUNDRED_GOLD","is_daily":false,"chose_seed":false,"campfire_upgraded":0,"win_rate":0.0,"timestamp":1608811183,"path_taken":["M","M","?","M","M","R","M","?","T","$","M","?","M","M","R","BOSS"],"items_purchased_type":["Relic"],"build_version":"2020-12-22","purchased_purges":1,"victory":false,"max_hp_per_floor":[80,80,80,80,80,80,80,80,80,80,80,80,80,80,80,80,80],"card_choices":[{"not_picked":["Heavy Blade","Carnage"],"picked":"Metallicize","floor":1},{"not_picked":["Clash","Iron Wave"],"picked":"Sentinel","floor":2},{"not_picked":["Thunderclap","Reckless Charge"],"picked":"Headbutt","floor":4},{"not_picked":["Twin Strike","Wild Strike"],"picked":"Battle Trance","floor":5},{"not_picked":["Armaments","Cleave"],"picked":"Body Slam","floor":7},{"not_picked":["Cleave","Hemokinesis","Havoc"],"picked":"SKIP","floor":11},{"not_picked":["Burning Pact","Sword Boomerang"],"picked":"Metallicize","floor":13},{"not_picked":["Warcry","Rage"],"picked":"Body Slam","floor":14}],"player_experience":216374,"relics_obtained":[{"floor":9,"key":"Letter Opener"}],"event_choices":[{"damage_healed":0,"gold_gain":175,"player_choice":"AGREE","damage_taken":0,"max_hp_gain":0,"max_hp_loss":0,"event_name":"Liars Game","floor":3,"gold_loss":0,"cards_obtained":["Doubt"]},{"damage_healed":20,"gold_gain":0,"player_choice":"Healed and dodged fight","damage_taken":0,"max_hp_gain":0,"max_hp_loss":0,"event_name":"Mushrooms","floor":8,"gold_loss":0,"cards_obtained":["Parasite"]},{"damage_healed":0,"gold_gain":0,"player_choice":"Searched \u00270\u0027 times","damage_taken":0,"max_hp_gain":0,"max_hp_loss":0,"event_name":"Dead Adventurer","floor":12,"gold_loss":0}],"is_beta":false,"boss_relics":[],"items_purged_floors":[10],"is_endless":false,"potions_floor_spawned":[4,5,13,14],"killed_by":"The Guardian","ascension_level":0}}