{"host":"kh6fvhxn285ncg0o","time":1608790984,"event":{"mods":["Act Like it!","BaseMod","Colored Map","Friendly Minions","Keyboard Shortcuts","Minty Spire (QoL Compilation)","Quick Restart","Relic Stats","StSLib","SuperFastMode"],"gold_per_floor":[113,113,188,202,167,167,193,193,275,294,294,294,294],"floor_reached":12,"playtime":220,"items_purged":[],"score":152,"play_id":"e6545819-29b1-4f39-9178-6e4548ad77e1","local_time":"20201224152304","is_ascension_mode":true,"campfire_choices":[{"data":"Flex","floor":6.0,"key":"SMITH"},{"data":"Fire Breathing","floor":8.0,"key":"SMITH"},{"floor":11.0,"key":"REST"}],"circlet_count":0,"master_deck":["AscendersBane","Strike_R","Strike_R+1","Strike_R","Defend_R","Defend_R","Defend_R","Defend_R","Bash+1","Clumsy","Burning Pact","Flex+1","Fire Breathing+1","Armaments"],"relics":["Burning Blood","MealTicket","HornCleat"],"acts_visited":["Exordium"],"potions_floor_usage":[12],"damage_taken":[{"damage":17.0,"enemies":"Small Slimes","floor":1.0,"turns":6.0},{"damage":7.0,"enemies":"Jaw Worm","floor":4.0,"turns":4.0},{"damage":33.0,"enemies":"Lagavulin","floor":7.0,"turns":7.0},{"damage":11.0,"enemies":"2 Louse","floor":10.0,"turns":2.0},{"damage":58,"enemies":"Gremlin Nob","floor":12,"turns":4}],"seed_played":"-4719187383193491606","potions_obtained":[{"floor":4.0,"key":"EssenceOfSteel"},{"floor":10.0,"key":"Strength Potion"}],"is_trial":false,"path_per_floor":["M","?","?","M","?","R","E","R","T","M","R","E"],"character_chosen":"IRONCLAD","items_purchased":[],"campfire_rested":1,"item_purchase_floors":[],"current_hp_per_floor":[57,34,23,22,40,40,13,13,13,8,30,0,0],"gold":294,"neow_bonus":"TRANSFORM_TWO_CARDS","is_daily":false,"chose_seed":false,"campfire_upgraded":2,"win_rate":0.0,"timestamp":1608790984,"path_taken":["M","?","?","M","?","R","E","R","T","?","R","E"],"items_purchased_type":[],"build_version":"2020-12-22","purchased_purges":0,"victory":false,"max_hp_per_floor":[75,75,75,75,75,75,75,75,75,75,75,75,75],"relic_stats":{"counters":[5,23],"MealTicket":0,"obtain_stats":[{"HornCleat":9,"MealTicket":7,"Burning Blood":0},{"HornCleat":3,"MealTicket":3,"Burning Blood":0},{"HornCleat":17,"MealTicket":17,"Burning Blood":0}],"Burning Blood":24},"card_choices":[{"not_picked":["Dual Wield","Body Slam"],"picked":"Fire Breathing","floor":4.0},{"not_picked":["Fire Breathing","Blood for Blood"],"picked":"Armaments","floor":10.0}],"player_experience":3237100,"relics_obtained":[{"floor":7.0,"key":"MealTicket"},{"floor":9.0,"key":"HornCleat"}],"event_choices":[{"damage_healed":0.0,"max_hp_gain":0.0,"max_hp_loss":0.0,"gold_gain":0.0,"event_name":"Shining Light","player_choice":"Entered Light","floor":2.0,"gold_loss":0.0,"damage_taken":23.0,"cards_upgraded":["Strike_R","Bash"]},{"damage_healed":0.0,"max_hp_gain":0.0,"max_hp_loss":0.0,"gold_gain":75.0,"event_name":"World of Goop","player_choice":"Gather Gold","floor":3.0,"gold_loss":0.0,"damage_taken":11.0},{"damage_healed":18.0,"max_hp_gain":0.0,"max_hp_loss":0.0,"gold_gain":0.0,"event_name":"The Cleric","player_choice":"Healed","floor":5.0,"gold_loss":35.0,"damage_taken":0.0}],"is_beta":false,"boss_relics":[],"items_purged_floors":[],"is_endless":false,"potions_floor_spawned":[4,10],"killed_by":"Gremlin Nob","ascension_level":20}}