{"host":"69rply1jf2d1wbmp","time":1608815617,"event":{"mods":["BaseMod","Minty Spire (QoL Compilation)","Quick Restart"],"gold_per_floor":[116,191,204,204,204,235,235,247,247,247,276,8,41,54,54,149,149,169,169,268,285,298,332,414,414,414,122,122,139,139,155,155,260,260,278,278,3,3,0,0,0,0,26,26,44,57,7,52,52,52,52],"floor_reached":50,"playtime":1545,"items_purged":["Strike_G","Strike_G","Defend_G","Strike_G+1"],"score":499,"play_id":"d9f3444c-8ca5-4c87-9e56-d0f9e2dc5ba7","local_time":"20201224081337","is_ascension_mode":false,"campfire_choices":[{"floor":7,"key":"REST"},{"floor":10,"key":"RECALL"},{"floor":15,"key":"REST"},{"floor":25,"key":"REST"},{"floor":28,"key":"REST"},{"floor":32,"key":"REST"},{"data":"Envenom","floor":40,"key":"SMITH"},{"data":"Blade Dance","floor":42,"key":"SMITH"},{"data":"Noxious Fumes","floor":44,"key":"SMITH"},{"floor":49,"key":"REST"}],"circlet_count":0,"master_deck":["Defend_G","Defend_G","Survivor","Neutralize+1","Backflip+1","Accuracy","After Image","Infinite Blades","Footwork","Cloak And Dagger+1","Bane+1","Noxious Fumes+1","Blade Dance+1","Noxious Fumes+1","Noxious Fumes","Blade Dance+1","Deflect+1","Envenom+1","Infinite Blades","Terror"],"relics":["Ring of the Snake","NeowsBlessing","Paper Crane","Smiling Mask","PreservedInsect","Dream Catcher","Astrolabe","Vajra","Gremlin Horn","The Courier","White Beast Statue","Oddly Smooth Stone","Empty Cage","ClockworkSouvenir","Mercury Hourglass","Red Mask","Pen Nib","Gambling Chip"],"acts_visited":["Exordium","TheCity","TheBeyond"],"potions_floor_usage":[11,13,16,21,21,33,33,48,50,50,50],"damage_taken":[{"damage":0,"enemies":"2 Louse","floor":1,"turns":1},{"damage":0,"enemies":"Small Slimes","floor":3,"turns":1},{"damage":0,"enemies":"3 Sentries","floor":6,"turns":1},{"damage":0,"enemies":"Jaw Worm","floor":8,"turns":5},{"damage":8,"enemies":"Gremlin Nob","floor":11,"turns":6},{"damage":2,"enemies":"Lagavulin","floor":13,"turns":6},{"damage":0,"enemies":"Exordium Wildlife","floor":14,"turns":6},{"damage":20,"enemies":"Hexaghost","floor":16,"turns":13},{"damage":7,"enemies":"3 Byrds","floor":18,"turns":5},{"damage":15,"enemies":"2 Thieves","floor":21,"turns":4},{"damage":15,"enemies":"Snake Plant","floor":22,"turns":5},{"damage":34,"enemies":"Gremlin Leader","floor":23,"turns":5},{"damage":11,"enemies":"Sentry and Sphere","floor":29,"turns":5},{"damage":17,"enemies":"Centurion and Healer","floor":31,"turns":5},{"damage":23,"enemies":"Automaton","floor":33,"turns":8},{"damage":0,"enemies":"3 Shapes","floor":35,"turns":6},{"damage":0,"enemies":"Orb Walker","floor":45,"turns":3},{"damage":9,"enemies":"Sphere and 2 Shapes","floor":46,"turns":4},{"damage":36,"enemies":"2 Orb Walkers","floor":48,"turns":4},{"damage":48,"enemies":"Donu and Deca","floor":50,"turns":6}],"seed_played":"-1535418020036885942","potions_obtained":[{"floor":1,"key":"SteroidPotion"},{"floor":6,"key":"Block Potion"},{"floor":14,"key":"AttackPotion"},{"floor":16,"key":"DuplicationPotion"},{"floor":21,"key":"Fruit Juice"},{"floor":29,"key":"BlessingOfTheForge"},{"floor":31,"key":"AttackPotion"},{"floor":33,"key":"BlessingOfTheForge"},{"floor":35,"key":"PowerPotion"},{"floor":48,"key":"Explosive Potion"}],"is_trial":false,"path_per_floor":["M","?","M","?","?","E","R","M","T","R","E","$","E","M","R","B",null,"M","?","?","M","M","E","T","R","T","$","R","M","?","M","R","B",null,"M","?","$","T","?","R","?","R","T","R","M","M","$","?","R","B"],"character_chosen":"THE_SILENT","items_purchased":["PreservedInsect","After Image","Oddly Smooth Stone","Noxious Fumes","Noxious Fumes","ClockworkSouvenir","PowerPotion","Infinite Blades"],"campfire_rested":6,"item_purchase_floors":[12,12,27,27,27,37,37,37],"current_hp_per_floor":[70,59,59,45,45,45,66,66,66,66,58,58,56,56,70,50,70,63,63,63,53,38,4,4,26,26,26,48,37,37,20,42,19,75,75,75,75,75,75,75,71,71,71,71,71,62,62,26,47,0,0],"gold":52,"neow_bonus":"THREE_ENEMY_KILL","is_daily":false,"chose_seed":false,"campfire_upgraded":3,"win_rate":0.0,"timestamp":1608815617,"path_taken":["M","?","M","?","?","E","R","M","T","R","E","?","E","M","R","BOSS","M","?","?","M","M","E","?","R","T","$","R","M","?","M","R","BOSS","M","?","$","?","?","R","?","R","T","R","M","M","$","?","R","BOSS"],"items_purchased_type":["Relic","Card","Relic","Card","Card","Relic","Potion","Card"],"build_version":"2020-12-22","purchased_purges":4,"victory":false,"max_hp_per_floor":[70,70,70,70,70,70,70,70,70,70,70,70,70,70,70,70,70,70,70,70,75,75,75,75,75,75,75,75,75,75,75,75,75,75,75,75,75,75,75,75,71,71,71,71,71,71,71,71,71,71,71],"card_choices":[{"not_picked":["Concentrate","PiercingWail"],"picked":"Backflip","floor":1},{"not_picked":["Quick Slash","All Out Attack","Backflip"],"picked":"SKIP","floor":3},{"not_picked":["Acrobatics","Footwork"],"picked":"Accuracy","floor":6},{"not_picked":["Blur","Catalyst","Dagger Throw"],"picked":"SKIP","floor":8},{"not_picked":["Underhanded Strike","Endless Agony","Dodge and Roll"],"picked":"SKIP","floor":11},{"not_picked":["Dagger Spray","PiercingWail"],"picked":"Infinite Blades","floor":13},{"not_picked":["Bane","Prepared","Quick Slash"],"picked":"SKIP","floor":14},{"not_picked":["Cloak And Dagger","Outmaneuver"],"picked":"Footwork","floor":15},{"not_picked":["Bane","Dodge and Roll","Sucker Punch"],"picked":"SKIP","floor":18},{"not_picked":["Masterful Stab","Backflip"],"picked":"Blade Dance","floor":21},{"not_picked":["Deadly Poison","Calculated Gamble","Bane"],"picked":"SKIP","floor":22},{"not_picked":["Cloak And Dagger","Riddle With Holes","Dodge and Roll"],"picked":"SKIP","floor":23},{"not_picked":["Dodge and Roll","Prepared"],"picked":"Blade Dance+1","floor":28},{"not_picked":["Poisoned Stab","Phantasmal Killer","Reflex"],"picked":"SKIP","floor":29},{"not_picked":["Acrobatics","Flying Knee","Outmaneuver"],"picked":"SKIP","floor":31},{"not_picked":["Underhanded Strike","Cloak And Dagger"],"picked":"Deflect+1","floor":32},{"not_picked":["Doppelganger","Grand Finale"],"picked":"Envenom","floor":33},{"not_picked":["All Out Attack","Blade Dance","PiercingWail+1"],"picked":"SKIP","floor":35},{"not_picked":["Flying Knee+1","Poisoned Stab","Flechettes"],"picked":"SKIP","floor":45},{"not_picked":["Well Laid Plans","Backflip","Prepared"],"picked":"SKIP","floor":46},{"not_picked":["Poisoned Stab+1","Infinite Blades"],"picked":"Terror","floor":49}],"player_experience":405960,"relics_obtained":[{"floor":6,"key":"Paper Crane"},{"floor":11,"key":"Smiling Mask"},{"floor":13,"key":"Dream Catcher"},{"floor":23,"key":"Gremlin Horn"},{"floor":24,"key":"The Courier"},{"floor":26,"key":"White Beast Statue"},{"floor":38,"key":"Mercury Hourglass"},{"floor":43,"key":"Pen Nib"},{"floor":48,"key":"Gambling Chip"}],"event_choices":[{"damage_healed":0,"gold_gain":75,"player_choice":"Gather Gold","damage_taken":11,"max_hp_gain":0,"max_hp_loss":0,"event_name":"World of Goop","floor":2,"gold_loss":0},{"damage_healed":0,"gold_gain":0,"player_choice":"Entered Light","damage_taken":14,"max_hp_gain":0,"max_hp_loss":0,"event_name":"Shining Light","floor":4,"gold_loss":0,"cards_upgraded":["Strike_G","Neutralize"]},{"damage_healed":0,"gold_gain":0,"player_choice":"Grow","damage_taken":0,"max_hp_gain":0,"max_hp_loss":0,"event_name":"Living Wall","floor":5,"gold_loss":0,"cards_upgraded":["Backflip"]},{"damage_healed":0,"gold_gain":0,"player_choice":"Opened","damage_taken":0,"relics_obtained":["Vajra"],"max_hp_gain":0,"max_hp_loss":0,"event_name":"The Mausoleum","floor":19,"gold_loss":0,"cards_obtained":["Writhe"]},{"damage_healed":0,"gold_gain":99,"player_choice":"Stole From Cult","damage_taken":0,"max_hp_gain":0,"max_hp_loss":0,"event_name":"Nest","floor":20,"gold_loss":0},{"damage_healed":0,"gold_gain":0,"player_choice":"Ignored","damage_taken":0,"max_hp_gain":0,"max_hp_loss":0,"event_name":"Vampires","floor":30,"gold_loss":0},{"damage_healed":0,"gold_gain":0,"player_choice":"0 cards matched","damage_taken":0,"max_hp_gain":0,"max_hp_loss":0,"event_name":"Match and Keep!","floor":36,"gold_loss":0,"cards_obtained":[]},{"damage_healed":0,"gold_gain":0,"player_choice":"Paid","damage_taken":0,"relics_obtained":["Red Mask"],"max_hp_gain":0,"max_hp_loss":0,"event_name":"Tomb of Lord Red Mask","floor":39,"gold_loss":3},{"damage_healed":0,"gold_gain":0,"player_choice":"Max HP","damage_taken":0,"max_hp_gain":0,"max_hp_loss":4,"event_name":"Winding Halls","floor":41,"gold_loss":0},{"damage_healed":0,"gold_gain":0,"player_choice":"Fight","damage_taken":0,"max_hp_gain":0,"max_hp_loss":0,"event_name":"Mysterious Sphere","floor":48,"gold_loss":0}],"is_beta":false,"boss_relics":[{"not_picked":["Snecko Eye","Pandora\u0027s Box"],"picked":"Astrolabe"},{"not_picked":["Tiny House","Runic Dome"],"picked":"Empty Cage"}],"items_purged_floors":[12,27,37,47],"is_endless":false,"potions_floor_spawned":[1,6,14,16,21,29,31,33,35,45,46,48],"killed_by":"Donu and Deca","ascension_level":0}}