{"host":"30jsp143e4v19aze","time":1608833153,"event":{"mods":["BaseMod","Colored Map","Colored Powertips","Curses Come First","DeckTracker","Highlight Path","Minty Spire (QoL Compilation)","Quick Restart","Relic Stats","StSLib","everything is the same but u backflip on backflip","slay the spire mod where everything is the same but ironclad has a cowboy hat"],"gold_per_floor":[116,132,36,48,66,66,66,66,66],"floor_reached":8,"playtime":254,"items_purged":[],"score":96,"play_id":"d59244c0-d776-46be-8af5-c0e56e01d80a","local_time":"20201224190553","is_ascension_mode":true,"campfire_choices":[{"data":"Underhanded Strike","floor":6,"key":"SMITH"}],"circlet_count":0,"master_deck":["AscendersBane","Strike_G","Strike_G","Strike_G","Strike_G","Strike_G","Defend_G+1","Defend_G","Defend_G","Defend_G","Defend_G","Survivor+1","Neutralize","Caltrops","PiercingWail","Leg Sweep","Flying Knee","Underhanded Strike+1"],"relics":["Ring of the Snake","War Paint"],"acts_visited":["Exordium"],"potions_floor_usage":[],"damage_taken":[{"damage":6,"enemies":"2 Louse","floor":1,"turns":3},{"damage":3,"enemies":"Jaw Worm","floor":2,"turns":5},{"damage":1,"enemies":"Small Slimes","floor":4,"turns":4},{"damage":8,"enemies":"Blue Slaver","floor":5,"turns":7},{"damage":0,"enemies":"3 Sentries","floor":8,"turns":1}],"seed_played":"-7775631587316535173","potions_obtained":[{"floor":2,"key":"SkillPotion"},{"floor":5,"key":"FearPotion"}],"is_trial":false,"path_per_floor":["M","M","$","M","M","R","?","E"],"character_chosen":"THE_SILENT","items_purchased":["Leg Sweep","Flying Knee"],"campfire_rested":0,"item_purchase_floors":[3,3],"current_hp_per_floor":[53,50,50,49,41,41,41,41,41],"gold":66,"neow_bonus":"THREE_CARDS","is_daily":false,"chose_seed":false,"campfire_upgraded":1,"win_rate":0.0,"timestamp":1608833153,"path_taken":["M","M","$","M","M","R","?","E"],"items_purchased_type":["Card","Card"],"build_version":"2020-12-22","purchased_purges":0,"victory":false,"max_hp_per_floor":[66,66,66,66,66,66,66,66,66],"relic_stats":{"counters":[5,20],"War Paint":["Survivor","Defend_G"],"obtain_stats":[{"War Paint":7,"Ring of the Snake":0},{"War Paint":4,"Ring of the Snake":0},{"War Paint":19,"Ring of the Snake":0}],"Ring of the Snake":[10]},"card_choices":[{"not_picked":["Sucker Punch","Choke"],"picked":"Caltrops","floor":0},{"not_picked":["Quick Slash","Escape Plan"],"picked":"PiercingWail","floor":1},{"not_picked":["Blade Dance","Deadly Poison","Heel Hook"],"picked":"SKIP","floor":2},{"not_picked":["Prepared","Outmaneuver","Acrobatics"],"picked":"SKIP","floor":4},{"not_picked":["Slice","Choke"],"picked":"Underhanded Strike","floor":5}],"player_experience":3156230,"relics_obtained":[],"event_choices":[{"damage_healed":0,"gold_gain":0,"player_choice":"Searched \u00271\u0027 times","damage_taken":0,"relics_obtained":["War Paint"],"max_hp_gain":0,"max_hp_loss":0,"event_name":"Dead Adventurer","floor":7,"gold_loss":0}],"is_beta":false,"boss_relics":[],"items_purged_floors":[],"is_endless":false,"potions_floor_spawned":[2,5],"killed_by":"3 Sentries","ascension_level":20}}