{"host":"h5golg54dem4i27y","time":1608775267,"event":{"mods":["BaseMod","Colored Map","Colored Powertips","Minty Spire (QoL Compilation)","Replay The Spire","StSLib","SuperFastMode","The Hierophant"],"gold_per_floor":[119,138,138,138,152,184,184,197,197,197,285,1,20,30,30,119,119,134,150,150,24,38,38,64,64,64,58,8,8,25,37,37,114,114,113,136,136,136,136,136,156,156,156],"floor_reached":42,"playtime":1342,"items_purged":["hierophant:Strike_Hierophant"],"score":422,"play_id":"f33b7ff2-3a28-4f64-9476-6ca1b442742e","local_time":"20201224110107","is_ascension_mode":false,"campfire_choices":[{"data":"hierophant:ChurchCoffers","floor":7.0,"key":"SMITH"},{"data":"hierophant:FieryStrike","floor":10.0,"key":"SMITH"},{"data":"hierophant:FlamingChariot","floor":15.0,"key":"SMITH"},{"data":"hierophant:MorningPrayer","floor":23.0,"key":"SMITH"},{"floor":25.0,"key":"REST"},{"data":"hierophant:Sermon","floor":29.0,"key":"SMITH"},{"floor":32.0,"key":"REST"},{"data":"Madness","floor":40,"key":"SMITH"}],"circlet_count":0,"master_deck":["hierophant:Strike_Hierophant","hierophant:Strike_Hierophant","hierophant:Punish","hierophant:Defend_Hierophant","hierophant:Defend_Hierophant","hierophant:Defend_Hierophant","hierophant:Defend_Hierophant","hierophant:ChurchCoffers+1","hierophant:FieryStrike+1","hierophant:Purify+1","hierophant:FaithHealing+1","hierophant:FlamingChariot+1","hierophant:MorningPrayer+1","hierophant:Martyrdom+1","hierophant:Invocation","hierophant:Doubloon+1","hierophant:ConvertCurrency+1","hierophant:Sermon+1","hierophant:OrnateBuckler+1","hierophant:Flagellation","hierophant:HammerAndAnvil+1","Madness+1","Madness+1","hierophant:HammerAndAnvil+1"],"relics":["hierophant:PropheticMaskRelic","NeowsBlessing","Gremlin Horn","Thread and Needle","Anchor","Guide Book","Painkiller Herb","TungstenRod","Potion Belt","SlaversCollar"],"acts_visited":["Exordium","TheCity","TheBeyond"],"potions_floor_usage":[35,39,39,39],"damage_taken":[{"damage":0.0,"enemies":"Cultist","floor":1.0,"turns":1.0},{"damage":0.0,"enemies":"Small Slimes","floor":2.0,"turns":1.0},{"damage":0.0,"enemies":"2 Louse","floor":5.0,"turns":1.0},{"damage":6.0,"enemies":"Gremlin Nob","floor":6.0,"turns":3.0},{"damage":0.0,"enemies":"2 Fungi Beasts","floor":8.0,"turns":2.0},{"damage":0.0,"enemies":"Large Slime","floor":13.0,"turns":2.0},{"damage":0.0,"enemies":"Exordium Thugs","floor":14.0,"turns":1.0},{"damage":19.0,"enemies":"Hexaghost","floor":16.0,"turns":7.0},{"damage":0.0,"enemies":"3 Byrds","floor":18.0,"turns":2.0},{"damage":0.0,"enemies":"2 Thieves","floor":19.0,"turns":4.0},{"damage":0.0,"enemies":"Cultist and Chosen","floor":22.0,"turns":5.0},{"damage":41.0,"enemies":"Book of Stabbing","floor":24.0,"turns":5.0},{"damage":0.0,"enemies":"Shelled Parasite and Fungi","floor":27.0,"turns":2.0},{"damage":0.0,"enemies":"Centurion and Healer","floor":30.0,"turns":4.0},{"damage":0.0,"enemies":"3 Cultists","floor":31.0,"turns":3.0},{"damage":4.0,"enemies":"Pondfish","floor":33.0,"turns":15.0},{"damage":0,"enemies":"3 Darklings","floor":35,"turns":4},{"damage":0,"enemies":"Orb Walker","floor":36,"turns":2},{"damage":0,"enemies":"Transient","floor":39,"turns":3},{"damage":0,"enemies":"3 Darklings","floor":41,"turns":3},{"damage":60,"enemies":"R_Hoarder","floor":42,"turns":11}],"seed_played":"1226068049144576440","potions_obtained":[{"floor":1.0,"key":"Energy Potion"},{"floor":13.0,"key":"Fire Potion"},{"floor":14.0,"key":"AttackPotion"},{"floor":19.0,"key":"Energy Potion"},{"floor":30.0,"key":"SneckoOil"},{"floor":31.0,"key":"SmokeBomb"},{"floor":33.0,"key":"Explosive Potion"},{"floor":35,"key":"Dexterity Potion"},{"floor":36,"key":"Explosive Potion"},{"floor":41,"key":"EssenceOfSteel"}],"is_trial":false,"path_per_floor":["M","M","?","?","M","E","R","M","T","R","?","$","M","M","R","B",null,"?","?","?","T","?","T","E","T","T","?","T","T","?","?","T","B",null,"?","?","?","?","?","T","?","E"],"character_chosen":"HIEROPHANT","items_purchased":["hierophant:Martyrdom","Guide Book","Fire Potion","Adrenaline Potion","SkillPotion"],"campfire_rested":2,"item_purchase_floors":[12,12,12,21,28],"current_hp_per_floor":[75,75,75,75,75,69,69,69,69,69,51,51,51,51,51,32,75,75,75,75,75,75,75,34,56,56,56,56,56,56,56,75,71,75,75,75,67,67,67,67,67,7,7],"gold":156,"neow_bonus":"THREE_ENEMY_KILL","is_daily":false,"chose_seed":false,"campfire_upgraded":6,"win_rate":0.0,"timestamp":1608775267,"path_taken":["M","M","?","?","?","E","R","M","T","R","?","$","M","M","R","BOSS","?","?","?","T","?","T","E","T","T","?","T","T","?","?","T","BOSS","?","?","?","?","?","T","?","E"],"items_purchased_type":["Card","Relic","Potion","Potion","Potion"],"build_version":"2020-12-22","purchased_purges":1,"victory":false,"max_hp_per_floor":[75,75,75,75,75,75,75,75,75,75,75,75,75,75,75,75,75,75,75,75,75,75,75,75,75,75,75,75,75,75,75,75,75,75,75,75,75,75,75,75,75,75,75],"card_choices":[{"not_picked":["hierophant:Martyrdom","hierophant:RustyCrate","hierophant:Purify"],"picked":"SKIP","floor":1.0},{"not_picked":["hierophant:RustyCrate","hierophant:EyeForCoin"],"picked":"hierophant:FieryStrike","floor":2.0},{"not_picked":["hierophant:Encroach","hierophant:Smite","hierophant:Shelter"],"picked":"SKIP","floor":5.0},{"not_picked":["hierophant:Levitation","hierophant:Remorse"],"picked":"hierophant:FaithHealing","floor":6.0},{"not_picked":["hierophant:SecretStash","hierophant:Dazzle","hierophant:RepressedViolence"],"picked":"SKIP","floor":8.0},{"not_picked":["hierophant:HolyVerse","hierophant:PassingBell"],"picked":"hierophant:FlamingChariot","floor":11.0},{"not_picked":["hierophant:RustyCrate","hierophant:OrnateBuckler"],"picked":"hierophant:MorningPrayer","floor":11.0},{"not_picked":["hierophant:DisplayOfPower","hierophant:Remorse","hierophant:Zeal"],"picked":"SKIP","floor":13.0},{"not_picked":["hierophant:OrnateJavelin","hierophant:Community","hierophant:Prophecy"],"picked":"SKIP","floor":14.0},{"not_picked":["hierophant:BulkyChest","hierophant:Levitation"],"picked":"hierophant:Invocation","floor":16.0},{"not_picked":["hierophant:DisplayOfPower","hierophant:OrnateBuckler"],"picked":"hierophant:ConvertCurrency+1","floor":18.0},{"not_picked":["hierophant:HammerAndAnvil","hierophant:HolyVerse+1","hierophant:FieryStrike"],"picked":"SKIP","floor":19.0},{"not_picked":["hierophant:Generosity","hierophant:MorningPrayer+1","hierophant:RepressedViolence"],"picked":"SKIP","floor":22.0},{"not_picked":["hierophant:WrathOfGod","hierophant:FlamingChariot"],"picked":"hierophant:Sermon","floor":24.0},{"not_picked":["hierophant:Smite","hierophant:Prophecy+1","hierophant:HolyVerse+1"],"picked":"SKIP","floor":27.0},{"not_picked":["hierophant:Sermon","hierophant:Patience+1","hierophant:MorningPrayer"],"picked":"SKIP","floor":30.0},{"not_picked":["hierophant:CursedGold","hierophant:DisplayOfPower+1"],"picked":"hierophant:OrnateBuckler+1","floor":31.0},{"not_picked":["hierophant:TollTheBells+1","hierophant:Shelter+1"],"picked":"hierophant:Flagellation","floor":35},{"not_picked":["hierophant:Determination","hierophant:OrnateBuckler+1"],"picked":"hierophant:HammerAndAnvil+1","floor":36},{"not_picked":["hierophant:ThreeLashes","hierophant:RustyCrate+1"],"picked":"hierophant:HammerAndAnvil+1","floor":41}],"player_experience":621802,"relics_obtained":[{"floor":6.0,"key":"Gremlin Horn"},{"floor":9.0,"key":"Thread and Needle"},{"floor":11.0,"key":"Anchor"},{"floor":24.0,"key":"TungstenRod"},{"floor":26.0,"key":"Potion Belt"}],"event_choices":[{"damage_healed":0.0,"max_hp_gain":0.0,"max_hp_loss":0.0,"gold_gain":0.0,"cards_transformed":["hierophant:Strike_Hierophant"],"event_name":"Living Wall","player_choice":"Change","floor":3.0,"gold_loss":0.0,"damage_taken":0.0,"cards_obtained":["hierophant:Purify"]},{"damage_healed":0.0,"max_hp_gain":0.0,"max_hp_loss":0.0,"gold_gain":0.0,"event_name":"Upgrade Shrine","player_choice":"Upgraded","floor":4.0,"gold_loss":0.0,"damage_taken":0.0,"cards_upgraded":["hierophant:Purify"]},{"damage_healed":0.0,"max_hp_gain":0.0,"max_hp_loss":0.0,"gold_gain":0.0,"event_name":"Upgrade Shrine","player_choice":"Upgraded","floor":20.0,"gold_loss":0.0,"damage_taken":0.0,"cards_upgraded":["hierophant:Doubloon"]},{"damage_healed":0,"gold_gain":0,"player_choice":"Embrace Madness","damage_taken":9,"max_hp_gain":0,"max_hp_loss":0,"event_name":"Winding Halls","floor":37,"gold_loss":0,"cards_obtained":["Madness","Madness"]},{"damage_healed":0,"gold_gain":0,"player_choice":"Forge","damage_taken":0,"max_hp_gain":0,"max_hp_loss":0,"event_name":"Accursed Blacksmith","floor":38,"gold_loss":0,"cards_upgraded":["Madness"]}],"is_beta":false,"boss_relics":[{"not_picked":["Ring of Chaos","Replay:Bronze Core"],"picked":"Painkiller Herb"},{"not_picked":["Kintsugi","Fusion Hammer"],"picked":"SlaversCollar"}],"items_purged_floors":[21],"is_endless":false,"potions_floor_spawned":[1,13,14,19,30,31,33,35,36,41],"killed_by":"R_Hoarder","ascension_level":0}}