{"host":"Fun","time":1608848083,"event":{"mods":["BaseMod","Colored Map","Filter the Spire","Minty Spire (QoL Compilation)","Relic Stats","StSLib"],"gold_per_floor":[116,116,116,132,12,47,47,82,157,157,175,4,15,15,15,91,91,102,102,117,128,128,157,157,29,29,29,61,80,99,35,35,106,106,117,129,9,9,29,55,55,88,160,160,179,179,193,226,226,226],"floor_reached":51,"playtime":2010,"items_purged":["Strike_B","Strike_B","Strike_B","Strike_B"],"score":1296,"play_id":"5fa92900-b18c-4add-903f-831ea5f2bef8","local_time":"20201224171443","is_ascension_mode":true,"campfire_choices":[{"floor":7.0,"key":"REST"},{"data":"Go for the Eyes","floor":10.0,"key":"SMITH"},{"data":"Zap","floor":15.0,"key":"SMITH"},{"floor":24.0,"key":"REST"},{"floor":27.0,"key":"REST"},{"floor":32.0,"key":"REST"},{"floor":41,"key":"REST"},{"floor":44,"key":"REST"},{"floor":46,"key":"REST"},{"floor":49,"key":"REST"}],"circlet_count":0,"master_deck":["AscendersBane","Defend_B","Defend_B","Defend_B","Defend_B","Zap+1","Dualcast","Good Instincts","Darkness","Glacier","Cold Snap","Go for the Eyes+1","Doom and Gloom+1","Turbo+1","Hologram+1","Undo+1","All For One","Electrodynamics","Coolheaded+1","Compile Driver+1","Self Repair","Redo+1","Steam+1","Defragment","Barrage","Seek+1","Reboot+1","Gash","Aggregate+1","Conserve Battery+1","Defragment","Hologram+1","Gash"],"relics":["Cracked Core","WarpedTongs","Dream Catcher","Toxic Egg 2","Strawberry","Shuriken","Fusion Hammer","The Courier","Whetstone","Letter Opener","Inserter","Matryoshka","Smiling Mask","Happy Flower","Mercury Hourglass","Juzu Bracelet"],"acts_visited":["Exordium","TheCity","TheBeyond"],"potions_floor_usage":[42,47],"damage_taken":[{"damage":1.0,"enemies":"2 Louse","floor":1.0,"turns":4.0},{"damage":4.0,"enemies":"Small Slimes","floor":4.0,"turns":3.0},{"damage":12.0,"enemies":"Lagavulin","floor":6.0,"turns":8.0},{"damage":12.0,"enemies":"Gremlin Nob","floor":8.0,"turns":3.0},{"damage":0.0,"enemies":"Cultist","floor":11.0,"turns":3.0},{"damage":16.0,"enemies":"Lots of Slimes","floor":13.0,"turns":2.0},{"damage":2.0,"enemies":"Hexaghost","floor":16.0,"turns":9.0},{"damage":1.0,"enemies":"3 Byrds","floor":18.0,"turns":4.0},{"damage":0.0,"enemies":"Spheric Guardian","floor":20.0,"turns":3.0},{"damage":0.0,"enemies":"Snake Plant","floor":21.0,"turns":4.0},{"damage":21.0,"enemies":"Slavers","floor":23.0,"turns":5.0},{"damage":10.0,"enemies":"Book of Stabbing","floor":28.0,"turns":5.0},{"damage":0.0,"enemies":"Centurion and Healer","floor":29.0,"turns":5.0},{"damage":0.0,"enemies":"3 Cultists","floor":30.0,"turns":2.0},{"damage":54.0,"enemies":"Champ","floor":33.0,"turns":14.0},{"damage":3,"enemies":"Orb Walker","floor":35,"turns":5},{"damage":0,"enemies":"3 Shapes","floor":36,"turns":3},{"damage":0,"enemies":"Transient","floor":39,"turns":5},{"damage":9,"enemies":"Reptomancer","floor":40,"turns":5},{"damage":1,"enemies":"Nemesis","floor":42,"turns":9},{"damage":20,"enemies":"Sphere and 2 Shapes","floor":45,"turns":3},{"damage":14,"enemies":"4 Shapes","floor":47,"turns":3},{"damage":15,"enemies":"Reptomancer","floor":48,"turns":5},{"damage":40,"enemies":"Awakened One","floor":50,"turns":11}],"seed_played":"-7973462874011957284","potions_obtained":[{"floor":6.0,"key":"EntropicBrew"},{"floor":13.0,"key":"Dexterity Potion"},{"floor":19.0,"key":"SkillPotion"},{"floor":20.0,"key":"LiquidMemories"},{"floor":28.0,"key":"GamblersBrew"},{"floor":30.0,"key":"AttackPotion"},{"floor":33.0,"key":"Weak Potion"},{"floor":36,"key":"LiquidMemories"},{"floor":48,"key":"Energy Potion"}],"is_trial":false,"path_per_floor":["M","$","?","M","$","E","R","E","T","R","M","$","M","?","R","B",null,"M","?","M","M","?","E","R","$","T","R","E","M","M","$","R","B",null,"M","M","$","?","M","E","R","E","T","R","M","R","M","E","R","B",null],"character_chosen":"DEFECT","items_purchased":["Cold Snap","Undo+1","Self Repair","Defragment"],"campfire_rested":8,"item_purchase_floors":[5,12,25,31],"current_hp_per_floor":[63,63,45,41,41,29,50,45,45,45,45,45,29,29,29,27,65,64,64,64,64,64,43,66,66,66,78,75,78,78,78,78,31,66,63,70,70,70,77,78,78,78,78,78,58,78,64,59,78,45],"gold":226,"neow_bonus":"RANDOM_COLORLESS","is_daily":false,"chose_seed":false,"campfire_upgraded":2,"win_rate":0.0,"timestamp":1608848083,"path_taken":["M","$","?","M","$","E","R","E","T","R","M","$","M","?","R","BOSS","M","?","?","M","?","E","R","$","T","R","E","M","M","$","R","BOSS","M","M","$","?","M","E","R","E","T","R","M","R","M","E","R","BOSS"],"items_purchased_type":["Card","Card","Card","Card"],"build_version":"2020-12-18","purchased_purges":4,"victory":true,"max_hp_per_floor":[71,71,71,71,71,71,71,78,78,78,78,78,78,78,78,78,78,78,78,78,78,78,78,78,78,78,78,78,78,78,78,78,78,78,78,78,78,78,78,78,78,78,78,78,78,78,78,78,78,78],"relic_stats":{"Dream Catcher":8,"Inserter":[24],"Happy Flower":[7],"counters":[24,123],"Shuriken":[19],"Juzu Bracelet":0,"Whetstone":["Compile Driver","Doom and Gloom"],"Letter Opener":[290],"Smiling Mask":0,"obtain_stats":[{"Inserter":34,"Happy Flower":43,"The Courier":23,"Juzu Bracelet":48,"Whetstone":26,"Letter Opener":28,"Smiling Mask":42,"WarpedTongs":1,"Mercury Hourglass":43,"Dream Catcher":3,"Matryoshka":40,"Shuriken":9,"Strawberry":8,"Fusion Hammer":17,"Toxic Egg 2":6,"Cracked Core":0},{"Inserter":15,"Happy Flower":20,"The Courier":11,"Juzu Bracelet":23,"Whetstone":11,"Letter Opener":12,"Smiling Mask":20,"WarpedTongs":1,"Mercury Hourglass":20,"Dream Catcher":1,"Matryoshka":19,"Shuriken":4,"Strawberry":4,"Fusion Hammer":7,"Toxic Egg 2":3,"Cracked Core":0},{"Inserter":74,"Happy Flower":101,"The Courier":48,"Juzu Bracelet":112,"Whetstone":48,"Letter Opener":53,"Smiling Mask":101,"WarpedTongs":1,"Mercury Hourglass":101,"Dream Catcher":4,"Matryoshka":92,"Shuriken":18,"Strawberry":18,"Fusion Hammer":32,"Toxic Egg 2":15,"Cracked Core":0}],"WarpedTongs":[119],"Mercury Hourglass":[133]},"card_choices":[{"not_picked":["Deep Breath","Jack Of All Trades"],"picked":"Good Instincts","floor":0.0},{"not_picked":["Static Discharge","Recycle"],"picked":"Darkness","floor":1.0},{"not_picked":["Steam","Melter"],"picked":"Glacier","floor":4.0},{"not_picked":["Capacitor","Compile Driver"],"picked":"Go for the Eyes","floor":6.0},{"not_picked":["Stack+1","Gash"],"picked":"Doom and Gloom","floor":7.0},{"not_picked":["Chaos+1","Go for the Eyes"],"picked":"Turbo+1","floor":8.0},{"not_picked":["Rebound","Static Discharge"],"picked":"Hologram+1","floor":11.0},{"not_picked":["Reinforced Body+1","Sweeping Beam"],"picked":"All For One","floor":13.0},{"not_picked":["Core Surge","Buffer"],"picked":"Electrodynamics","floor":16.0},{"not_picked":["BootSequence+1","Redo+1"],"picked":"Coolheaded+1","floor":18.0},{"not_picked":["Double Energy+1","Hologram+1"],"picked":"Compile Driver","floor":20.0},{"not_picked":["Beam Cell","Rebound","Lockon"],"picked":"SKIP","floor":21.0},{"not_picked":["Melter","Compile Driver","Doom and Gloom"],"picked":"SKIP","floor":23.0},{"not_picked":["Darkness+1","Undo+1"],"picked":"Redo+1","floor":28.0},{"not_picked":["Turbo+1","Go for the Eyes","Sunder"],"picked":"SKIP","floor":29.0},{"not_picked":["Compile Driver","Chaos+1"],"picked":"Steam+1","floor":30.0},{"not_picked":["Lockon","Static Discharge"],"picked":"Barrage","floor":32.0},{"not_picked":["Amplify+1","Thunder Strike"],"picked":"Seek+1","floor":33.0},{"not_picked":["Redo+1","Barrage","Rebound"],"picked":"SKIP","floor":35},{"not_picked":["Melter","Cold Snap+1"],"picked":"Reboot+1","floor":36},{"not_picked":["Storm+1","Go for the Eyes+1"],"picked":"Gash","floor":39},{"not_picked":["Scrape","Rebound+1"],"picked":"Aggregate+1","floor":40},{"not_picked":["Machine Learning","Go for the Eyes"],"picked":"Conserve Battery+1","floor":42},{"not_picked":["Compile Driver","Coolheaded+1"],"picked":"Defragment","floor":44},{"not_picked":["Auto Shields+1","Blizzard"],"picked":"Hologram+1","floor":45},{"not_picked":["Hologram+1","Ball Lightning+1","Chaos+1"],"picked":"SKIP","floor":47},{"not_picked":["Static Discharge","Double Energy+1","Lockon"],"picked":"SKIP","floor":48},{"not_picked":["Turbo+1","Rip and Tear"],"picked":"Gash","floor":49}],"player_experience":108372,"relics_obtained":[{"floor":6.0,"key":"Toxic Egg 2"},{"floor":8.0,"key":"Strawberry"},{"floor":9.0,"key":"Shuriken"},{"floor":23.0,"key":"The Courier"},{"floor":26.0,"key":"Whetstone"},{"floor":28.0,"key":"Letter Opener"},{"floor":40,"key":"Matryoshka"},{"floor":42,"key":"Smiling Mask"},{"floor":43,"key":"Happy Flower"},{"floor":43,"key":"Mercury Hourglass"},{"floor":48,"key":"Juzu Bracelet"}],"event_choices":[{"damage_healed":0.0,"max_hp_gain":0.0,"max_hp_loss":0.0,"gold_gain":0.0,"event_name":"Scrap Ooze","player_choice":"Success","floor":3.0,"gold_loss":0.0,"damage_taken":18.0,"relics_obtained":["Dream Catcher"]},{"damage_healed":0.0,"max_hp_gain":0.0,"max_hp_loss":0.0,"gold_gain":0.0,"event_name":"WeMeetAgain","player_choice":"Ignored","floor":14.0,"gold_loss":0.0,"damage_taken":0.0},{"damage_healed":0.0,"max_hp_gain":0.0,"max_hp_loss":0.0,"gold_gain":0.0,"event_name":"Lab","player_choice":"Got Potions","floor":19.0,"gold_loss":0.0,"damage_taken":0.0},{"damage_healed":0.0,"max_hp_gain":0.0,"max_hp_loss":0.0,"gold_gain":0.0,"event_name":"Vampires","player_choice":"Ignored","floor":22.0,"gold_loss":0.0,"damage_taken":0.0},{"damage_healed":0,"gold_gain":0,"player_choice":"Ignored","damage_taken":0,"max_hp_gain":0,"max_hp_loss":0,"event_name":"Mysterious Sphere","floor":38,"gold_loss":0}],"is_beta":true,"boss_relics":[{"not_picked":["Coffee Dripper","Busted Crown"],"picked":"Fusion Hammer"},{"not_picked":["Cursed Key","Velvet Choker"],"picked":"Inserter"}],"items_purged_floors":[5,12,25,37],"is_endless":false,"potions_floor_spawned":[6,13,20,28,30,33,36,39,40,48],"ascension_level":14}}