{"host":"iml8x8es9od4zowg","time":1608814418,"event":{"mods":["BaseMod","Minty Spire (QoL Compilation)","StSLib","The Jungle","¡¼?Úª?ø«¡½REMEMod"],"gold_per_floor":[114,289,289,308,308,333,350,368,416,416,446,446,396,467,467,582,582,601,604,754,777,1052,1090,470,470,470,519,543,573,573,598,598,714,714,751,751,785,98,118,166,166,196,196],"floor_reached":42,"playtime":2897,"items_purged":["Regret"],"score":658,"play_id":"f209dafc-70b6-49a5-a636-2794e3dc89f0","local_time":"20201224215338","is_ascension_mode":true,"campfire_choices":[{"data":"Armaments","floor":10,"key":"SMITH"},{"data":"Demon Form","floor":12,"key":"SMITH"},{"data":"The Bomb","floor":15,"key":"SMITH"},{"floor":25,"key":"REST"},{"data":"Berserk","floor":32,"key":"SMITH"},{"floor":41,"key":"REST"}],"circlet_count":0,"master_deck":["Strike_R","Strike_R","Strike_R","Strike_R","Defend_R","Defend_R","Defend_R","Defend_R","The Bomb+1","Infernal Blade","Armaments+1","Demon Form+1","Warcry","Berserk+1","Flex+1","Metallicize","Feed","Ghostly Armor","Heavy Blade","Shrug It Off","Flame Barrier","Limit Break","Mayhem","Apotheosis","REME_MagicPocketWatch","Heavy Blade","Sword Boomerang+1"],"relics":["Burning Blood","REME_ComplimentaryCards","NeowsBlessing","HornCleat","Juzu Bracelet","Regal Pillow","REME_ArchaeologicalTools","Anchor","SlaversCollar","White Beast Statue","Bag of Marbles","Letter Opener","Pear","Nunchaku","Empty Cage","Molten Egg 2","Lee\u0027s Waffle","Girya","Peace Pipe"],"acts_visited":["Exordium","Exordium","TheBeyond"],"potions_floor_usage":[11,19,23,27,28,29,29,31,35,39,40,42,42],"damage_taken":[{"damage":0,"enemies":"2 Louse","floor":1,"turns":1},{"damage":0,"enemies":"Small Slimes","floor":4,"turns":1},{"damage":0,"enemies":"Lagavulin","floor":6,"turns":1},{"damage":6,"enemies":"Jaw Worm","floor":7,"turns":4},{"damage":4,"enemies":"Blue Slaver","floor":8,"turns":4},{"damage":1,"enemies":"3 Sentries","floor":11,"turns":3},{"damage":0,"enemies":"Lagavulin","floor":14,"turns":4},{"damage":11,"enemies":"Slime Boss","floor":16,"turns":8},{"damage":0,"enemies":"theJungle:5_Spyders","floor":18,"turns":6},{"damage":2,"enemies":"theJungle:GiantWrat","floor":19,"turns":3},{"damage":25,"enemies":"theJungle:2_Flameangoes","floor":21,"turns":5},{"damage":23,"enemies":"theJungle:MamaSnecko","floor":23,"turns":7},{"damage":25,"enemies":"theJungle:Cassacara","floor":27,"turns":6},{"damage":17,"enemies":"Snake Plant","floor":28,"turns":4},{"damage":4,"enemies":"theJungle:MamaSnecko","floor":29,"turns":4},{"damage":13,"enemies":"theJungle:JungleHuntersEncounter","floor":31,"turns":8},{"damage":40,"enemies":"theJungle:FunGuy","floor":33,"turns":8},{"damage":40,"enemies":"Orb Walker","floor":35,"turns":6},{"damage":34,"enemies":"3 Darklings","floor":37,"turns":6},{"damage":34,"enemies":"Spire Growth","floor":39,"turns":5},{"damage":44,"enemies":"Nemesis","floor":40,"turns":9},{"damage":135,"enemies":"2 Orb Walkers","floor":42,"turns":6}],"seed_played":"-8681261282046309655","potions_obtained":[{"floor":6,"key":"SmokeBomb"},{"floor":8,"key":"BlessingOfTheForge"},{"floor":21,"key":"Fire Potion"},{"floor":27,"key":"DistilledChaos"},{"floor":28,"key":"Swift Potion"},{"floor":29,"key":"SteroidPotion"},{"floor":31,"key":"Block Potion"},{"floor":33,"key":"SpeedPotion"},{"floor":35,"key":"SteroidPotion"},{"floor":37,"key":"FairyPotion"},{"floor":39,"key":"DuplicationPotion"},{"floor":40,"key":"Swift Potion"}],"is_trial":false,"path_per_floor":["M","?","?","M","?","E","M","M","T","R","E","R","?","E","R","B",null,"M","M","?","M","?","E","$","R","T","E","M","E","?","M","R","B",null,"M","?","M","$","M","E","R","?"],"character_chosen":"IRONCLAD","items_purchased":["Bag of Marbles","Letter Opener","Ghostly Armor","PowerPotion","ColorlessPotion","Molten Egg 2","Lee\u0027s Waffle","Girya"],"campfire_rested":2,"item_purchase_floors":[24,24,24,24,24,38,38,38],"current_hp_per_floor":[80,80,80,80,80,80,80,80,80,80,80,80,80,80,80,75,80,80,80,80,61,61,44,44,80,90,71,60,62,74,70,70,36,93,59,49,21,100,72,34,79,0,0],"gold":196,"neow_bonus":"THREE_ENEMY_KILL","is_daily":false,"chose_seed":false,"campfire_upgraded":4,"win_rate":0.0,"timestamp":1608814418,"path_taken":["M","?","?","M","?","E","M","M","T","R","E","R","?","E","R","BOSS","M","M","?","M","?","E","$","R","T","E","M","E","?","M","R","BOSS","M","?","M","$","M","E","R","?"],"items_purchased_type":["Relic","Relic","Card","Potion","Potion","Relic","Relic","Relic"],"build_version":"2020-12-22","purchased_purges":1,"victory":false,"max_hp_per_floor":[80,80,80,80,80,80,80,80,80,80,80,80,80,80,80,80,80,80,80,80,80,80,80,80,80,90,90,90,90,90,93,93,93,93,93,93,93,100,100,100,100,100,100],"card_choices":[{"not_picked":["True Grit","Headbutt"],"picked":"Infernal Blade","floor":1},{"not_picked":["Wild Strike","Berserk","Clothesline"],"picked":"SKIP","floor":4},{"not_picked":["Body Slam","Flex"],"picked":"Armaments","floor":6},{"not_picked":["Second Wind","Pommel Strike","Havoc"],"picked":"SKIP","floor":7},{"not_picked":["Anger","Combust","Dropkick"],"picked":"SKIP","floor":8},{"not_picked":["Bludgeon","Shrug It Off"],"picked":"Demon Form","floor":11},{"not_picked":["Whirlwind","Rampage"],"picked":"Warcry","floor":14},{"not_picked":["Impervious","REME_TheLastStrike"],"picked":"Berserk","floor":16},{"not_picked":["Thunderclap","Flame Barrier"],"picked":"Flex+1","floor":18},{"not_picked":["Wild Strike","REME_Scribble"],"picked":"Metallicize","floor":21},{"not_picked":["Headbutt+1","Spot Weakness"],"picked":"Feed","floor":23},{"not_picked":["Dark Embrace","Perfected Strike+1"],"picked":"Heavy Blade","floor":27},{"not_picked":["Rage","Twin Strike","Warcry"],"picked":"SKIP","floor":28},{"not_picked":["Evolve","Anger+1"],"picked":"Shrug It Off","floor":29},{"not_picked":["Headbutt+1","Reckless Charge"],"picked":"Flame Barrier","floor":31},{"not_picked":["Double Tap","Exhume"],"picked":"Limit Break","floor":33},{"not_picked":["Thunderclap","Anger","Rampage"],"picked":"SKIP","floor":35},{"not_picked":["Impatience","REME_MagicPocketWatch"],"picked":"Mayhem","floor":36},{"not_picked":["REME_FirmDetermination","Bandage Up"],"picked":"Apotheosis","floor":36},{"not_picked":["Jack Of All Trades","REME_AllRoundStrike"],"picked":"REME_MagicPocketWatch","floor":36},{"not_picked":["Headbutt+1","Rampage"],"picked":"Heavy Blade","floor":37},{"not_picked":["Dual Wield","Thunderclap+1"],"picked":"Sword Boomerang+1","floor":39},{"not_picked":["True Grit","REME_FearOfPain+1","Sever Soul+1"],"picked":"SKIP","floor":40}],"player_experience":474244,"relics_obtained":[{"floor":6,"key":"Juzu Bracelet"},{"floor":9,"key":"Regal Pillow"},{"floor":11,"key":"REME_ArchaeologicalTools"},{"floor":14,"key":"Anchor"},{"floor":23,"key":"White Beast Statue"},{"floor":26,"key":"Pear"},{"floor":27,"key":"Nunchaku"},{"floor":40,"key":"Peace Pipe"}],"event_choices":[{"damage_healed":0,"gold_gain":175,"player_choice":"AGREE","damage_taken":0,"max_hp_gain":0,"max_hp_loss":0,"event_name":"Liars Game","floor":2,"gold_loss":0,"cards_obtained":["Doubt"]},{"damage_healed":0,"gold_gain":0,"player_choice":"Box","damage_taken":0,"relics_obtained":["HornCleat"],"max_hp_gain":0,"max_hp_loss":0,"event_name":"Big Fish","floor":3,"gold_loss":0,"cards_obtained":["Regret"]},{"cards_removed":["Regret"],"damage_healed":0,"gold_gain":0,"player_choice":"Forget","damage_taken":0,"max_hp_gain":0,"max_hp_loss":0,"event_name":"Living Wall","floor":5,"gold_loss":0},{"cards_removed":["Doubt"],"damage_healed":0,"gold_gain":0,"player_choice":"Card Removal","damage_taken":0,"max_hp_gain":0,"max_hp_loss":0,"event_name":"The Cleric","floor":13,"gold_loss":50},{"damage_healed":0,"gold_gain":275,"player_choice":"Desecrate","damage_taken":0,"max_hp_gain":0,"max_hp_loss":0,"event_name":"Golden Shrine","floor":22,"gold_loss":0,"cards_obtained":["Regret"]},{"damage_healed":0,"gold_gain":0,"player_choice":"Memory 3","damage_taken":10,"max_hp_gain":0,"max_hp_loss":0,"event_name":"SensoryStone","floor":36,"gold_loss":0},{"damage_healed":0,"gold_gain":0,"player_choice":"Fight","damage_taken":0,"max_hp_gain":0,"max_hp_loss":0,"event_name":"Mysterious Sphere","floor":42,"gold_loss":0}],"is_beta":false,"boss_relics":[{"not_picked":["REME_ChargedStone","Black Blood"],"picked":"SlaversCollar"},{"not_picked":["Cursed Key","Philosopher\u0027s Stone"],"picked":"Empty Cage"}],"items_purged_floors":[24],"is_endless":false,"potions_floor_spawned":[6,8,21,27,28,29,31,33,35,37,39,40],"killed_by":"2 Orb Walkers","ascension_level":1}}