{"host":"w3q5ijqu8eoknil3","time":1608774329,"event":{"mods":["AchievementEnabler","BaseMod","Block Reminder","Colored Powertips","Minty Spire (QoL Compilation)","Quick Restart","Relic Stats","ojb\u0027s Better Paths Mod","ojb\u0027s Info Mod","slay the spire mod where everything is the same but ironclad has a cowboy hat"],"gold_per_floor":[112,123,123,123,138,138,165,165,192,192,192],"floor_reached":10,"playtime":239,"items_purged":[],"score":132,"play_id":"27101b48-3c91-4554-9256-a517c50bd2c5","local_time":"20201224014529","is_ascension_mode":true,"campfire_choices":[{"data":"Havoc","floor":6,"key":"SMITH"},{"data":"Bash","floor":8,"key":"SMITH"}],"circlet_count":0,"master_deck":["AscendersBane","Strike_R","Strike_R","Strike_R","Strike_R","Strike_R","Defend_R+1","Defend_R","Defend_R","Defend_R+1","Bash+1","Reckless Charge","Cleave","Regret","Burning Pact","Havoc+1","Wild Strike"],"relics":["Burning Blood","NeowsBlessing","War Paint","Ancient Tea Set"],"acts_visited":["Exordium"],"potions_floor_usage":[7],"damage_taken":[{"damage":0,"enemies":"Small Slimes","floor":1,"turns":1},{"damage":0,"enemies":"Cultist","floor":2,"turns":1},{"damage":0,"enemies":"2 Louse","floor":5,"turns":1},{"damage":45,"enemies":"3 Sentries","floor":7,"turns":11},{"damage":58,"enemies":"Gremlin Nob","floor":10,"turns":4}],"seed_played":"4198948947414323458","potions_obtained":[{"floor":5,"key":"DistilledChaos"},{"floor":7,"key":"SpeedPotion"}],"is_trial":false,"path_per_floor":["M","M","?","?","M","R","E","R","T","E"],"character_chosen":"IRONCLAD","items_purchased":[],"campfire_rested":0,"item_purchase_floors":[],"current_hp_per_floor":[74,75,75,75,75,75,36,36,36,0,0],"gold":192,"neow_bonus":"THREE_ENEMY_KILL","is_daily":false,"chose_seed":false,"campfire_upgraded":2,"win_rate":0.0,"timestamp":1608774329,"path_taken":["M","M","?","?","?","R","E","R","T","E"],"items_purchased_type":[],"build_version":"2020-12-22","purchased_purges":0,"victory":false,"max_hp_per_floor":[75,75,75,75,75,75,75,75,75,75,75],"relic_stats":{"counters":[5,18],"War Paint":["Defend_R","Defend_R"],"obtain_stats":[{"NeowsBlessing":0,"War Paint":3,"Ancient Tea Set":9,"Burning Blood":0},{"NeowsBlessing":0,"War Paint":2,"Ancient Tea Set":4,"Burning Blood":0},{"NeowsBlessing":0,"War Paint":2,"Ancient Tea Set":14,"Burning Blood":0}],"Burning Blood":13},"card_choices":[{"not_picked":["Pommel Strike","Intimidate"],"picked":"Reckless Charge","floor":1},{"not_picked":["Sword Boomerang","Warcry"],"picked":"Cleave","floor":2},{"not_picked":["Clash","Headbutt"],"picked":"Havoc","floor":5},{"not_picked":["Warcry","Body Slam"],"picked":"Wild Strike","floor":7}],"player_experience":940056,"relics_obtained":[{"floor":9,"key":"Ancient Tea Set"}],"event_choices":[{"damage_healed":0,"gold_gain":0,"player_choice":"Box","damage_taken":0,"relics_obtained":["War Paint"],"max_hp_gain":0,"max_hp_loss":0,"event_name":"Big Fish","floor":3,"gold_loss":0,"cards_obtained":["Regret"]},{"damage_healed":0,"gold_gain":0,"player_choice":"1 cards matched","damage_taken":0,"max_hp_gain":0,"max_hp_loss":0,"event_name":"Match and Keep!","floor":4,"gold_loss":0,"cards_obtained":["Burning Pact"]}],"is_beta":false,"boss_relics":[],"items_purged_floors":[],"is_endless":false,"potions_floor_spawned":[5,7],"killed_by":"Gremlin Nob","ascension_level":20}}