{"host":"CarrotHands","time":1608783841,"event":{"mods":["BaseMod","Minty Spire (QoL Compilation)","Relic Stats","StSLib"],"gold_per_floor":[119,65,65,65,76,76,106,123,123,139,102,115,115,135,135,211,211,224,224,224,244,7,40,40,40,40],"floor_reached":25,"playtime":1621,"items_purged":["Strike_B"],"score":567,"play_id":"d59a0551-20c6-4221-ad38-10c583f60ca8","local_time":"20201223202401","is_ascension_mode":true,"campfire_choices":[{"data":"Sweeping Beam","floor":6,"key":"SMITH"},{"data":"Defragment","floor":13,"key":"SMITH"},{"floor":15,"key":"REST"},{"data":"Fission","floor":24,"key":"SMITH"}],"circlet_count":0,"master_deck":["AscendersBane","Strike_B","Strike_B","Defend_B","Defend_B","Defend_B","Defend_B","Zap","Dualcast","Genetic Algorithm","Ball Lightning","Thunder Strike","Sweeping Beam+1","Chill","Turbo","Defragment+1","Ball Lightning","Fission+1","Ghostly","Ghostly","Ghostly","Static Discharge","Ghostly","Seek"],"relics":["FrozenCore","NeowsBlessing","Dead Branch","Girya","DollysMirror","Ice Cream"],"acts_visited":["Exordium","TheCity"],"potions_floor_usage":[12,14,23,25],"damage_taken":[{"damage":0,"enemies":"Jaw Worm","floor":1,"turns":1},{"damage":0,"enemies":"2 Louse","floor":5,"turns":1},{"damage":0,"enemies":"Gremlin Nob","floor":7,"turns":1},{"damage":10,"enemies":"Small Slimes","floor":8,"turns":4},{"damage":0,"enemies":"Looter","floor":10,"turns":3},{"damage":19,"enemies":"Large Slime","floor":12,"turns":5},{"damage":3,"enemies":"3 Louse","floor":14,"turns":3},{"damage":30,"enemies":"Slime Boss","floor":16,"turns":6},{"damage":0,"enemies":"2 Thieves","floor":18,"turns":3},{"damage":4,"enemies":"3 Byrds","floor":21,"turns":5},{"damage":0,"enemies":"Gremlin Leader","floor":23,"turns":8},{"damage":32,"enemies":"Slavers","floor":25,"turns":7}],"seed_played":"4905815949305390448","potions_obtained":[{"floor":1,"key":"SteroidPotion"},{"floor":7,"key":"SneckoOil"},{"floor":12,"key":"GamblersBrew"},{"floor":16,"key":"Explosive Potion"},{"floor":23,"key":"PowerPotion"}],"is_trial":false,"path_per_floor":["M","$","?","?","M","R","E","M","T","M","$","M","R","M","R","B",null,"M","?","?","M","$","E","R","E"],"character_chosen":"DEFECT","items_purchased":["Ball Lightning","Defragment","DollysMirror"],"campfire_rested":1,"item_purchase_floors":[2,11,22],"current_hp_per_floor":[64,64,64,64,64,64,64,54,54,54,54,35,35,32,53,23,59,59,59,35,31,31,31,31,0,0],"gold":40,"neow_bonus":"THREE_ENEMY_KILL","is_daily":false,"chose_seed":false,"campfire_upgraded":3,"win_rate":0.0,"timestamp":1608783841,"path_taken":["M","$","?","?","M","R","E","M","T","M","$","?","R","M","R","BOSS","M","?","?","M","$","E","R","E"],"items_purchased_type":["Card","Card","Relic"],"build_version":"2020-12-18","purchased_purges":1,"victory":false,"max_hp_per_floor":[71,71,71,71,71,71,71,71,71,71,71,71,71,71,71,71,71,71,71,35,35,35,35,35,35,35],"relic_stats":{"counters":[12,47],"Dead Branch":[44],"obtain_stats":[{"Ice Cream":23,"Girya":9,"NeowsBlessing":0,"DollysMirror":22,"Dead Branch":7,"Cracked Core":0,"FrozenCore":17},{"Ice Cream":11,"Girya":4,"NeowsBlessing":0,"DollysMirror":10,"Dead Branch":3,"Cracked Core":0,"FrozenCore":8},{"Ice Cream":40,"Girya":7,"NeowsBlessing":0,"DollysMirror":32,"Dead Branch":3,"Cracked Core":0,"FrozenCore":24}],"FrozenCore":[5]},"card_choices":[{"not_picked":["Force Field","Steam"],"picked":"Genetic Algorithm","floor":1},{"not_picked":["Compile Driver","Hologram"],"picked":"Sweeping Beam","floor":5},{"not_picked":["Compile Driver","Self Repair"],"picked":"Chill","floor":7},{"not_picked":["Stack","Recycle","Auto Shields"],"picked":"SKIP","floor":8},{"not_picked":["Go for the Eyes","Redo"],"picked":"Turbo","floor":10},{"not_picked":["Streamline","Force Field","Sweeping Beam"],"picked":"SKIP","floor":12},{"not_picked":["Rip and Tear","Leap"],"picked":"Ball Lightning","floor":14},{"not_picked":["Multi-Cast","Core Surge"],"picked":"Fission","floor":16},{"not_picked":["Gash+1","Self Repair","Melter"],"picked":"SKIP","floor":18},{"not_picked":["Compile Driver","Gash"],"picked":"Static Discharge","floor":21},{"not_picked":["Coolheaded","Turbo+1"],"picked":"Seek","floor":23}],"player_experience":3006505,"relics_obtained":[{"floor":7,"key":"Dead Branch"},{"floor":9,"key":"Girya"},{"floor":23,"key":"Ice Cream"}],"event_choices":[{"damage_healed":0,"gold_gain":0,"player_choice":"Leave","damage_taken":0,"max_hp_gain":0,"max_hp_loss":0,"event_name":"The Cleric","floor":3,"gold_loss":0},{"damage_healed":0,"gold_gain":0,"cards_transformed":["Strike_B"],"player_choice":"Change","damage_taken":0,"max_hp_gain":0,"max_hp_loss":0,"event_name":"Living Wall","floor":4,"gold_loss":0,"cards_obtained":["Thunder Strike"]},{"damage_healed":0,"gold_gain":0,"player_choice":"Ignored","damage_taken":0,"max_hp_gain":0,"max_hp_loss":0,"event_name":"Vampires","floor":19,"gold_loss":0},{"damage_healed":0,"gold_gain":0,"player_choice":"Became a Ghost","damage_taken":0,"max_hp_gain":0,"max_hp_loss":36,"event_name":"Ghosts","floor":20,"gold_loss":0,"cards_obtained":["Ghostly","Ghostly","Ghostly"]}],"is_beta":true,"boss_relics":[{"not_picked":["Coffee Dripper","Tiny House"],"picked":"FrozenCore"}],"items_purged_floors":[22],"is_endless":false,"potions_floor_spawned":[1,7,12,16,23],"killed_by":"Slavers","ascension_level":20}}