{"host":"ged1bqtamtf4sn4x","time":1608806290,"event":{"mods":["BaseMod","Colored Map","DeckTracker","Highlight Path","Keyboard Shortcuts","Minty Spire (QoL Compilation)","Permanent Neow","Quick Restart","SuperFastMode","everything is the same but u backflip on backflip"],"gold_per_floor":[112,1,51,64,75,75,50,70,70,70,70,120,152,168,168,240,240,240,240],"floor_reached":18,"playtime":478,"items_purged":["Regret"],"score":324,"play_id":"935fce21-b027-4d0c-9aac-15c5ce6382fb","local_time":"20201224193810","is_ascension_mode":true,"campfire_choices":[{"data":"Body Slam","floor":6.0,"key":"SMITH"},{"data":"Armaments","floor":10.0,"key":"SMITH"},{"data":"Juggernaut","floor":15.0,"key":"SMITH"}],"circlet_count":0,"master_deck":["AscendersBane","Strike_R","Strike_R","Strike_R","Strike_R","Strike_R","Defend_R","Defend_R","Defend_R","Defend_R","Bash","Uppercut","Power Through","Body Slam+1","Juggernaut+1","Battle Trance","Armaments+1","Evolve","Dark Embrace","Offering"],"relics":["Burning Blood","Torii","Bottled Lightning","Sundial","Philosopher\u0027s Stone"],"acts_visited":["Exordium","TheCity"],"potions_floor_usage":[],"damage_taken":[{"damage":6.0,"enemies":"Jaw Worm","floor":1.0,"turns":5.0},{"damage":1.0,"enemies":"Cultist","floor":4.0,"turns":3.0},{"damage":0.0,"enemies":"Small Slimes","floor":5.0,"turns":3.0},{"damage":13.0,"enemies":"Exordium Thugs","floor":7.0,"turns":5.0},{"damage":2.0,"enemies":"3 Louse","floor":8.0,"turns":4.0},{"damage":16.0,"enemies":"Lagavulin","floor":13.0,"turns":7.0},{"damage":20.0,"enemies":"Lots of Slimes","floor":14.0,"turns":6.0},{"damage":45.0,"enemies":"Slime Boss","floor":16.0,"turns":13.0},{"damage":2,"enemies":"3 Byrds","floor":18,"turns":2}],"seed_played":"-2491970226021458740","potions_obtained":[{"floor":4.0,"key":"EssenceOfSteel"},{"floor":5.0,"key":"Block Potion"},{"floor":16.0,"key":"Strength Potion"}],"is_trial":false,"path_per_floor":["M","$","?","M","M","R","M","M","T","R","$","?","E","M","R","B",null,"M"],"character_chosen":"IRONCLAD","items_purchased":["Power Through"],"campfire_rested":0,"item_purchase_floors":[2],"current_hp_per_floor":[68,68,68,73,75,75,68,72,72,72,72,72,62,48,48,9,59,57,57],"gold":240,"neow_bonus":"ONE_RARE_RELIC","is_daily":false,"chose_seed":false,"campfire_upgraded":3,"win_rate":0.0,"timestamp":1608806290,"path_taken":["M","$","?","M","M","R","M","?","T","R","$","?","E","M","R","BOSS","M"],"items_purchased_type":["Card"],"build_version":"2020-12-22","purchased_purges":1,"victory":false,"max_hp_per_floor":[75,75,75,75,75,75,75,75,75,75,75,75,75,75,75,75,75,75,75],"card_choices":[{"not_picked":["Cleave","Warcry"],"picked":"Uppercut","floor":1.0},{"not_picked":["Clothesline","Warcry"],"picked":"Body Slam","floor":4.0},{"not_picked":["Clash","Power Through"],"picked":"Juggernaut","floor":5.0},{"not_picked":["Wild Strike","Perfected Strike"],"picked":"Battle Trance","floor":7.0},{"not_picked":["Infernal Blade","True Grit"],"picked":"Armaments","floor":8.0},{"not_picked":["Pommel Strike","Thunderclap"],"picked":"Evolve","floor":13.0},{"not_picked":["Dropkick","Dual Wield"],"picked":"Dark Embrace","floor":14.0},{"not_picked":["Reaper","Brutality"],"picked":"Offering","floor":16.0}],"player_experience":396634,"relics_obtained":[{"floor":9.0,"key":"Bottled Lightning"},{"floor":13.0,"key":"Sundial"}],"event_choices":[{"damage_healed":0.0,"max_hp_gain":0.0,"max_hp_loss":0.0,"gold_gain":50.0,"event_name":"Golden Shrine","player_choice":"Pray","floor":3.0,"gold_loss":0.0,"damage_taken":0.0},{"damage_healed":0.0,"max_hp_gain":0.0,"max_hp_loss":0.0,"gold_gain":50.0,"event_name":"Golden Shrine","player_choice":"Pray","floor":12.0,"gold_loss":0.0,"damage_taken":0.0}],"is_beta":false,"boss_relics":[{"not_picked":["Black Star","Pandora\u0027s Box"],"picked":"Philosopher\u0027s Stone"}],"items_purged_floors":[2],"is_endless":false,"potions_floor_spawned":[4,5,8,16],"killed_by":"3 Byrds","ascension_level":20}}