{"host":"580ga1x1z8x1b2ni","time":1608791679,"event":{"mods":["Act Like it!","BaseMod","BetterRewards","Hallownest","Hubris","Minty Spire (QoL Compilation)","Replay The Spire","StSLib","Waifu the Spire","[IsaacMod]ÒÔÈö¼âËþ","vexMod"],"gold_per_floor":[112,412,430,440,440,473,488,488,488,504,504,504,504,434,434,537,537,557,455,470,470,219,245,245,245,268,297,312,105,105,136,136,236,236,248,248,328,345,345,345,380,380,380,380,390,418,418,429,429,429,429,429,76,108,208,208],"floor_reached":55,"playtime":3606,"items_purged":["Strike_B","Strike_B","Strike_B","Strike_B"],"score":914,"play_id":"b4755420-df93-4413-9451-78ccab902592","local_time":"20201224143438","is_ascension_mode":true,"campfire_choices":[{"data":"Sunder","floor":8.0,"key":"SMITH"},{"data":"Zap","floor":11.0,"key":"SMITH"},{"data":"Coolheaded","floor":15,"key":"SMITH"},{"data":"Fission","floor":24,"key":"SMITH"},{"data":"Dualcast","floor":32,"key":"SMITH"},{"data":"Steam","floor":40,"key":"SMITH"},{"data":"Ball Lightning","floor":42,"key":"SMITH"},{"data":"Beam Cell","floor":44,"key":"SMITH"},{"data":"BootSequence","floor":47,"key":"SMITH"},{"floor":49,"key":"RECALL"},{"data":"BootSequence","floor":52,"key":"SMITH"}],"circlet_count":0,"master_deck":["Defend_B+1","Defend_B+1","Defend_B+1","Defend_B+1","Zap+1","Dualcast+1","Sunder+1","Coolheaded+1","Steam+1","Ball Lightning+1","Fission+1","Turbo+1","Beam Cell+1","Heatsinks+1","ReplaySort","Redo+1","Echo Form+1","Turbo+1","Biased Cognition+1","ReplayTheSpireMod:Calculation Training+1","Consume+1","ElectricPowerLearning+1","BootSequence+1","White Noise+1","BootSequence+1"],"relics":["Cracked Core","HushsDoor","DoctorsRemote","NeowsBlessing","Smiling Mask","Replay:Bottled Eggs","YumHeart","Hallownest:StagBellRelic1","Honey Jar","Pear","Medical Kit","Frozen Egg 2","hubris:Icosahedron","BookOfRevelations","Potion Belt","PreservedInsect","DeadEye","Ring of Chaos","Hallownest:HeavyBlowRelic","hubris:BallOfYels","UnicornStump","Calipers","hubris:BottledRain"],"acts_visited":["Hallownest:Greenpath","Hallownest:CityofTears","Hallownest:KingdomsEdge","TheEnding"],"potions_floor_usage":[16,23,23,27,33,33,37,37,50,50,50],"damage_taken":[{"damage":0.0,"enemies":"Hallownest:2_MossCreeps","floor":1.0,"turns":1.0},{"damage":0.0,"enemies":"2_ Uuma","floor":3.0,"turns":1.0},{"damage":2.0,"enemies":"Hallownest:2_Tiktiks_and_1_Crawlid","floor":4.0,"turns":1.0},{"damage":15.0,"enemies":"Hallownest:eliteCrystalGuardian","floor":6.0,"turns":6.0},{"damage":0.0,"enemies":"Hallownest:monsterAspidMother","floor":7.0,"turns":4.0},{"damage":7.0,"enemies":"Hallownest:Guard_and_Warrior","floor":10.0,"turns":5.0},{"damage":6,"enemies":"Hallownest:BossBrokenVessel","floor":16,"turns":12},{"damage":8,"enemies":"Hallownest:3_Youths","floor":18,"turns":5},{"damage":0,"enemies":"Hallownest:2_Mistakes","floor":20,"turns":5},{"damage":6,"enemies":"Hallownest:eliteSoulWarrior","floor":23,"turns":4},{"damage":0,"enemies":"Hallownest:Nosk","floor":27,"turns":7},{"damage":0,"enemies":"Hallownest:monsterMisterMushroom","floor":28,"turns":4},{"damage":5,"enemies":"Hallownest:eliteWatcherKnight","floor":31,"turns":11},{"damage":20,"enemies":"Hallownest:BossMantisLord","floor":33,"turns":8},{"damage":0,"enemies":"Hallownest:2_Littles","floor":35,"turns":2},{"damage":0,"enemies":"Hallownest:2_Littles","floor":37,"turns":4},{"damage":0,"enemies":"Hallownest:2_Littles","floor":37,"turns":3},{"damage":32,"enemies":"Hallownest:Shield_Heavy","floor":38,"turns":5},{"damage":0,"enemies":"Hallownest:StalkingDevout","floor":41,"turns":5},{"damage":7,"enemies":"Hallownest:monsterPrimalAspid","floor":45,"turns":4},{"damage":0,"enemies":"Hallownest:eliteHiveKnight","floor":46,"turns":4},{"damage":10,"enemies":"Hallownest:2_Wing_and_1_Kings","floor":48,"turns":3},{"damage":11,"enemies":"Hallownest:Radiance","floor":50,"turns":7},{"damage":1,"enemies":"Shield and Spear","floor":54,"turns":3},{"damage":105,"enemies":"Delirium","floor":55,"turns":7}],"seed_played":"2047939506953435468","potions_obtained":[{"floor":1.0,"key":"PowerPotion"},{"floor":6.0,"key":"PotionOfCapacity"},{"floor":16,"key":"Swift Potion"},{"floor":20,"key":"SpeedPotion"},{"floor":23,"key":"ColorlessPotion"},{"floor":33,"key":"Fire Potion"},{"floor":35,"key":"AttackPotion"},{"floor":38,"key":"Energy Potion"},{"floor":45,"key":"Doom Potion"}],"is_trial":false,"path_per_floor":["M","?","M","M","T","E","M","R","T","M","R","?","?","?","R","B",null,"M","$","M","T","$","E","R","?","T","E","M","$","?","E","R","B",null,"M","?","?","M","?","R","E","R","T","R","M","E","R","M","R","B",null,"R","$","E","B"],"character_chosen":"DEFECT","items_purchased":["Adrenaline Potion","Medical Kit","FocusPotion","Echo Form+1","Calipers"],"campfire_rested":0,"item_purchase_floors":[19,22,22,29,53],"current_hp_per_floor":[75,75,75,73,73,58,58,58,58,51,51,51,67,67,67,61,75,67,67,67,77,77,71,71,71,71,71,71,71,71,66,66,46,85,85,85,85,78,78,78,78,78,78,78,71,71,71,61,61,50,85,85,85,84,0,0],"gold":208,"neow_bonus":"THREE_ENEMY_KILL","is_daily":false,"chose_seed":false,"campfire_upgraded":10,"win_rate":0.0,"timestamp":1608791678,"path_taken":["M","?","M","?","?","E","M","R","T","M","R","?","?","?","R","BOSS","M","$","M","?","?","E","R","?","T","E","?","$","?","E","R","BOSS","M","?","?","M","?","R","E","R","T","R","M","E","R","?","R","BOSS","R","$","E","BOSS"],"items_purchased_type":["Potion","Relic","Potion","Card","Relic"],"build_version":"2020-12-22","purchased_purges":4,"victory":false,"max_hp_per_floor":[75,75,75,75,75,75,75,75,75,75,75,75,75,75,75,75,75,75,75,75,85,85,85,85,85,85,85,85,85,85,85,85,85,85,85,85,85,85,85,85,85,85,85,85,85,85,85,85,85,85,85,85,85,85,85,85],"card_choices":[{"not_picked":["Crystallizer","White Noise"],"picked":"Sunder","floor":1.0},{"not_picked":["Barrage","Reinforced Body"],"picked":"Coolheaded","floor":3.0},{"not_picked":["Stack","hubris:Ukulele"],"picked":"Steam","floor":4.0},{"not_picked":["Leap","Rebound","Auto Shields"],"picked":"SKIP","floor":6.0},{"not_picked":["Rebound","ReplaySolidLightProjector"],"picked":"Ball Lightning","floor":7.0},{"not_picked":["Stack","hubris:Ukulele","Compile Driver"],"picked":"SKIP","floor":10.0},{"not_picked":["Echo Form","Reboot"],"picked":"Fission","floor":16},{"not_picked":["Reprogram","Go for the Eyes","ReplayTheSpireMod:GoodbyeWorld"],"picked":"Turbo+1","floor":18},{"not_picked":["Go for the Eyes","BasicCrystalCard","Lockon"],"picked":"Beam Cell","floor":20},{"not_picked":["Reprogram","hubris:Prefetch","hubris:DoWhile"],"picked":"Heatsinks+1","floor":23},{"not_picked":["Mirror Shield","Redo+1","BasicCrystalCard"],"picked":"ReplaySort","floor":27},{"not_picked":["Cold Snap+1","Streamline","Hologram"],"picked":"Redo+1","floor":28},{"not_picked":["ReplayTheSpireMod:System Scan","Reinforced Body","Cold Snap"],"picked":"Turbo+1","floor":31},{"not_picked":["Multi-Cast","All For One","ReplayTheSpireMod:Fabricate Wheel"],"picked":"Biased Cognition+1","floor":33},{"not_picked":["Ball Lightning+1","Leap","Storm+1"],"picked":"ReplayTheSpireMod:Calculation Training+1","floor":35},{"not_picked":["Panic Button","hubris:PowerSurge+1","Stack"],"picked":"Consume+1","floor":38},{"not_picked":["Consume+1","Self Repair+1","Panic Button+1"],"picked":"ElectricPowerLearning+1","floor":41},{"not_picked":["Steam","ReplayTheSpireMod:Reroute Power","Rebound+1"],"picked":"BootSequence","floor":45},{"not_picked":["ReplayTheSpireMod:System Scan","hubris:DoWhile","Thunder Strike"],"picked":"White Noise+1","floor":46},{"not_picked":["ReplayTheSpireMod:Reroute Power+1","Consume","Melter+1"],"picked":"BootSequence","floor":48},{"not_picked":["Panic Button","ReplayTheSpireMod:Fabricate Wheel","Conserve Battery+1","Rip and Tear"],"picked":"SKIP","floor":54}],"player_experience":219238,"relics_obtained":[{"floor":5.0,"key":"Smiling Mask"},{"floor":6.0,"key":"Replay:Bottled Eggs"},{"floor":9.0,"key":"YumHeart"},{"floor":21,"key":"Pear"},{"floor":23,"key":"Frozen Egg 2"},{"floor":26,"key":"BookOfRevelations"},{"floor":27,"key":"Potion Belt"},{"floor":31,"key":"DeadEye"},{"floor":41,"key":"hubris:BallOfYels"},{"floor":46,"key":"UnicornStump"},{"floor":54,"key":"hubris:BottledRain"}],"event_choices":[],"is_beta":false,"boss_relics":[{"not_picked":["vexMod:FluxCapacitor","hubris:HollowSoul"],"picked":"Honey Jar"},{"not_picked":[]},{"not_picked":["hubris:RunicObelisk","vexMod:EndlessSickness"],"picked":"Ring of Chaos"},{"not_picked":[]}],"items_purged_floors":[19,22,29,53],"is_endless":false,"potions_floor_spawned":[1,6,16,20,23,33,35,37,38,45],"killed_by":"Delirium","ascension_level":1}}