{"host":"5jn3rki867005t18","time":1608817772,"event":{"mods":["AchievementEnabler","BaseMod","Colored Map","DeckTracker","Highlight Path","Minty Spire (QoL Compilation)","Permanent Neow","Quick Restart","StSLib","SuperFastMode"],"gold_per_floor":[113,113,129,146,159,159,334,362,387,407,407,407,427,445,445,568,568,591,614,614,614,614,614,653,653,653,673,370,390,403,418,418,548,548,563,108,169,187,187,187,187,187,266,266,329,370,391,415,415,415,415],"floor_reached":50,"playtime":2478,"items_purged":["Doubt","Injury"],"score":544,"play_id":"cf08c1ee-75d0-4f15-9339-d8440ba738f2","local_time":"20201224224932","is_ascension_mode":false,"campfire_choices":[{"data":"Eruption","floor":6,"key":"SMITH"},{"floor":12,"key":"REST"},{"data":"FollowUp","floor":15,"key":"SMITH"},{"floor":23,"key":"REST"},{"floor":25,"key":"REST"},{"floor":32,"key":"REST"},{"floor":40,"key":"REST"},{"floor":41,"key":"REST"},{"data":"Adaptation","floor":42,"key":"SMITH"},{"data":"MentalFortress","floor":44,"key":"SMITH"},{"floor":49,"key":"REST"}],"circlet_count":0,"master_deck":["Strike_P+1","Strike_P+1","Defend_P+1","Defend_P","Defend_P","Defend_P","Eruption+1","Vigilance","CrushJoints+1","SashWhip","Halt","CrushJoints","FollowUp+1","DeusExMachina","Adaptation+1","SashWhip+1","Meditate","DeusExMachina","Brilliance","Tantrum","CarveReality+1","ClearTheMind+1","InnerPeace+1","FlurryOfBlows+1","MentalFortress+1"],"relics":["PureWater","Pen Nib","Whetstone","Smiling Mask","Golden Idol","SlaversCollar","Dream Catcher","CaptainsWheel","Pantograph","Black Star","Singing Bowl","Toolbox","WingedGreaves","Kunai","GoldenEye","Bag of Marbles","Yang"],"acts_visited":["Exordium","TheCity","TheBeyond"],"potions_floor_usage":[16,16,18,27,29,29,30,31,33,37,46],"damage_taken":[{"damage":0,"enemies":"Jaw Worm","floor":1,"turns":3},{"damage":0,"enemies":"2 Louse","floor":3,"turns":3},{"damage":2,"enemies":"Small Slimes","floor":4,"turns":2},{"damage":8,"enemies":"3 Louse","floor":5,"turns":3},{"damage":9,"enemies":"Gremlin Nob","floor":8,"turns":3},{"damage":1,"enemies":"Blue Slaver","floor":10,"turns":3},{"damage":7,"enemies":"Lots of Slimes","floor":13,"turns":4},{"damage":0,"enemies":"Large Slime","floor":14,"turns":3},{"damage":23,"enemies":"The Guardian","floor":16,"turns":6},{"damage":22,"enemies":"2 Thieves","floor":18,"turns":3},{"damage":10,"enemies":"Spheric Guardian","floor":19,"turns":3},{"damage":47,"enemies":"Slavers","floor":24,"turns":5},{"damage":24,"enemies":"3 Cultists","floor":27,"turns":4},{"damage":7,"enemies":"Centurion and Healer","floor":29,"turns":3},{"damage":2,"enemies":"Cultist and Chosen","floor":30,"turns":4},{"damage":0,"enemies":"Sentry and Sphere","floor":31,"turns":2},{"damage":37,"enemies":"Automaton","floor":33,"turns":6},{"damage":3,"enemies":"Orb Walker","floor":35,"turns":2},{"damage":39,"enemies":"2 Orb Walkers","floor":37,"turns":6},{"damage":27,"enemies":"3 Darklings","floor":38,"turns":6},{"damage":18,"enemies":"Mind Bloom Boss Battle","floor":45,"turns":5},{"damage":35,"enemies":"Nemesis","floor":46,"turns":7},{"damage":10,"enemies":"Jaw Worm Horde","floor":47,"turns":3},{"damage":0,"enemies":"Transient","floor":48,"turns":5},{"damage":89,"enemies":"Time Eater","floor":50,"turns":9}],"seed_played":"-4529259815945964702","potions_obtained":[{"floor":5,"key":"LiquidBronze"},{"floor":8,"key":"Strength Potion"},{"floor":16,"key":"SkillPotion"},{"floor":24,"key":"Regen Potion"},{"floor":27,"key":"Fire Potion"},{"floor":29,"key":"EntropicBrew"},{"floor":33,"key":"Block Potion"},{"floor":45,"key":"CultistPotion"}],"is_trial":false,"path_per_floor":["M","?","M","M","M","R","?","E","T","M","?","R","M","M","R","B",null,"M","M","?","?","?","R","E","R","T","M","$","M","M","M","R","B",null,"M","$","?","M","?","R","R","R","T","R","?","E","M","M","R","B"],"character_chosen":"WATCHER","items_purchased":["Pantograph","Singing Bowl","Toolbox"],"campfire_rested":7,"item_purchase_floors":[28,36,36],"current_hp_per_floor":[72,58,58,56,48,48,48,39,39,38,38,59,52,52,52,29,72,50,40,40,40,40,61,14,35,35,16,16,9,19,19,40,28,72,69,69,32,7,7,31,56,56,56,56,64,31,23,25,53,0,0],"gold":415,"neow_bonus":"RANDOM_COMMON_RELIC","is_daily":false,"chose_seed":false,"campfire_upgraded":4,"win_rate":0.0,"timestamp":1608817772,"path_taken":["M","?","M","M","M","R","?","E","T","M","?","R","M","M","R","BOSS","M","M","?","?","?","R","E","R","T","M","?","M","?","M","R","BOSS","M","?","?","M","?","R","R","R","T","R","?","E","M","M","R","BOSS"],"items_purchased_type":["Relic","Relic","Relic"],"build_version":"2020-12-22","purchased_purges":2,"victory":false,"max_hp_per_floor":[72,72,72,72,72,72,72,72,72,72,72,72,72,72,72,72,72,72,72,72,72,72,72,72,72,72,72,72,72,72,72,72,72,72,72,72,74,76,76,78,80,80,80,80,82,84,86,88,90,90,90],"card_choices":[{"not_picked":["Prostrate","ClearTheMind"],"picked":"BowlingBash","floor":1},{"not_picked":["JustLucky","Protect"],"picked":"CrushJoints","floor":3},{"not_picked":["Study","FlyingSleeves","EmptyBody"],"picked":"SKIP","floor":4},{"not_picked":["WreathOfFlame","CutThroughFate"],"picked":"SashWhip","floor":5},{"not_picked":["CrushJoints","Scrawl"],"picked":"Halt","floor":8},{"not_picked":["ThirdEye","EmptyFist"],"picked":"CrushJoints","floor":10},{"not_picked":["Pray","JustLucky","Collect"],"picked":"SKIP","floor":13},{"not_picked":["FlurryOfBlows","Halt"],"picked":"FollowUp","floor":14},{"not_picked":["ConjureBlade","Blasphemy"],"picked":"DeusExMachina","floor":16},{"not_picked":["EmptyFist","Protect"],"picked":"Adaptation","floor":18},{"not_picked":["FlurryOfBlows","EmptyMind+1"],"picked":"SashWhip+1","floor":19},{"not_picked":["Indignation","EmptyFist"],"picked":"Tantrum","floor":24},{"not_picked":["Indignation","CrushJoints"],"picked":"CarveReality+1","floor":25},{"not_picked":["JustLucky","ThirdEye+1"],"picked":"ClearTheMind+1","floor":27},{"not_picked":["Tantrum+1","JustLucky"],"picked":"InnerPeace+1","floor":29},{"not_picked":["Perseverance","EmptyFist"],"picked":"FlurryOfBlows+1","floor":30},{"not_picked":["Omniscience","ClearTheMind","Study+1"],"picked":"SKIP","floor":31},{"not_picked":["PathToVictory","InnerPeace"],"picked":"MentalFortress","floor":32},{"not_picked":["WaveOfTheHand","CutThroughFate","Fasting2"],"picked":"SKIP","floor":35},{"not_picked":["EmptyBody","WaveOfTheHand+1","Conclude+1"],"picked":"Singing Bowl","floor":37},{"not_picked":["ClearTheMind","Halt+1","SashWhip"],"picked":"Singing Bowl","floor":38},{"not_picked":["Pray","DeceiveReality","FlyingSleeves+1"],"picked":"Singing Bowl","floor":40},{"not_picked":["EmptyFist","Fasting2","CarveReality"],"picked":"Singing Bowl","floor":41},{"not_picked":["DeceiveReality+1","Wish","Halt+1"],"picked":"Singing Bowl","floor":45},{"not_picked":["Ragnarok","FearNoEvil","ThirdEye+1"],"picked":"Singing Bowl","floor":46},{"not_picked":["Meditate+1","InnerPeace","Pray+1"],"picked":"Singing Bowl","floor":47},{"not_picked":["SashWhip+1","Crescendo+1","Halt+1"],"picked":"Singing Bowl","floor":48},{"not_picked":["SandsOfTime+1","SignatureMove","EmptyMind+1"],"picked":"Singing Bowl","floor":49}],"player_experience":119394,"relics_obtained":[{"floor":8,"key":"Whetstone"},{"floor":9,"key":"Smiling Mask"},{"floor":24,"key":"Dream Catcher"},{"floor":26,"key":"CaptainsWheel"},{"floor":37,"key":"WingedGreaves"},{"floor":43,"key":"Kunai"},{"floor":45,"key":"GoldenEye"},{"floor":46,"key":"Bag of Marbles"},{"floor":46,"key":"Yang"}],"event_choices":[{"damage_healed":0,"gold_gain":0,"player_choice":"Entered Light","damage_taken":14,"max_hp_gain":0,"max_hp_loss":0,"event_name":"Shining Light","floor":2,"gold_loss":0,"cards_upgraded":["Strike_P","Defend_P"]},{"damage_healed":0,"gold_gain":175,"player_choice":"AGREE","damage_taken":0,"max_hp_gain":0,"max_hp_loss":0,"event_name":"Liars Game","floor":7,"gold_loss":0,"cards_obtained":["Doubt"]},{"damage_healed":0,"gold_gain":0,"player_choice":"Take Wound","damage_taken":0,"relics_obtained":["Golden Idol"],"max_hp_gain":0,"max_hp_loss":0,"event_name":"Golden Idol","floor":11,"gold_loss":0,"cards_obtained":["Injury"]},{"damage_healed":0,"gold_gain":0,"player_choice":"Read","damage_taken":0,"max_hp_gain":0,"max_hp_loss":0,"event_name":"The Library","floor":20,"gold_loss":0,"cards_obtained":["Meditate"]},{"damage_healed":0,"gold_gain":0,"cards_transformed":["Strike_P","Strike_P"],"player_choice":"Became Test Subject","damage_taken":0,"max_hp_gain":0,"max_hp_loss":0,"event_name":"Drug Dealer","floor":21,"gold_loss":0,"cards_obtained":["DeusExMachina","Brilliance"]},{"damage_healed":0,"gold_gain":0,"player_choice":"Ignored","damage_taken":0,"max_hp_gain":0,"max_hp_loss":0,"event_name":"Ghosts","floor":22,"gold_loss":0},{"damage_healed":0,"gold_gain":0,"player_choice":"Fight","damage_taken":0,"max_hp_gain":0,"max_hp_loss":0,"event_name":"Mysterious Sphere","floor":37,"gold_loss":0},{"cards_removed":["BowlingBash"],"damage_healed":0,"gold_gain":0,"player_choice":"Removed Attack","damage_taken":0,"max_hp_gain":0,"max_hp_loss":0,"event_name":"Falling","floor":39,"gold_loss":0},{"damage_healed":0,"gold_gain":0,"player_choice":"Fight","damage_taken":0,"max_hp_gain":0,"max_hp_loss":0,"event_name":"MindBloom","floor":45,"gold_loss":0}],"is_beta":false,"boss_relics":[{"not_picked":["Snecko Eye","Sozu"],"picked":"SlaversCollar"},{"not_picked":["SacredBark","Tiny House"],"picked":"Black Star"}],"items_purged_floors":[28,36],"is_endless":false,"potions_floor_spawned":[5,8,16,24,27,29,33,45],"killed_by":"Time Eater","ascension_level":0}}