{"host":"d57r1g6l9rdx1vko","time":1608811774,"event":{"mods":["AchievementEnabler","BaseMod","Colored Map","Colored Powertips","GifTheSpireLib","Marisa£®ÏF”Í°°ƒß¿Ì…≥£©","Minty Spire (QoL Compilation)","Replay The Spire","StSLib"],"gold_per_floor":[116,130,35,45,45,89,123,165,165,165,165,3,47,80,80,213,213,239,138,184,209,243,243,243],"floor_reached":23,"playtime":1241,"items_purged":["Strike_MRS"],"score":276,"play_id":"7968d190-98af-4bf3-9edf-1c1acd345473","local_time":"20201224200934","is_ascension_mode":true,"campfire_choices":[{"floor":10.0,"key":"REST"}],"circlet_count":0,"master_deck":["Strike_MRS","Strike_MRS","Strike_MRS","Defend_MRS","Defend_MRS","Defend_MRS+1","Defend_MRS","MasterSpark","UpSweep","PowerUp","6A+1","WitchOfGreed","PulseMagic+1","DoubleSpark","AlicesGift","WitchOfGreed","ManaRampage","GravityBeat+1","EventHorizon","Acceleration","PowerUp"],"relics":["MiniHakkero","Blue Doll","War Paint","HornCleat","Darkstone Periapt","Bag of Preparation","SacredBark"],"acts_visited":["Exordium","TheCity"],"potions_floor_usage":[22,22],"damage_taken":[{"damage":1.0,"enemies":"Cultist","floor":1.0,"turns":4.0},{"damage":2.0,"enemies":"Jaw Worm","floor":2.0,"turns":3.0},{"damage":1.0,"enemies":"2 Louse","floor":4.0,"turns":2.0},{"damage":27.0,"enemies":"Gremlin Nob","floor":6.0,"turns":4.0},{"damage":3.0,"enemies":"Exordium Wildlife","floor":7.0,"turns":4.0},{"damage":23.0,"enemies":"3 Sentries","floor":8.0,"turns":7.0},{"damage":9.0,"enemies":"Exordium Thugs","floor":13.0,"turns":4.0},{"damage":30.0,"enemies":"Large Slime","floor":14.0,"turns":5.0},{"damage":32.0,"enemies":"Hexaghost","floor":16.0,"turns":10.0},{"damage":12.0,"enemies":"Chosen","floor":18.0,"turns":4.0},{"damage":8.0,"enemies":"Spheric Guardian","floor":20.0,"turns":4.0},{"damage":54,"enemies":"Snecko","floor":21,"turns":6},{"damage":7,"enemies":"Cultist and Chosen","floor":22,"turns":4},{"damage":6,"enemies":"Replay:Snechameleon","floor":23,"turns":1}],"seed_played":"-7847147156405109100","potions_obtained":[{"floor":4.0,"key":"Adrenaline Potion"},{"floor":6.0,"key":"EssenceOfSteel"},{"floor":6.0,"key":"GamblersBrew"},{"floor":7.0,"key":"SkillPotion"},{"floor":7.0,"key":"LifebloodPotion"},{"floor":8.0,"key":"SmokeBomb"},{"floor":13.0,"key":"Ancient Potion"},{"floor":13.0,"key":"SkillPotion"},{"floor":14.0,"key":"Explosive Potion"},{"floor":14.0,"key":"PowerPotion"},{"floor":16.0,"key":"DuplicationPotion"},{"floor":16.0,"key":"LiquidMemories"},{"floor":18.0,"key":"Reflective Coating"},{"floor":20.0,"key":"AttackPotion"},{"floor":20.0,"key":"Elixir"},{"floor":21,"key":"DuplicationPotion"},{"floor":22,"key":"Dexterity Potion"}],"is_trial":false,"path_per_floor":["M","M","$","M","$","E","M","E","T","R","T","$","M","M","R_BF","B",null,"M","$","M","M","M","E"],"character_chosen":"MARISA","items_purchased":["WitchOfGreed","PulseMagic","Bag of Preparation","WitchOfGreed","EventHorizon"],"campfire_rested":1,"item_purchase_floors":[3,3,12,12,19],"current_hp_per_floor":[81,79,79,78,78,51,48,25,25,49,49,49,40,10,34,2,82,70,70,62,8,1,0,0],"gold":243,"neow_bonus":"TEN_PERCENT_HP_BONUS","is_daily":false,"chose_seed":false,"campfire_upgraded":0,"win_rate":0.0,"timestamp":1608811774,"path_taken":["M","M","$","M","$","E","M","E","T","R","?","$","M","M","R_BF","BOSS","M","$","M","M","M","E"],"items_purchased_type":["Card","Card","Relic","Card","Card"],"build_version":"2020-12-22","purchased_purges":1,"victory":false,"max_hp_per_floor":[82,82,82,82,82,82,82,82,82,82,82,82,82,82,82,82,82,82,82,82,82,82,82,82],"card_choices":[{"not_picked":["GravityBeat","NonDirectionalLaser"],"picked":"PowerUp","floor":1.0},{"not_picked":["SporeBomb","UnstableBomb"],"picked":"6A","floor":2.0},{"not_picked":["Singularity","GrandCross"],"picked":"DoubleSpark","floor":4.0},{"not_picked":["6A","DC","GravityBeat"],"picked":"SKIP","floor":6.0},{"not_picked":["MachineGunSpark","LuminesStrike","ChargingUp"],"picked":"SKIP","floor":7.0},{"not_picked":["SuperPerseids","GrandCross"],"picked":"AlicesGift","floor":8.0},{"not_picked":["6A","WitchLeyline","GrandCross"],"picked":"SKIP","floor":13.0},{"not_picked":["NonDirectionalLaser","StarlightTyphoon","Orbital"],"picked":"SKIP","floor":14.0},{"not_picked":["CollectingQuirk","MaximisePower"],"picked":"ManaRampage","floor":16.0},{"not_picked":["UnstableBomb","NonDirectionalLaser+1"],"picked":"GravityBeat+1","floor":18.0},{"not_picked":["MagicAbsorber","DeepEcoloBomb"],"picked":"Acceleration","floor":20.0},{"not_picked":["MysteriousBeam+1","DC"],"picked":"PowerUp","floor":21},{"not_picked":["MysteriousBeam","IllusionStar+1","6A"],"picked":"SKIP","floor":22}],"player_experience":110142,"relics_obtained":[{"floor":6.0,"key":"Blue Doll"},{"floor":8.0,"key":"War Paint"},{"floor":9.0,"key":"HornCleat"},{"floor":11.0,"key":"Darkstone Periapt"}],"event_choices":[],"is_beta":false,"boss_relics":[{"not_picked":["Replay:Grab Bag","Replay:Ancient Bell"],"picked":"SacredBark"}],"items_purged_floors":[19],"is_endless":false,"potions_floor_spawned":[4,6,7,14,16,20,21],"killed_by":"Replay:Snechameleon","ascension_level":4}}