{"host":"so6fnfq7th6ki9q5","time":1608846640,"event":{"mods":["AchievementEnabler","BaseMod","Colored Map","Colored Powertips","Minty Spire (QoL Compilation)","Quick Restart","StSLib"],"gold_per_floor":[119,119,135,151,151,182,194,194,194,194,204,221,146,165,165,265,265,275,287,287,299,299,299,329,329,376,391,403,737,737,755,755,859,859,869,888,888,888,888,921,921,939,964,995,1015,1025,1051,1068,1068,1068,1068,1068,367,399,399],"floor_reached":56,"playtime":4010,"items_purged":["Defend_G","Strike_G"],"score":1510,"play_id":"f3b49235-1e69-41bf-a984-373f4be85ed2","local_time":"20201224155040","is_ascension_mode":true,"campfire_choices":[{"data":"Bouncing Flask","floor":8.0,"key":"SMITH"},{"data":"Deadly Poison","floor":15.0,"key":"SMITH"},{"data":"Ghostly","floor":23.0,"key":"SMITH"},{"data":"Ghostly","floor":25.0,"key":"SMITH"},{"data":"Burst","floor":30.0,"key":"SMITH"},{"data":"Ghostly","floor":32.0,"key":"SMITH"},{"data":"Ghostly","floor":41.0,"key":"SMITH"},{"floor":49.0,"key":"RECALL"},{"data":"Ghostly","floor":52.0,"key":"SMITH"}],"circlet_count":0,"master_deck":["Strike_G","Strike_G","Strike_G","Defend_G","Defend_G","Survivor","Backflip","Deadly Poison+1","PiercingWail","Bouncing Flask+1","Dodge and Roll","Backflip","Adrenaline","Corpse Explosion","Dagger Spray+1","Ghostly+1","Ghostly+1","Ghostly+1","Ghostly+1","Ghostly+1","Dodge and Roll+1","Bouncing Flask","Burst+1","Burst","Prepared+1","Deadly Poison","Expertise+1"],"relics":["Ring of the Snake","Strawberry","HornCleat","Black Star","Mango","PreservedInsect","Snake Skull","Ginger","Old Coin","SlaversCollar","Tough Bandages","Darkstone Periapt","Lantern","Ornamental Fan","InkBottle","Art of War","TwistedFunnel","Anchor","Blood Vial","White Beast Statue","Akabeko"],"acts_visited":["Exordium","TheCity","TheBeyond","TheEnding"],"potions_floor_usage":[55,55,55,55],"damage_taken":[{"damage":0.0,"enemies":"2 Louse","floor":1.0,"turns":4.0},{"damage":1.0,"enemies":"Cultist","floor":3.0,"turns":4.0},{"damage":0.0,"enemies":"Small Slimes","floor":4.0,"turns":5.0},{"damage":24.0,"enemies":"Gremlin Nob","floor":6.0,"turns":4.0},{"damage":0.0,"enemies":"Gremlin Gang","floor":7.0,"turns":7.0},{"damage":3.0,"enemies":"Blue Slaver","floor":11.0,"turns":4.0},{"damage":0.0,"enemies":"Exordium Thugs","floor":12.0,"turns":4.0},{"damage":0.0,"enemies":"Gremlin Gang","floor":14.0,"turns":4.0},{"damage":3.0,"enemies":"The Guardian","floor":16.0,"turns":8.0},{"damage":0.0,"enemies":"Spheric Guardian","floor":18.0,"turns":3.0},{"damage":12.0,"enemies":"3 Byrds","floor":19.0,"turns":2.0},{"damage":3.0,"enemies":"Snake Plant","floor":21.0,"turns":5.0},{"damage":2.0,"enemies":"Slavers","floor":24.0,"turns":6.0},{"damage":4.0,"enemies":"Cultist and Chosen","floor":27.0,"turns":6.0},{"damage":13.0,"enemies":"Shelled Parasite and Fungi","floor":28.0,"turns":8.0},{"damage":3.0,"enemies":"Book of Stabbing","floor":29.0,"turns":5.0},{"damage":4.0,"enemies":"Chosen and Byrds","floor":31.0,"turns":6.0},{"damage":14.0,"enemies":"Automaton","floor":33.0,"turns":8.0},{"damage":5.0,"enemies":"3 Darklings","floor":35.0,"turns":4.0},{"damage":2.0,"enemies":"Orb Walker","floor":36.0,"turns":5.0},{"damage":4.0,"enemies":"Nemesis","floor":40.0,"turns":5.0},{"damage":0.0,"enemies":"4 Shapes","floor":42.0,"turns":6.0},{"damage":2.0,"enemies":"Giant Head","floor":44.0,"turns":8.0},{"damage":2.0,"enemies":"Sphere and 2 Shapes","floor":45.0,"turns":5.0},{"damage":2.0,"enemies":"Jaw Worm Horde","floor":46.0,"turns":3.0},{"damage":7.0,"enemies":"Nemesis","floor":47.0,"turns":7.0},{"damage":1.0,"enemies":"Maw","floor":48.0,"turns":7.0},{"damage":17.0,"enemies":"Time Eater","floor":50.0,"turns":13.0},{"damage":0,"enemies":"Shield and Spear","floor":54,"turns":4},{"damage":16,"enemies":"The Heart","floor":55,"turns":9}],"seed_played":"-2168139680695540041","potions_obtained":[{"floor":2.0,"key":"Explosive Potion"},{"floor":2.0,"key":"Explosive Potion"},{"floor":2.0,"key":"SpeedPotion"},{"floor":4.0,"key":"GhostInAJar"},{"floor":11.0,"key":"GamblersBrew"},{"floor":12.0,"key":"CunningPotion"},{"floor":14.0,"key":"Ancient Potion"},{"floor":18.0,"key":"AttackPotion"},{"floor":29.0,"key":"BlessingOfTheForge"},{"floor":31.0,"key":"Energy Potion"},{"floor":36.0,"key":"GhostInAJar"},{"floor":45.0,"key":"Energy Potion"},{"floor":46.0,"key":"DistilledChaos"}],"is_trial":false,"path_per_floor":["M","?","M","M","?","E","M","R","T","?","M","M","$","M","R","B",null,"M","M","?","M","?","R","E","R","T","M","M","E","R","M","R","B",null,"M","M","?","?","?","E","R","M","T","E","M","M","E","M","R","B",null,"R","$","E","B",null],"character_chosen":"THE_SILENT","items_purchased":["TwistedFunnel","Anchor","Poison Potion","EntropicBrew","Blood Vial"],"campfire_rested":0,"item_purchase_floors":[53,53,53,53,53],"current_hp_per_floor":[77,77,76,76,76,59,59,59,59,59,56,56,56,56,56,53,84,84,72,42,39,39,39,51,51,51,47,34,31,31,27,27,13,56,51,49,49,49,49,45,45,45,45,43,41,39,32,31,31,14,56,56,56,56,40],"gold":399,"neow_bonus":"TEN_PERCENT_HP_BONUS","is_daily":false,"chose_seed":false,"campfire_upgraded":8,"win_rate":0.0,"timestamp":1608846640,"path_taken":["M","?","?","M","?","E","?","R","T","?","M","M","?","M","R","BOSS","M","?","?","M","?","R","E","R","T","M","M","E","R","M","R","BOSS","M","M","?","?","?","E","R","M","T","E","M","M","E","M","R","BOSS","R","$","E","BOSS"],"items_purchased_type":["Relic","Relic","Potion","Potion","Relic"],"build_version":"2020-12-22","purchased_purges":2,"victory":true,"max_hp_per_floor":[77,77,77,77,77,84,84,84,84,84,84,84,84,84,84,84,84,84,84,42,42,42,42,56,56,56,56,56,56,56,56,56,56,56,56,56,56,56,56,56,56,56,56,56,56,56,56,56,56,56,56,56,56,56,56],"card_choices":[{"not_picked":["Bane","Slice"],"picked":"Backflip","floor":1.0},{"not_picked":["Deflect","Backflip"],"picked":"Deadly Poison","floor":3.0},{"not_picked":["Flying Knee","Blade Dance","Distraction"],"picked":"SKIP","floor":4.0},{"not_picked":["Flying Knee","Skewer","Dagger Throw"],"picked":"SKIP","floor":6.0},{"not_picked":["Eviscerate","Backflip"],"picked":"Bouncing Flask","floor":7.0},{"not_picked":["Bane","Deflect"],"picked":"Dodge and Roll","floor":11.0},{"not_picked":["Bane","Flying Knee"],"picked":"Backflip","floor":12.0},{"not_picked":["Dagger Spray","Choke"],"picked":"Adrenaline","floor":14.0},{"not_picked":["Tools of the Trade","A Thousand Cuts"],"picked":"Corpse Explosion","floor":16.0},{"not_picked":["Dagger Throw","Flying Knee","Poisoned Stab"],"picked":"SKIP","floor":18.0},{"not_picked":["Masterful Stab","Backstab+1"],"picked":"Dagger Spray+1","floor":19.0},{"not_picked":["Distraction","Accuracy+1"],"picked":"Dodge and Roll+1","floor":21.0},{"not_picked":["Riddle With Holes","Escape Plan"],"picked":"Bouncing Flask","floor":24.0},{"not_picked":["Accuracy","Quick Slash","Finisher+1"],"picked":"SKIP","floor":27.0},{"not_picked":["Flying Knee","Backflip","Blade Dance"],"picked":"SKIP","floor":28.0},{"not_picked":["Distraction+1","Expertise"],"picked":"Burst","floor":29.0},{"not_picked":["Masterful Stab","All Out Attack","Leg Sweep+1"],"picked":"SKIP","floor":31.0},{"not_picked":["Venomology","Adrenaline"],"picked":"Burst","floor":33.0},{"not_picked":["All Out Attack+1","Escape Plan","Underhanded Strike+1"],"picked":"SKIP","floor":35.0},{"not_picked":["Cloak And Dagger","Reflex"],"picked":"Prepared+1","floor":36.0},{"not_picked":["Backflip+1","Dagger Throw+1","Flechettes"],"picked":"SKIP","floor":40.0},{"not_picked":["Distraction+1","Underhanded Strike+1","Bane+1"],"picked":"SKIP","floor":42.0},{"not_picked":["Choke","Eviscerate+1","Blur+1"],"picked":"SKIP","floor":44.0},{"not_picked":["Poisoned Stab","PiercingWail+1"],"picked":"Deadly Poison","floor":45.0},{"not_picked":["Bane+1","Bouncing Flask","Dagger Spray+1"],"picked":"SKIP","floor":46.0},{"not_picked":["Dagger Spray+1","Concentrate","Expertise+1"],"picked":"SKIP","floor":47.0},{"not_picked":["Flying Knee+1","Poisoned Stab+1","Acrobatics"],"picked":"SKIP","floor":48.0},{"not_picked":["Acrobatics+1","Bane"],"picked":"Expertise+1","floor":54}],"player_experience":291540,"relics_obtained":[{"floor":6.0,"key":"Strawberry"},{"floor":9.0,"key":"HornCleat"},{"floor":24.0,"key":"Mango"},{"floor":24.0,"key":"PreservedInsect"},{"floor":26.0,"key":"Snake Skull"},{"floor":29.0,"key":"Ginger"},{"floor":29.0,"key":"Old Coin"},{"floor":40.0,"key":"Tough Bandages"},{"floor":40.0,"key":"Darkstone Periapt"},{"floor":44.0,"key":"Lantern"},{"floor":44.0,"key":"Ornamental Fan"},{"floor":47.0,"key":"InkBottle"},{"floor":47.0,"key":"Art of War"},{"floor":54,"key":"White Beast Statue"},{"floor":54,"key":"Akabeko"}],"event_choices":[{"damage_healed":0.0,"max_hp_gain":0.0,"max_hp_loss":0.0,"gold_gain":0.0,"event_name":"Lab","player_choice":"Got Potions","floor":2.0,"gold_loss":0.0,"damage_taken":0.0},{"damage_healed":0.0,"max_hp_gain":0.0,"max_hp_loss":0.0,"gold_gain":0.0,"cards_transformed":["Defend_G"],"event_name":"Transmorgrifier","player_choice":"Transformed","floor":5.0,"gold_loss":0.0,"damage_taken":0.0,"cards_obtained":["PiercingWail"]},{"cards_removed":["Strike_G"],"damage_healed":0.0,"max_hp_gain":0.0,"max_hp_loss":0.0,"gold_gain":0.0,"event_name":"Purifier","player_choice":"Purged","floor":10.0,"gold_loss":0.0,"damage_taken":0.0},{"damage_healed":0.0,"max_hp_gain":0.0,"max_hp_loss":42.0,"gold_gain":0.0,"event_name":"Ghosts","player_choice":"Became a Ghost","floor":20.0,"gold_loss":0.0,"damage_taken":0.0,"cards_obtained":["Ghostly","Ghostly","Ghostly","Ghostly","Ghostly"]},{"cards_removed":["Defend_G"],"damage_healed":0.0,"max_hp_gain":0.0,"max_hp_loss":0.0,"gold_gain":0.0,"event_name":"Purifier","player_choice":"Purged","floor":22.0,"gold_loss":0.0,"damage_taken":0.0},{"cards_removed":["Neutralize"],"damage_healed":0.0,"max_hp_gain":0.0,"max_hp_loss":0.0,"gold_gain":0.0,"event_name":"Falling","player_choice":"Removed Attack","floor":37.0,"gold_loss":0.0,"damage_taken":0.0},{"damage_healed":0.0,"max_hp_gain":0.0,"max_hp_loss":0.0,"gold_gain":0.0,"event_name":"Tomb of Lord Red Mask","player_choice":"Ignored","floor":38.0,"gold_loss":0.0,"damage_taken":0.0},{"damage_healed":0.0,"max_hp_gain":0.0,"max_hp_loss":0.0,"gold_gain":0.0,"event_name":"Mysterious Sphere","player_choice":"Ignored","floor":39.0,"gold_loss":0.0,"damage_taken":0.0}],"is_beta":false,"boss_relics":[{"not_picked":["Ectoplasm","SacredBark"],"picked":"Black Star"},{"not_picked":["WristBlade","Busted Crown"],"picked":"SlaversCollar"}],"items_purged_floors":[13,53],"is_endless":false,"potions_floor_spawned":[4,11,12,14,18,29,31,36,45,46,47],"ascension_level":4}}