{"host":"cp5jenm8mmpif3zo","time":1608806342,"event":{"mods":["Act Like it!","Aspiration","BaseMod","BetterRewards","Colored Map","Conspire","Energized Spire","FTL Soundtrack","Friendly Minions","Gensokyo","Halation","Highlight Path","Hubris","Kiyohime????","Koishi","Marisa????????","Minty Spire (QoL Compilation)","Pikachu Mod","Prisma Mod","Quick Restart","Railgun Mod","Random Character Button","Replay The Spire","Shop Mod","Spikes Relics","StSLib","The IronCluck","TheHero","Yuyuko","vexMod"],"gold_per_floor":[113,131,206,206,206,234,1,1,1,17,17,17,30,44,44,141,141,155,155,230,230,36,61,61,76,100,0,10,24,14,26,26,128,128,146,146,66,81,95,120,120,120,144,164,180,180,193,208,208,208],"floor_reached":51,"playtime":2298,"items_purged":["TheRailgun:Discharge","TheRailgun:Thundershock","TheRailgun:Defend","TheRailgun:Strike"],"score":780,"play_id":"2bddf1c5-04b1-4508-80b8-bc49eed4e9e6","local_time":"20201224043902","is_ascension_mode":true,"campfire_choices":[{"floor":8,"key":"REST"},{"data":"TheRailgun:Charge","floor":11,"key":"SMITH"},{"data":"TheRailgun:Pull","floor":15,"key":"SMITH"},{"data":"TheRailgun:Iron_Dust_Field","floor":24,"key":"SMITH"},{"data":"TheRailgun:Pull","floor":32,"key":"SMITH"},{"data":"Heavy Blade","floor":41,"key":"SMITH"},{"data":"TheRailgun:Judgement_Officer","floor":49,"key":"SMITH"}],"circlet_count":0,"master_deck":["TheRailgun:Strike","TheRailgun:Strike+1","TheRailgun:Strike","TheRailgun:Defend","TheRailgun:Defend","TheRailgun:Defend","TheRailgun:Static+1","TheRailgun:Zip+1","TheRailgun:Iron_Dust_Vial+1","TheRailgun:Charge+1","TheRailgun:Pull+1","TheRailgun:Judgement_Officer+1","TheRailgun:Iron_Dust_Field+1","TheRailgun:Magnetic_Flight+1","TheRailgun:Pull+1","TheRailgun:Overload+1","Heavy Blade+1"],"relics":["hubris:TerracottaHorce","Shuriken","Iron Hammer","aspiration:IroncladSkillbook","Bag of Preparation","The Courier","Golden Egg","SnailShell","Nunchaku","aspiration:RitualDagger","vexMod:FocusSash","Boot"],"acts_visited":["Exordium","Exordium","Gensokyo:Gensokyoer"],"potions_floor_usage":[16,23,25,28,29,33,40,40,47,50,50],"damage_taken":[{"damage":0,"enemies":"Small Slimes","floor":1,"turns":5},{"damage":0,"enemies":"2 Louse","floor":2,"turns":3},{"damage":40,"enemies":"Gremlin Nob","floor":6,"turns":4},{"damage":4,"enemies":"conspire:RoseBush","floor":10,"turns":1},{"damage":0,"enemies":"3 Louse","floor":13,"turns":2},{"damage":0,"enemies":"Gremlin Gang","floor":14,"turns":2},{"damage":12,"enemies":"Hexaghost","floor":16,"turns":5},{"damage":2,"enemies":"Gensokyo:2_Gloops","floor":18,"turns":3},{"damage":8,"enemies":"Gensokyo:Reisen","floor":23,"turns":3},{"damage":0,"enemies":"Gensokyo:AngelMirror","floor":25,"turns":2},{"damage":10,"enemies":"Gensokyo:Slime_Group","floor":28,"turns":4},{"damage":23,"enemies":"Gensokyo:Swordslinger","floor":29,"turns":2},{"damage":11,"enemies":"Gensokyo:Monolith_and_Dog","floor":31,"turns":3},{"damage":6,"enemies":"Gensokyo:Eiki","floor":33,"turns":7},{"damage":9,"enemies":"Gensokyo:AncientGuardian","floor":35,"turns":3},{"damage":8,"enemies":"Gensokyo:3_Bats","floor":38,"turns":2},{"damage":9,"enemies":"Gensokyo:SeedOfUnknown","floor":39,"turns":3},{"damage":28,"enemies":"Gensokyo:Kasen","floor":40,"turns":5},{"damage":11,"enemies":"Gensokyo:3_Boulders","floor":44,"turns":3},{"damage":6,"enemies":"Gensokyo:AtlasGolem","floor":45,"turns":2},{"damage":6,"enemies":"Gensokyo:Sharpion","floor":47,"turns":2},{"damage":11,"enemies":"Gensokyo:SeedOfUnknown","floor":48,"turns":3},{"damage":17,"enemies":"Gensokyo:Shinki","floor":50,"turns":6}],"seed_played":"3678554254068315132","potions_obtained":[{"floor":10,"key":"PowerPotion"},{"floor":14,"key":"Block Potion"},{"floor":16,"key":"Energy Potion"},{"floor":20,"key":"conspire:TimeTravelPotion"},{"floor":25,"key":"SpeedPotion"},{"floor":29,"key":"conspire:TimeTravelPotion"},{"floor":31,"key":"Weak Potion"},{"floor":33,"key":"SkillPotion"},{"floor":39,"key":"LifebloodPotion"},{"floor":40,"key":"LifebloodPotion"},{"floor":44,"key":"Swift Potion"},{"floor":47,"key":"BlessingOfTheForge"},{"floor":48,"key":"Elixir"}],"is_trial":false,"path_per_floor":["M","M","?","?","?","E","$","R","T","M","R","?","M","M","R","B",null,"M","?","?","$","$","E","R","M","T","?","M","M","?","M","R","B",null,"M","?","$","M","M","E","R","?","T","M","M","?","M","M","R","B",null],"character_chosen":"THE_DEFAULT","items_purchased":["TheRailgun:Judgement_Officer","The Courier","Golden Egg"],"campfire_rested":1,"item_purchase_floors":[7,21,22],"current_hp_per_floor":[70,70,59,59,59,19,19,40,40,36,36,80,80,80,80,68,77,79,79,79,51,51,47,47,51,51,51,45,49,55,48,48,46,72,67,75,75,71,66,42,42,42,42,35,33,33,31,24,24,11],"gold":208,"neow_bonus":"BOSS_RELIC","is_daily":false,"chose_seed":false,"campfire_upgraded":6,"win_rate":0.0,"timestamp":1608806342,"path_taken":["M","M","?","?","?","E","$","R","T","?","R","?","?","?","R","BOSS","M","?","?","?","$","E","R","M","T","?","?","M","?","M","R","BOSS","M","?","$","M","M","E","R","?","T","M","M","?","?","M","R","BOSS"],"items_purchased_type":["Card","Relic","Relic"],"build_version":"2020-12-22","purchased_purges":4,"victory":true,"max_hp_per_floor":[70,70,70,70,70,70,70,70,70,70,70,80,80,80,80,80,80,80,80,80,80,80,80,80,80,80,80,80,80,80,80,80,80,80,80,80,80,80,80,80,80,80,80,80,80,80,80,80,80,80],"card_choices":[{"not_picked":["TheRailgun:Zip","TheRailgun:Positive_Field"],"picked":"TheRailgun:Iron_Dust_Vial","floor":1},{"not_picked":["TheRailgun:Positive_Field","TheRailgun:Token_Collection","TheRailgun:Mental_Out"],"picked":"SKIP","floor":2},{"not_picked":["TheRailgun:Circuit_Breaker","TheRailgun:Token_Collection"],"picked":"TheRailgun:Thundershock","floor":6},{"not_picked":["TheRailgun:Pull","TheRailgun:Token_Collection"],"picked":"TheRailgun:Charge","floor":10},{"not_picked":["TheRailgun:Spark","TheRailgun:Thunderbolt"],"picked":"TheRailgun:Pull","floor":13},{"not_picked":["TheRailgun:Thunderbolt","TheRailgun:Electric_Fence","TheRailgun:Charge"],"picked":"SKIP","floor":14},{"not_picked":["TheRailgun:Rewiring","TheRailgun:Circuitous"],"picked":"TheRailgun:Judgement_Officer","floor":16},{"not_picked":["TheRailgun:Sister_Network","Twin Strike","TheRailgun:Magnetic_Movement+1","Fire Breathing"],"picked":"SKIP","floor":18},{"not_picked":["TheRailgun:Electric_Fence","TheRailgun:Spark+1","Anger"],"picked":"TheRailgun:Iron_Dust_Field","floor":20},{"not_picked":["Dropkick","Replay:Undeath\u0027s Touch","TheRailgun:Sister_Network"],"picked":"TheRailgun:Magnetic_Flight","floor":23},{"not_picked":["TheRailgun:Electrical_Fire","ReplayTheSpireMod:Limb From Limb","Twin Strike","TheRailgun:Circuit_Breaker+1"],"picked":"SKIP","floor":25},{"not_picked":["Reckless Charge+1","TheRailgun:Push","TheRailgun:Battery_Pack"],"picked":"TheRailgun:Pull","floor":28},{"not_picked":["Bludgeon","Clothesline+1","Fire Breathing+1"],"picked":"TheRailgun:Pull","floor":29},{"not_picked":["TheRailgun:Battery_Pack","ReplayTheSpireMod:Corrosion Curse","Evolve","TheRailgun:Electric_Fence"],"picked":"SKIP","floor":31},{"not_picked":["Eclipse","Bludgeon","Berserk"],"picked":"TheRailgun:Overload","floor":33},{"not_picked":["Flex+1","ReplayTheSpireMod:LeadingStrike","Thunderclap","TheRailgun:Push"],"picked":"SKIP","floor":35},{"not_picked":["Pommel Strike","TheRailgun:Discharge","Cleave+1","Bloodletting+1"],"picked":"SKIP","floor":38},{"not_picked":["Pummel+1","Shrug It Off","Demon Form"],"picked":"Heavy Blade","floor":39},{"not_picked":["TheRailgun:Thunderbolt","TheRailgun:Electric_Fence","Pommel Strike","TheRailgun:Discharge"],"picked":"SKIP","floor":40},{"not_picked":["Clothesline","TheRailgun:Sister_Network+1","Armaments","Thunderclap+1"],"picked":"SKIP","floor":44},{"not_picked":["TheRailgun:Discharge","Run Through","Clash","Replay:Undeath\u0027s Touch+1"],"picked":"SKIP","floor":45},{"not_picked":["Rampage","TheRailgun:Crackle","Flame Barrier+1","Searing Blow+1"],"picked":"SKIP","floor":47},{"not_picked":["TheRailgun:Recharge","hubris:ReadiedAction+1","TheRailgun:Zap+1","Flex+1"],"picked":"SKIP","floor":48}],"player_experience":257759,"relics_obtained":[{"floor":6,"key":"Shuriken"},{"floor":9,"key":"Iron Hammer"},{"floor":20,"key":"Bag of Preparation"},{"floor":23,"key":"SnailShell"},{"floor":26,"key":"Nunchaku"},{"floor":40,"key":"vexMod:FocusSash"},{"floor":43,"key":"Boot"}],"event_choices":[{"damage_healed":0,"gold_gain":75,"player_choice":"Gather Gold","damage_taken":11,"max_hp_gain":0,"max_hp_loss":0,"event_name":"World of Goop","floor":3,"gold_loss":0},{"damage_healed":0,"gold_gain":0,"player_choice":"Forge","damage_taken":0,"max_hp_gain":0,"max_hp_loss":0,"event_name":"Accursed Blacksmith","floor":5,"gold_loss":0,"cards_upgraded":["TheRailgun:Iron_Dust_Vial"]},{"cards_removed":["TheRailgun:Judgement_Officer"],"damage_healed":34,"gold_gain":0,"player_choice":"Offered Rare","damage_taken":0,"max_hp_gain":10,"max_hp_loss":0,"event_name":"Bonfire Elementals","floor":12,"gold_loss":0}],"is_beta":false,"boss_relics":[{"not_picked":["vexMod:EndlessSickness","ChewingGum"],"picked":"aspiration:IroncladSkillbook"},{"not_picked":["Velvet Choker","hubris:CrackedHourglass"],"picked":"aspiration:RitualDagger"}],"items_purged_floors":[7,21,21,37],"is_endless":false,"potions_floor_spawned":[10,14,16,25,29,31,33,39,40,44,47,48],"ascension_level":1}}