{"host":"v1m5rkjj38qutr02","time":1608804592,"event":{"mods":["Act Like it!","BaseMod","Conspire","Gensokyo","GungeonMod","Hallownest","Minty Spire (QoL Compilation)","Replay The Spire","StSLib","The Bug Knight","Youmu£®ªÍ∆«—˝√Œ£©"],"gold_per_floor":[116,116,41,52,52,77,89,114,126,164,176,188,200,230,242,254,254],"floor_reached":16,"playtime":214,"items_purged":["Strike_B"],"score":166,"play_id":"17067f28-ad48-486d-94fb-f7f9d0600f3f","local_time":"20201224180952","is_ascension_mode":true,"campfire_choices":[{"data":"Coolheaded","floor":7,"key":"SMITH"},{"data":"Cold Snap","floor":11,"key":"SMITH"},{"data":"Dualcast","floor":13,"key":"SMITH"},{"floor":15,"key":"REST"}],"circlet_count":0,"master_deck":["Strike_B","Strike_B","Strike_B","Defend_B","Defend_B","Defend_B","Defend_B","Zap+1","Dualcast+1","Coolheaded+1","Cold Snap+1"],"relics":["Cracked Core","NeowsBlessing","MawBank","Symbiotic Virus","DemoMod:PoisonVial","DemoMod:GlassGuonStoneRelic"],"acts_visited":["Exordium"],"potions_floor_usage":[10],"damage_taken":[{"damage":0.0,"enemies":"Cultist","floor":1.0,"turns":1.0},{"damage":0.0,"enemies":"Small Slimes","floor":4.0,"turns":1.0},{"damage":0.0,"enemies":"Lagavulin","floor":6.0,"turns":1.0},{"damage":1,"enemies":"2 Louse","floor":8,"turns":2},{"damage":34,"enemies":"Gremlin Nob","floor":10,"turns":5},{"damage":1,"enemies":"Looter","floor":14,"turns":2},{"damage":0,"enemies":"Fading Forest","floor":16,"turns":1}],"seed_played":"-8584393924913609383","potions_obtained":[{"floor":1.0,"key":"Milkshake"},{"floor":4.0,"key":"SkillPotion"}],"is_trial":false,"path_per_floor":["M","?","$","M","?","E","R","M","T","E","R","$","R","M","R","B"],"character_chosen":"DEFECT","items_purchased":[],"campfire_rested":1,"item_purchase_floors":[],"current_hp_per_floor":[75,75,75,75,80,80,80,79,79,45,45,45,45,44,68,68,68],"gold":254,"neow_bonus":"THREE_ENEMY_KILL","is_daily":false,"chose_seed":false,"campfire_upgraded":3,"win_rate":0.0,"timestamp":1608804592,"path_taken":["M","?","?","M","?","E","R","M","T","E","R","$","R","M","R","BOSS"],"items_purchased_type":[],"build_version":"2020-12-22","purchased_purges":1,"victory":false,"max_hp_per_floor":[75,75,75,75,80,80,80,80,80,80,80,80,80,80,80,80,80],"card_choices":[{"not_picked":["Steam","Go for the Eyes"],"picked":"Coolheaded","floor":1.0},{"not_picked":["conspire:Rain","Go for the Eyes","BasicCrystalCard"],"picked":"SKIP","floor":4.0},{"not_picked":["conspire:SharedLibrary","Core Surge"],"picked":"Cold Snap","floor":6.0},{"not_picked":["Steam","Genetic Algorithm","ReplayTheSpireMod:System Scan"],"picked":"SKIP","floor":8},{"not_picked":["All For One","Crystallizer","BasicCrystalCard"],"picked":"SKIP","floor":10},{"not_picked":["Sweeping Beam","Compile Driver","Cold Snap"],"picked":"SKIP","floor":14}],"player_experience":370508,"relics_obtained":[{"floor":6.0,"key":"MawBank"},{"floor":9,"key":"Symbiotic Virus"},{"floor":10,"key":"DemoMod:PoisonVial"}],"event_choices":[{"damage_healed":0.0,"max_hp_gain":0.0,"max_hp_loss":0.0,"gold_gain":0.0,"event_name":"Accursed Blacksmith","player_choice":"Forge","floor":2.0,"gold_loss":0.0,"damage_taken":0.0,"cards_upgraded":["Zap"]},{"damage_healed":0.0,"max_hp_gain":5.0,"max_hp_loss":0.0,"gold_gain":0.0,"event_name":"Big Fish","player_choice":"Donut","floor":5.0,"gold_loss":0.0,"damage_taken":0.0}],"is_beta":false,"boss_relics":[],"items_purged_floors":[3],"is_endless":false,"potions_floor_spawned":[1,4],"killed_by":"Fading Forest","ascension_level":5}}