{"host":"5u4m3sklrpw6xc20","time":1608782604,"event":{"mods":["2.2 Compatiblity","BaseMod","Better Third Choice","CapriCore","Colored Map","Hermit","Hubris","Infinite Spire","Luminous","Minty Spire (QoL Compilation)","Permanent Neow","Replay The Spire","Robot Space Explorer","Shade Mod","Spicy Shops","StSLib","SuperFastMode","The Cursed","The Gatherer","The Immortal","The Necromancer","The Runesmith"],"gold_per_floor":[111,111,111,126,51,51,51,70,97,107,107,118,118,118,118,219,1000000218,1000000218,1000000218],"floor_reached":18,"playtime":560,"items_purged":["RobotSpaceExplorer:Strike"],"score":302,"play_id":"c2ca692b-e301-4e25-9fff-791446d96b9a","local_time":"20201223220324","is_ascension_mode":false,"campfire_choices":[{"data":"Blind","floor":6,"key":"SMITH"},{"data":"Thunderclap","floor":11,"key":"SMITH"},{"data":"hermit:Ricochet","floor":13,"key":"SMITH"},{"floor":15,"key":"DIG"}],"circlet_count":0,"master_deck":["RobotSpaceExplorer:Strike","RobotSpaceExplorer:Strike","RobotSpaceExplorer:Defend","RobotSpaceExplorer:Defend","RobotSpaceExplorer:Defend","RobotSpaceExplorer:Defend","RobotSpaceExplorer:Scan","RobotSpaceExplorer:MiniLasers","Blind+1","Thunderclap+1","hermit:Ricochet+1","Secret Weapon"],"relics":["RobotSpaceExplorer:RoboCore","PrismaticShard","hubris:Icosahedron","Oddly Smooth Stone","Happy Flower","Ectoplasm"],"acts_visited":["Exordium","TheCity"],"potions_floor_usage":[8,8,16,16,16],"damage_taken":[{"damage":0,"enemies":"2 Louse","floor":1,"turns":3},{"damage":0,"enemies":"Small Slimes","floor":4,"turns":4},{"damage":0,"enemies":"Cultist","floor":8,"turns":3},{"damage":0,"enemies":"2 Fungi Beasts","floor":10,"turns":5},{"damage":0,"enemies":"3 Louse","floor":12,"turns":3},{"damage":0,"enemies":"Slime Boss","floor":16,"turns":5},{"damage":8,"enemies":"Spheric Guardian","floor":18,"turns":4}],"seed_played":"1855837411618327109","potions_obtained":[{"floor":8,"key":"Dexterity Potion"},{"floor":16,"key":"Venom Potion"},{"floor":18,"key":"RobotSpaceExplorer:RecyclePotion"}],"is_trial":false,"path_per_floor":["M","?","?","M","$","R","?","M","T","M","R","M","R","T","R_BF","B",null,"M"],"character_chosen":"RobotSpaceExplorer","items_purchased":[],"campfire_rested":0,"item_purchase_floors":[],"current_hp_per_floor":[75,75,75,75,75,75,75,75,75,75,75,75,75,75,75,75,75,67,67],"gold":1000000218,"neow_bonus":"RANDOM_COLORLESS","is_daily":false,"chose_seed":false,"campfire_upgraded":3,"win_rate":0.0,"timestamp":1608782604,"path_taken":["M","?","?","M","$","R","?","M","T","M","R","M","R","?","R_BF","BOSS","M"],"items_purchased_type":[],"build_version":"2020-12-22","purchased_purges":1,"victory":false,"max_hp_per_floor":[75,75,75,75,75,75,75,75,75,75,75,75,75,75,75,75,75,75,75],"card_choices":[{"not_picked":["Swift Strike","PanicButton"],"picked":"Blind","floor":0},{"not_picked":["RobotSpaceExplorer:SlimeMissile","RobotSpaceExplorer:FrostMissile","RobotSpaceExplorer:Counterblock"],"picked":"SKIP","floor":1},{"not_picked":["Survey Options","RobotSpaceExplorer:JunkDive","Bone_Prison"],"picked":"SKIP","floor":4},{"not_picked":["RobotSpaceExplorer:SlimeMissile","Evolve","MokouMod:Stoke"],"picked":"SKIP","floor":8},{"not_picked":["TheCursedMod:Wield","Endless Agony"],"picked":"Thunderclap","floor":10},{"not_picked":["hermit:LowProfile","Shade:CoffinDance"],"picked":"hermit:Ricochet","floor":12},{"not_picked":["Runesmith:ArcReactor","Luminous:Equalize_Luminous"],"picked":"Secret Weapon","floor":16}],"player_experience":264209,"relics_obtained":[{"floor":9,"key":"Oddly Smooth Stone"},{"floor":15,"key":"Happy Flower"}],"event_choices":[],"is_beta":false,"boss_relics":[{"not_picked":["Black Star","hubris:VirtuousBlindfold"],"picked":"Ectoplasm"}],"items_purged_floors":[5],"is_endless":false,"potions_floor_spawned":[8,10,16,18],"killed_by":"Spheric Guardian","ascension_level":0}}