{"host":"f9ntswufr8mq3t4y","time":1608808706,"event":{"mods":["AchievementEnabler","BaseMod","Best Route Mod","Block Reminder","Colored Map","Colored Powertips","DeckTracker","Highlight Path","Minty Spire (QoL Compilation)","Permanent Neow","Quick Restart"],"gold_per_floor":[15,15,15,115,140,173,173,216,216,216,141,184,184,209,209,334,334,358,348,204,204,204,204,204,204],"floor_reached":24,"playtime":1250,"items_purged":["Injury"],"score":277,"play_id":"10c6e7be-c7b7-4d6a-9499-dc4fe608d9e9","local_time":"20201224141826","is_ascension_mode":true,"campfire_choices":[{"floor":7.0,"key":"REST"},{"floor":10.0,"key":"REST"},{"floor":13.0,"key":"REST"},{"data":"Fusion","floor":15.0,"key":"SMITH"},{"data":"Rainbow","floor":23,"key":"SMITH"}],"circlet_count":0,"master_deck":["Strike_B","Strike_B","Strike_B+1","Defend_B","Defend_B","Defend_B","Defend_B+1","Zap","Dualcast","Glacier","Fusion+1","Rainbow+1","Consume+1","Loop"],"relics":["Cracked Core","Golden Idol","Lizard Tail","Omamori","TungstenRod","Boot","Calling Bell","Regal Pillow","Sundial","Prayer Wheel","Lee\u0027s Waffle"],"acts_visited":["Exordium","TheCity"],"potions_floor_usage":[19,24],"damage_taken":[{"damage":5.0,"enemies":"Small Slimes","floor":1.0,"turns":3.0},{"damage":4.0,"enemies":"Jaw Worm","floor":5.0,"turns":3.0},{"damage":38.0,"enemies":"Gremlin Nob","floor":6.0,"turns":5.0},{"damage":39.0,"enemies":"Lagavulin","floor":8.0,"turns":7.0},{"damage":41.0,"enemies":"Gremlin Nob","floor":12.0,"turns":5.0},{"damage":0.0,"enemies":"Cultist","floor":14.0,"turns":3.0},{"damage":58.0,"enemies":"Slime Boss","floor":16.0,"turns":16.0},{"damage":18,"enemies":"Shell Parasite","floor":18,"turns":15},{"damage":18,"enemies":"2 Thieves","floor":19,"turns":4},{"damage":41,"enemies":"Gremlin Leader","floor":24,"turns":3}],"seed_played":"5625742439294495290","potions_obtained":[{"floor":6.0,"key":"LiquidBronze"},{"floor":8.0,"key":"AttackPotion"},{"floor":19,"key":"Energy Potion"}],"is_trial":false,"path_per_floor":["M","?","?","?","M","E","R","E","T","R","$","E","R","M","R","B",null,"M","M","$","?","?","R","E"],"character_chosen":"DEFECT","items_purchased":["Lee\u0027s Waffle"],"campfire_rested":3,"item_purchase_floors":[20],"current_hp_per_floor":[84,84,66,66,62,24,50,11,11,37,37,44,70,70,70,12,89,71,53,96,96,96,96,55,55],"gold":204,"neow_bonus":"TWENTY_PERCENT_HP_BONUS","is_daily":false,"chose_seed":false,"campfire_upgraded":2,"win_rate":0.0,"timestamp":1608808706,"path_taken":["M","?","?","?","?","E","R","E","T","R","?","E","R","M","R","BOSS","BOSS","M","M","$","?","?","R","E"],"items_purchased_type":["Relic"],"build_version":"2020-12-22","purchased_purges":1,"victory":false,"max_hp_per_floor":[89,89,89,89,89,89,89,89,89,89,89,89,89,89,89,89,89,89,89,96,96,96,96,96,96],"card_choices":[{"not_picked":["Gash","Steam","Redo"],"picked":"SKIP","floor":1.0},{"not_picked":["Recycle","FTL","Streamline"],"picked":"SKIP","floor":5.0},{"not_picked":["Turbo","Barrage","Coolheaded"],"picked":"SKIP","floor":6.0},{"not_picked":["Chaos","Beam Cell"],"picked":"Glacier","floor":8.0},{"not_picked":["Force Field","Turbo","Leap"],"picked":"SKIP","floor":12.0},{"not_picked":["Ball Lightning","Self Repair"],"picked":"Fusion","floor":14.0},{"not_picked":["Fission","All For One"],"picked":"Rainbow","floor":16},{"not_picked":["Lockon+1","Rebound","Beam Cell"],"picked":"SKIP","floor":18},{"not_picked":["Beam Cell","Barrage","Coolheaded"],"picked":"SKIP","floor":18},{"not_picked":["Sunder","Double Energy"],"picked":"Consume+1","floor":19},{"not_picked":["Beam Cell","Hello World","Glacier"],"picked":"SKIP","floor":19}],"player_experience":327052,"relics_obtained":[{"floor":6.0,"key":"Lizard Tail"},{"floor":8.0,"key":"Omamori"},{"floor":9.0,"key":"TungstenRod"},{"floor":12.0,"key":"Boot"},{"floor":17,"key":"Regal Pillow"},{"floor":17,"key":"Sundial"},{"floor":17,"key":"Prayer Wheel"}],"event_choices":[{"damage_healed":0.0,"max_hp_gain":0.0,"max_hp_loss":0.0,"gold_gain":0.0,"event_name":"Golden Idol","player_choice":"Take Wound","floor":2.0,"gold_loss":0.0,"damage_taken":0.0,"relics_obtained":["Golden Idol"],"cards_obtained":["Injury"]},{"damage_healed":0.0,"max_hp_gain":0.0,"max_hp_loss":0.0,"gold_gain":0.0,"event_name":"Shining Light","player_choice":"Entered Light","floor":3.0,"gold_loss":0.0,"damage_taken":18.0,"cards_upgraded":["Strike_B","Defend_B"]},{"damage_healed":0.0,"max_hp_gain":0.0,"max_hp_loss":0.0,"gold_gain":100.0,"event_name":"Golden Shrine","player_choice":"Pray","floor":4.0,"gold_loss":0.0,"damage_taken":0.0},{"damage_healed":0,"gold_gain":0,"player_choice":"Ignored","damage_taken":0,"max_hp_gain":0,"max_hp_loss":0,"event_name":"Ghosts","floor":21,"gold_loss":0},{"damage_healed":0,"gold_gain":0,"cards_transformed":["Strike_B"],"player_choice":"Transformed","damage_taken":0,"max_hp_gain":0,"max_hp_loss":0,"event_name":"Transmorgrifier","floor":22,"gold_loss":0,"cards_obtained":["Loop"]}],"is_beta":false,"boss_relics":[{"not_picked":["Sozu","Velvet Choker"],"picked":"Calling Bell"}],"items_purged_floors":[11],"is_endless":false,"potions_floor_spawned":[6,8,19],"killed_by":"Gremlin Leader","ascension_level":4}}