{"host":"9nt1zhl3k8mtcf72","time":1608797384,"event":{"mods":["Aspiration","BaseMod","BetterRewards","Conjunction","Conspire","Downfall","Energized Spire","Friendly Minions","GifTheSpireLib","Halation","Hubris","Infinite Spire","Jedi Mod","Mimic Mod","Minty Spire (QoL Compilation)","RatMod","Replay The Spire","Spikes Relics","StSLib","Stuff the Spire","Trackpad","Useless Jewels Mod","Wandering Minibosses","vexMod"],"gold_per_floor":[99,99,374,374,445,445,482,499,511,511,285,300,334,334,348,348,348,348],"floor_reached":16,"playtime":563,"items_purged":["Regret"],"score":98,"play_id":"b40900fe-a895-46ec-a274-7f1d3bf22ddc","local_time":"20201224030944","is_ascension_mode":false,"campfire_choices":[{"floor":1,"key":"RECALL"}],"circlet_count":0,"master_deck":["hexamod:Strike","hexamod:Strike","hexamod:Strike","hexamod:Strike","hexamod:Defend","hexamod:Defend","hexamod:Defend","hexamod:Defend","hexamod:Sear","hexamod:Float","hexamod:RainOfEmbers","hexamod:Firestarter","hexamod:SoulSteal","hexamod:SpectersWail","hexamod:SoulSteal","hexamod:SearingWound","hexamod:HeatMetal","hexamod:SpectralSpark","hexamod:Firestarter"],"relics":["hexamod:SpiritBrand","downfall:HeartsMalice","hubris:MobiusCoin","Bag of Marbles","ReplayTheSpireMod:CursedCoin","trackpad:CultistFigurine","Ice Cream"],"acts_visited":["Exordium"],"potions_floor_usage":[13,13,13],"damage_taken":[{"damage":0,"enemies":"Cultist","floor":2,"turns":1},{"damage":0,"enemies":"Jaw Worm","floor":4,"turns":1},{"damage":0,"enemies":"2 Louse","floor":6,"turns":1},{"damage":10,"enemies":"Blue Slaver","floor":7,"turns":7},{"damage":8,"enemies":"Blue Slaver","floor":8,"turns":3},{"damage":12,"enemies":"Exordium Thugs","floor":9,"turns":3},{"damage":3,"enemies":"downfall:FleeingMerchant","floor":11,"turns":4},{"damage":0,"enemies":"Large Slime","floor":12,"turns":3},{"damage":4,"enemies":"Lagavulin","floor":13,"turns":3},{"damage":0,"enemies":"Gremlin Gang","floor":15,"turns":2},{"damage":35,"enemies":"downfall:Defect","floor":16,"turns":4}],"seed_played":"-1394392679462811837","potions_obtained":[{"floor":8,"key":"Conjunction:LightningMarble"},{"floor":9,"key":"Weak Potion"},{"floor":12,"key":"PowerPotion"}],"is_trial":false,"path_per_floor":["R","M","?","M","T","M","MIM","M","M","T","$","M","E","?","M","B"],"character_chosen":"THE_SPIRIT","items_purchased":["ReplayTheSpireMod:CursedCoin","trackpad:CultistFigurine","hexamod:SearingWound"],"campfire_rested":0,"item_purchase_floors":[11,11,11],"current_hp_per_floor":[70,70,70,70,70,70,60,52,40,40,37,37,33,33,33,0,0,0],"gold":348,"neow_bonus":"THREE_ENEMY_KILL","is_daily":false,"chose_seed":false,"campfire_upgraded":0,"win_rate":0.0,"timestamp":1608797384,"path_taken":["R","M","?","?","?","M","MIM","?","M","?","?","M","E","?","M","BOSS"],"items_purchased_type":["Relic","Relic","Card"],"build_version":"2020-12-22","purchased_purges":1,"victory":false,"max_hp_per_floor":[70,70,70,70,70,70,70,70,70,70,70,70,70,70,70,70,70,70],"card_choices":[{"not_picked":["hexamod:SpectersWail","hexamod:StepThrough"],"picked":"hexamod:RainOfEmbers","floor":2},{"not_picked":["hexamod:GhostLash","hexamod:NightmareStrike"],"picked":"hexamod:Firestarter","floor":4},{"not_picked":["hexamod:ThermalTransfer","hexamod:ThirdSeal"],"picked":"hexamod:SoulSteal","floor":6},{"not_picked":["hexamod:ShieldOfDarkness","hexamod:HauntingEcho"],"picked":"hexamod:SpectersWail","floor":7},{"not_picked":["hexamod:SpectralAdrenaline","hexamod:SecondSeal"],"picked":"hexamod:SoulSteal","floor":8},{"not_picked":["hexamod:ApocalypseNow","hexamod:GhostOfSpirePast","hexamod:BacktrackSmack"],"picked":"SKIP","floor":9},{"not_picked":["hexamod:BacktrackSmack","hexamod:Again","hexamod:CatchUp"],"picked":"SKIP","floor":11},{"not_picked":["hexamod:FastForward","hexamod:RainOfEmbers"],"picked":"hexamod:HeatMetal","floor":12},{"not_picked":["hexamod:Firestarter","hexamod:GhostLash"],"picked":"hexamod:SpectralSpark","floor":13},{"not_picked":["hexamod:AdvancingGuard","hexamod:FastForward"],"picked":"hexamod:Firestarter","floor":15}],"player_experience":458084,"relics_obtained":[{"floor":5,"key":"hubris:MobiusCoin"},{"floor":10,"key":"Bag of Marbles"},{"floor":13,"key":"Ice Cream"}],"event_choices":[{"cards_removed":["StuffTheSpire:GnomedCurse"],"damage_healed":0,"gold_gain":0,"player_choice":"Card Removal","damage_taken":0,"max_hp_gain":0,"max_hp_loss":0,"event_name":"The Cleric","floor":14,"gold_loss":0}],"is_beta":false,"boss_relics":[],"items_purged_floors":[11],"is_endless":false,"potions_floor_spawned":[8,9,12],"killed_by":"downfall:Defect","ascension_level":0}}