{"host":"3y2rtlgteqp2nuo3","time":1608823575,"event":{"mods":["2.2 Compatiblity","AchievementEnabler","BaseMod","Colored Map","DeckTracker","Highlight Path","Keyboard Shortcuts","Minty Spire (QoL Compilation)","Permanent Neow","Quick Restart","StSLib","SuperFastMode","everything is the same but u backflip on backflip"],"gold_per_floor":[111,36,47,63,81,81,108,108,159,174,188,221,231,50,50,145,145,130,5,16,36,52,52,87,107,107,107,107,119,119,137,137,137,137],"floor_reached":33,"playtime":977,"items_purged":["Strike_B","Strike_B","Strike_B"],"score":383,"play_id":"791d96e7-a8e8-4bce-b62d-ab6903d08a5d","local_time":"20201225002615","is_ascension_mode":true,"campfire_choices":[{"data":"Zap","floor":6.0,"key":"SMITH"},{"data":"Defragment","floor":15,"key":"SMITH"},{"data":"Redo","floor":23,"key":"SMITH"},{"floor":27,"key":"REST"},{"data":"Darkness","floor":32,"key":"SMITH"}],"circlet_count":0,"master_deck":["Strike_B","Defend_B","Defend_B","Defend_B","Defend_B","Zap+1","Dualcast","Coolheaded","Cold Snap","Sweeping Beam","Chill","Doom and Gloom","Redo+1","Core Surge","BootSequence","Auto Shields","Defragment+1","Amplify","Skim","Reinforced Body","Melter+1","Defragment+1","Darkness+1","Decay"],"relics":["Cracked Core","Symbiotic Virus","Ancient Tea Set","Anchor","Sozu","WingedGreaves","Frozen Egg 2"],"acts_visited":["Exordium","TheCity"],"potions_floor_usage":[12,25],"damage_taken":[{"damage":0.0,"enemies":"2 Louse","floor":1.0,"turns":2.0},{"damage":1.0,"enemies":"Cultist","floor":3.0,"turns":5.0},{"damage":0.0,"enemies":"Jaw Worm","floor":4.0,"turns":4.0},{"damage":0.0,"enemies":"Gremlin Gang","floor":5.0,"turns":1.0},{"damage":33.0,"enemies":"Gremlin Nob","floor":7.0,"turns":4.0},{"damage":10.0,"enemies":"Exordium Thugs","floor":10.0,"turns":3.0},{"damage":4.0,"enemies":"Looter","floor":11.0,"turns":3.0},{"damage":0,"enemies":"3 Sentries","floor":12,"turns":3},{"damage":0,"enemies":"Lots of Slimes","floor":13,"turns":2},{"damage":8,"enemies":"The Guardian","floor":16,"turns":7},{"damage":0,"enemies":"2 Thieves","floor":18,"turns":4},{"damage":11,"enemies":"3 Byrds","floor":20,"turns":4},{"damage":0,"enemies":"Cultist and Chosen","floor":21,"turns":7},{"damage":2,"enemies":"Snecko","floor":22,"turns":4},{"damage":0,"enemies":"Book of Stabbing","floor":24,"turns":4},{"damage":20,"enemies":"3 Cultists","floor":25,"turns":6},{"damage":5,"enemies":"Snake Plant","floor":29,"turns":5},{"damage":11,"enemies":"Chosen and Byrds","floor":31,"turns":5},{"damage":51,"enemies":"Automaton","floor":33,"turns":6}],"seed_played":"-2113368752488795932","potions_obtained":[{"floor":3.0,"key":"AttackPotion"},{"floor":4.0,"key":"Strength Potion"},{"floor":8.0,"key":"LiquidMemories"},{"floor":8.0,"key":"AttackPotion"},{"floor":8.0,"key":"Fire Potion"},{"floor":12,"key":"SteroidPotion"}],"is_trial":false,"path_per_floor":["M","$","M","M","M","R","E","?","T","M","M","E","M","$","R","B",null,"M","$","M","M","M","R","E","M","T","R","?","M","$","M","R","B"],"character_chosen":"DEFECT","items_purchased":["Defragment"],"campfire_rested":1,"item_purchase_floors":[14],"current_hp_per_floor":[75,75,74,74,74,74,41,41,41,31,27,27,27,27,27,19,75,75,75,64,64,62,62,62,42,42,64,64,59,59,48,48,0,0],"gold":137,"neow_bonus":"THREE_CARDS","is_daily":false,"chose_seed":false,"campfire_upgraded":4,"win_rate":0.0,"timestamp":1608823575,"path_taken":["M","$","M","M","M","R","E","?","T","M","M","E","M","$","R","BOSS","M","$","M","M","M","R","E","M","T","R","?","M","$","M","R","BOSS"],"items_purchased_type":["Card"],"build_version":"2020-12-22","purchased_purges":3,"victory":false,"max_hp_per_floor":[75,75,75,75,75,75,75,75,75,75,75,75,75,75,75,75,75,75,75,75,75,75,75,75,75,75,75,75,75,75,75,75,75,75],"card_choices":[{"not_picked":["FTL","Streamline"],"picked":"Coolheaded","floor":0.0},{"not_picked":["Barrage","FTL"],"picked":"Cold Snap","floor":1.0},{"not_picked":["Turbo","Loop"],"picked":"Sweeping Beam","floor":3.0},{"not_picked":["Steam","Sweeping Beam"],"picked":"Chill","floor":4.0},{"not_picked":["Capacitor","Aggregate"],"picked":"Doom and Gloom","floor":5.0},{"not_picked":["Scrape","Coolheaded"],"picked":"Redo","floor":7.0},{"not_picked":["Go for the Eyes","Doom and Gloom"],"picked":"Core Surge","floor":10.0},{"not_picked":["Stack","Lockon"],"picked":"BootSequence","floor":11.0},{"not_picked":["Steam","Chaos"],"picked":"Auto Shields","floor":12},{"not_picked":["Static Discharge","Doom and Gloom","Rip and Tear"],"picked":"SKIP","floor":13},{"not_picked":["Rainbow","Multi-Cast"],"picked":"Amplify","floor":16},{"not_picked":["Auto Shields","Cold Snap"],"picked":"Skim","floor":18},{"not_picked":["Stack","Doom and Gloom"],"picked":"Reinforced Body","floor":20},{"not_picked":["Compile Driver+1","Beam Cell"],"picked":"Melter+1","floor":21},{"not_picked":["Cold Snap","Streamline","Conserve Battery"],"picked":"SKIP","floor":22},{"not_picked":["Core Surge","Hologram"],"picked":"Defragment+1","floor":24},{"not_picked":["Turbo","Redo"],"picked":"Darkness","floor":25},{"not_picked":["Go for the Eyes","Redo","Doom and Gloom"],"picked":"SKIP","floor":29},{"not_picked":["Go for the Eyes","Redo","Doom and Gloom"],"picked":"SKIP","floor":29},{"not_picked":["Go for the Eyes","Sweeping Beam","Chill"],"picked":"SKIP","floor":31}],"player_experience":642908,"relics_obtained":[{"floor":7.0,"key":"Symbiotic Virus"},{"floor":9.0,"key":"Ancient Tea Set"},{"floor":12,"key":"Anchor"},{"floor":24,"key":"WingedGreaves"},{"floor":26,"key":"Frozen Egg 2"}],"event_choices":[{"damage_healed":0.0,"max_hp_gain":0.0,"max_hp_loss":0.0,"gold_gain":0.0,"event_name":"Lab","player_choice":"Got Potions","floor":8.0,"gold_loss":0.0,"damage_taken":0.0},{"damage_healed":0,"gold_gain":0,"player_choice":"Smashed Altar","damage_taken":0,"max_hp_gain":0,"max_hp_loss":0,"event_name":"Forgotten Altar","floor":28,"gold_loss":0,"cards_obtained":["Decay"]}],"is_beta":false,"boss_relics":[{"not_picked":["FrozenCore","Busted Crown"],"picked":"Sozu"}],"items_purged_floors":[2,14,19],"is_endless":false,"potions_floor_spawned":[3,4,10,11,12,16,21,22,25],"killed_by":"Automaton","ascension_level":3}}