{"host":"c2og1cp357bgjv9b","time":1608795446,"event":{"mods":["BaseMod","Colored Map","Minty Spire (QoL Compilation)","Replay The Spire","StSLib"],"gold_per_floor":[110,122,122,122,122,154,154,154,154,79,90,36,61,76,76,175,175,193,307,406,56,56,56,56,56],"floor_reached":24,"playtime":1285,"items_purged":["Strike_R","ReplayTheSpireMod:Corrosion Curse+1"],"score":225,"play_id":"08325983-36bb-45de-bcba-80d9b5cc5f03","local_time":"20201224153726","is_ascension_mode":false,"campfire_choices":[{"data":"Heavy Blade","floor":7,"key":"SMITH"},{"floor":15,"key":"DIG"},{"floor":23,"key":"REST"}],"circlet_count":0,"master_deck":["Strike_R","Strike_R","Defend_R","Defend_R","Heavy Blade+1","Heavy Blade+1","Survivor","Neutralize","True Grit","Whirlwind","Whirlwind","ReplayTheSpireMod:Limb From Limb","Limit Break+1","Rage+1","Hemogenesis+1","Metallicize+1","Massacre","Flex+1","Shame"],"relics":["Burning Blood","NeowsBlessing","Ring of Hypnosis","ReplayTheSpireMod:Ring of Collecting","ReplayTheSpireMod:Shallot","ReplayTheSpireMod:Ring of Challenge","Paper Frog","Anchor","Toxic Egg 2","Astrolabe","HornCleat","Dream Catcher"],"acts_visited":["Exordium","TheCity"],"potions_floor_usage":[16],"damage_taken":[{"damage":0,"enemies":"2 Louse","floor":1,"turns":1},{"damage":0,"enemies":"Small Slimes","floor":2,"turns":1},{"damage":0,"enemies":"Gremlin Nob","floor":6,"turns":1},{"damage":0,"enemies":"Jaw Worm","floor":11,"turns":4},{"damage":32,"enemies":"3 Sentries","floor":13,"turns":10},{"damage":0,"enemies":"Exordium Wildlife","floor":14,"turns":5},{"damage":45,"enemies":"Slime Boss","floor":16,"turns":11},{"damage":58,"enemies":"Shell Parasite","floor":18,"turns":14},{"damage":35,"enemies":"Book of Stabbing","floor":24,"turns":6}],"seed_played":"4948728903600573677","potions_obtained":[{"floor":1,"key":"Ancient Potion"},{"floor":6,"key":"Fire Potion"},{"floor":14,"key":"SneckoOil"},{"floor":16,"key":"Fire Potion"}],"is_trial":false,"path_per_floor":["M","M","?","?","?","E","R","?","T","$","M","$","E","M","R_BF","B",null,"M","?","?","$","?","R","E"],"character_chosen":"IRONCLAD","items_purchased":["Whirlwind","HornCleat"],"campfire_rested":1,"item_purchase_floors":[12,21],"current_hp_per_floor":[80,80,80,80,80,80,80,80,80,80,80,80,54,60,60,21,80,28,8,8,8,8,32,0,0],"gold":56,"neow_bonus":"THREE_ENEMY_KILL","is_daily":false,"chose_seed":false,"campfire_upgraded":1,"win_rate":0.0,"timestamp":1608795446,"path_taken":["M","M","?","?","?","E","R","?","T","$","M","?","E","M","R_BF","BOSS","M","?","?","?","?","R","E"],"items_purchased_type":["Card","Relic"],"build_version":"2020-12-22","purchased_purges":2,"victory":false,"max_hp_per_floor":[80,80,80,80,80,80,80,80,80,80,80,80,80,80,80,80,80,80,80,80,80,80,80,80,80],"card_choices":[{"not_picked":["Blood for Blood","Cleave"],"picked":"Heavy Blade","floor":1},{"not_picked":["Iron Wave","Flame Barrier","Body Slam"],"picked":"SKIP","floor":2},{"not_picked":["Fire Breathing","ReplayTheSpireMod:Strike From Hell"],"picked":"Heavy Blade","floor":6},{"not_picked":["Abandon","Reckless Charge"],"picked":"True Grit","floor":11},{"not_picked":["Cleave","Dropkick","Exhume"],"picked":"SKIP","floor":13},{"not_picked":["Rage","Warcry"],"picked":"ReplayTheSpireMod:Limb From Limb","floor":14},{"not_picked":["Eclipse+1","Barricade"],"picked":"Limit Break+1","floor":16},{"not_picked":["Second Wind+1","Run Through","True Grit+1"],"picked":"SKIP","floor":18},{"not_picked":["Heavy Blade","Pummel+1"],"picked":"Metallicize+1","floor":19},{"not_picked":["Run Through","Heavy Blade"],"picked":"Massacre","floor":19},{"not_picked":["Clash","Anger"],"picked":"Flex+1","floor":19}],"player_experience":116549,"relics_obtained":[{"floor":3,"key":"Ring of Hypnosis"},{"floor":3,"key":"ReplayTheSpireMod:Ring of Collecting"},{"floor":6,"key":"ReplayTheSpireMod:Shallot"},{"floor":9,"key":"ReplayTheSpireMod:Ring of Challenge"},{"floor":9,"key":"Paper Frog"},{"floor":13,"key":"Anchor"},{"floor":15,"key":"Toxic Egg 2"}],"event_choices":[{"damage_healed":0,"gold_gain":0,"player_choice":"Grow","damage_taken":0,"max_hp_gain":0,"max_hp_loss":0,"event_name":"Living Wall","floor":4,"gold_loss":0,"cards_upgraded":["Heavy Blade"]},{"damage_healed":0,"gold_gain":99,"player_choice":"Stole From Cult","damage_taken":0,"max_hp_gain":0,"max_hp_loss":0,"event_name":"Nest","floor":20,"gold_loss":0},{"damage_healed":0,"gold_gain":0,"player_choice":"Stole Relic","damage_taken":0,"relics_obtained":["Dream Catcher"],"max_hp_gain":0,"max_hp_loss":0,"event_name":"Addict","floor":22,"gold_loss":0,"cards_obtained":["Shame"]}],"is_beta":false,"boss_relics":[{"not_picked":["SlaversCollar","Replay:Wanted Poster"],"picked":"Astrolabe"}],"items_purged_floors":[10,21],"is_endless":false,"potions_floor_spawned":[1,6,14,16],"killed_by":"Book of Stabbing","ascension_level":0}}