{"host":"zjh67scmpoerk5lt","time":1608788303,"event":{"mods":["BaseMod","Infinite Spire","Minty Spire (QoL Compilation)","Quick Restart","Replay The Spire","StSLib","The Animator","The Bug Knight","The Cursed","The IronCluck","The Servant 0.9.4"],"gold_per_floor":[110,128,57,57,132,160,160,189,189,205,220,230,255,26,26,122,122,133,150,75,75,127,159,159,159,159,159,174,188,188,220,220,320,320,331,350,650,663,963,963,963,963,991,1005,1005,1016,1046,1066,1082,1082,1082,1082],"floor_reached":53,"playtime":6813,"items_purged":["TheCursedMod:Defend_TheCursed"],"score":692,"play_id":"aef0ad9a-5d9a-464f-90ca-165e9afc8975","local_time":"20201223223823","is_ascension_mode":false,"campfire_choices":[{"data":"TheCursedMod:ReleasedKnowledge","floor":7,"key":"SMITH"},{"floor":15,"key":"REST"},{"floor":24,"key":"REST"},{"data":"TheCursedMod:HellfireBreathing","floor":27,"key":"SMITH"},{"data":"TheCursedMod:CircleOfCorruption","floor":30,"key":"SMITH"},{"data":"TheCursedMod:Strike_TheCursed","floor":32,"key":"PURGE"},{"data":"infinitespire:Collect","floor":42,"key":"SMITH"},{"data":"TheCursedMod:LuckyCharm","floor":51,"key":"SMITH"}],"circlet_count":0,"master_deck":["TheCursedMod:Strike_TheCursed","TheCursedMod:Defend_TheCursed","TheCursedMod:Defend_TheCursed","TheCursedMod:Defend_TheCursed","TheCursedMod:CleanUpWorkshop","TheCursedMod:Dregs","TheCursedMod:HellsGateOpen","TheCursedMod:ReleasedKnowledge+1","TheCursedMod:CursedSpellbook","TheCursedMod:AntiAging","TheCursedMod:AbyssShockwave","TheCursedMod:HellfireBreathing+1","TheCursedMod:CursedAmulet","TheCursedMod:Grudge","TheCursedMod:ForbiddenAlchemy","TheCursedMod:CursedAmulet","TheCursedMod:CircleOfCorruption+1","TheCursedMod:SpitefulStrike+1","TheCursedMod:Hemoplague+1","TheCursedMod:HellfireBreathing+1","TheCursedMod:CircleOfAbyss","CurseOfTheBell","Pot Of Greed","Pot Of Greed","Pot Of Greed","TheCursedMod:CursedShiv+1","infinitespire:Collect+1","TheCursedMod:SpitefulPray+1","TheCursedMod:LuckyCharm+1","TheCursedMod:ReleasedKnowledge+1"],"relics":["TheCursedMod:BlackMagic101","NeowsBlessing","ReplayTheSpireMod:Lightbulb","Bronze Scales","HollowMod:PaleOreRelic","infinitespire:Satchel","Black Star","ReplayTheSpireMod:TigerMarble","FossilizedHelix","infinitespire:CursedDice","Eternal Feather","Bag of Marbles","Bag of Preparation","Calling Bell","Grinning Jar","Letter Opener","Unceasing Top","Old Coin","TheCursedMod:FourLeafCloverCharm","Garlic","Replay:WaspNest","Pear","Anchor","Orichalcum"],"acts_visited":["Exordium","TheCity","TheBeyond"],"potions_floor_usage":[18,38,44],"damage_taken":[{"damage":0,"enemies":"infinitespire:Voidling","floor":1,"turns":1},{"damage":0,"enemies":"Cultist","floor":2,"turns":1},{"damage":0,"enemies":"3 Sentries","floor":6,"turns":1},{"damage":28,"enemies":"Gremlin Nob","floor":8,"turns":5},{"damage":0,"enemies":"2 Louse","floor":10,"turns":3},{"damage":8,"enemies":"Large Slime","floor":11,"turns":5},{"damage":23,"enemies":"Exordium Thugs","floor":12,"turns":4},{"damage":22,"enemies":"The Guardian","floor":16,"turns":12},{"damage":16,"enemies":"Spheric Guardian","floor":18,"turns":4},{"damage":27,"enemies":"Chosen","floor":19,"turns":5},{"damage":16,"enemies":"Slavers","floor":23,"turns":5},{"damage":0,"enemies":"Centurion and Healer","floor":28,"turns":5},{"damage":1,"enemies":"Snake Plant","floor":29,"turns":3},{"damage":28,"enemies":"Nightmare","floor":31,"turns":5},{"damage":15,"enemies":"Automaton","floor":33,"turns":6},{"damage":0,"enemies":"Orb Walker","floor":35,"turns":3},{"damage":5,"enemies":"3 Darklings","floor":36,"turns":3},{"damage":0,"enemies":"Writhing Mass","floor":38,"turns":3},{"damage":46,"enemies":"Giant Head","floor":43,"turns":7},{"damage":0,"enemies":"Spire Growth","floor":44,"turns":3},{"damage":2,"enemies":"Maw","floor":46,"turns":5},{"damage":0,"enemies":"Nemesis","floor":47,"turns":5},{"damage":0,"enemies":"4 Shapes","floor":48,"turns":2},{"damage":0,"enemies":"Jaw Worm Horde","floor":49,"turns":1},{"damage":39,"enemies":"Replay:Hell Engine","floor":52,"turns":12}],"seed_played":"5272881061858706556","potions_obtained":[{"floor":2,"key":"LiquidBronze"},{"floor":10,"key":"LiquidMemories"},{"floor":11,"key":"Swift Potion"},{"floor":18,"key":"FearPotion"},{"floor":23,"key":"Milkshake"}],"is_trial":false,"path_per_floor":["M","M","$","?","?","E","R","E","T","M","M","M","T","$","R","B",null,"M","M","?","?","T","E","R","?","T","R","M","M","R","NM","R","B",null,"M","M","AVR","M","?","PTL","PTL","R","E","M","T","M","E","M","M","?","R","B",null],"character_chosen":"THE_CURSED","items_purchased":["TheCursedMod:CursedSpellbook","TheCursedMod:Grudge","infinitespire:Satchel"],"campfire_rested":2,"item_purchase_floors":[3,14,14],"current_hp_per_floor":[75,75,75,75,68,68,68,40,40,42,34,11,11,11,34,14,79,63,36,36,36,36,20,43,43,43,55,57,58,70,46,58,45,89,89,84,84,84,84,84,84,89,45,55,65,66,68,68,70,70,88,51],"gold":1082,"neow_bonus":"THREE_ENEMY_KILL","is_daily":false,"chose_seed":false,"campfire_upgraded":5,"win_rate":0.0,"timestamp":1608788303,"path_taken":["M","?","?","?","?","E","R","E","T","M","M","?","?","$","R","BOSS","M","M","?","?","?","E","R","?","T","R","?","M","R","NM","R","BOSS","M","M","AVR","M","?","PTL","PTL","R","E","M","T","M","E","M","?","?","R","BOSS"],"items_purchased_type":["Card","Card","Relic"],"build_version":"2020-12-22","purchased_purges":1,"victory":true,"max_hp_per_floor":[75,75,75,75,75,75,75,75,75,77,77,77,77,77,77,79,79,79,79,79,79,79,79,79,79,79,79,81,83,83,87,87,89,89,89,89,89,89,89,89,89,89,91,94,104,107,109,109,111,111,111,113],"card_choices":[{"not_picked":["TheCursedMod:SaltUponWound","TheCursedMod:Wield"],"picked":"TheCursedMod:HellsGateOpen","floor":1},{"not_picked":["TheCursedMod:BlessingInDisguise","TheCursedMod:VitalStrike"],"picked":"TheCursedMod:ReleasedKnowledge","floor":2},{"not_picked":["TheCursedMod:ManaCirculation","TheCursedMod:StingEye","TheCursedMod:VitalStrike"],"picked":"SKIP","floor":6},{"not_picked":["TheCursedMod:Torture","TheCursedMod:RapidMovement"],"picked":"TheCursedMod:AntiAging","floor":8},{"not_picked":["TheCursedMod:CircleOfFlame","TheCursedMod:BloodBarrier"],"picked":"TheCursedMod:AbyssShockwave","floor":10},{"not_picked":["TheCursedMod:WearCloak","TheCursedMod:CursedBlade"],"picked":"TheCursedMod:HellfireBreathing","floor":11},{"not_picked":["TheCursedMod:TacticalStrike","TheCursedMod:CursedArmor"],"picked":"TheCursedMod:CursedAmulet","floor":12},{"not_picked":["TheCursedMod:StunningStrike","TheCursedMod:UltimatePain"],"picked":"TheCursedMod:ForbiddenAlchemy","floor":16},{"not_picked":["TheCursedMod:FleshFromBone","TheCursedMod:VitalStrike+1"],"picked":"TheCursedMod:CursedAmulet","floor":18},{"not_picked":["TheCursedMod:FleshFromBone","TheCursedMod:CursedArmor+1"],"picked":"TheCursedMod:CircleOfCorruption","floor":19},{"not_picked":["TheCursedMod:SoulCrush","TheCursedMod:BlessingInDisguise"],"picked":"TheCursedMod:SpitefulStrike+1","floor":23},{"not_picked":["TheCursedMod:Stretching+1","TheCursedMod:TacticalStrike+1"],"picked":"TheCursedMod:Hemoplague+1","floor":28},{"not_picked":["TheCursedMod:RavingStaff+1","TheCursedMod:HellsGateOpen"],"picked":"TheCursedMod:HellfireBreathing+1","floor":29},{"not_picked":["TheCursedMod:RavingStaff","TheCursedMod:CursedAmulet","TheCursedMod:Stretching"],"picked":"SKIP","floor":31},{"not_picked":["TheCursedMod:Neurasthenia","TheCursedMod:ForbiddenAlchemy"],"picked":"TheCursedMod:CircleOfAbyss","floor":33},{"not_picked":["TheCursedMod:FleshFromBone","TheCursedMod:RapidMovement"],"picked":"TheCursedMod:CursedShiv+1","floor":35},{"not_picked":["TheCursedMod:FleshFromBone+1","TheCursedMod:CursedBlade","TheCursedMod:StunningStrike"],"picked":"SKIP","floor":36},{"not_picked":["TheCursedMod:SmokeScreen","TheCursedMod:SaltUponWound+1","TheCursedMod:Stretching"],"picked":"SKIP","floor":38},{"not_picked":["TheCursedMod:TroublousMinions","TheCursedMod:Stretching"],"picked":"TheCursedMod:SpitefulPray+1","floor":43},{"not_picked":["TheCursedMod:CircleOfFlame","TheCursedMod:Stretching","TheCursedMod:FleshFromBone+1"],"picked":"SKIP","floor":44},{"not_picked":["TheCursedMod:Stigma+1","TheCursedMod:Stretching+1","TheCursedMod:SoulCrush+1"],"picked":"SKIP","floor":46},{"not_picked":["TheCursedMod:Wield","TheCursedMod:FleshFromBone"],"picked":"TheCursedMod:LuckyCharm","floor":47},{"not_picked":["TheCursedMod:AntiAging","TheCursedMod:SpitefulStrike","TheCursedMod:Evocation"],"picked":"SKIP","floor":48},{"not_picked":["TheCursedMod:Obscuration","TheCursedMod:CursedShiv+1"],"picked":"TheCursedMod:ReleasedKnowledge+1","floor":49}],"player_experience":21891,"relics_obtained":[{"floor":6,"key":"ReplayTheSpireMod:Lightbulb"},{"floor":8,"key":"Bronze Scales"},{"floor":13,"key":"HollowMod:PaleOreRelic"},{"floor":22,"key":"ReplayTheSpireMod:TigerMarble"},{"floor":23,"key":"FossilizedHelix"},{"floor":23,"key":"infinitespire:CursedDice"},{"floor":26,"key":"Eternal Feather"},{"floor":31,"key":"Bag of Marbles"},{"floor":31,"key":"Bag of Preparation"},{"floor":34,"key":"Grinning Jar"},{"floor":34,"key":"Letter Opener"},{"floor":34,"key":"Unceasing Top"},{"floor":43,"key":"Garlic"},{"floor":43,"key":"Replay:WaspNest"},{"floor":45,"key":"Pear"},{"floor":47,"key":"Anchor"},{"floor":47,"key":"Orichalcum"}],"event_choices":[{"damage_healed":0,"gold_gain":75,"player_choice":"Touch","damage_taken":7,"max_hp_gain":0,"max_hp_loss":0,"event_name":"FaceTrader","floor":5,"gold_loss":0},{"cards_removed":["TheCursedMod:Strike_TheCursed"],"damage_healed":0,"gold_gain":0,"player_choice":"Gave Gold","damage_taken":0,"max_hp_gain":0,"max_hp_loss":0,"event_name":"Beggar","floor":20,"gold_loss":75},{"cards_removed":["TheCursedMod:Strike_TheCursed"],"damage_healed":0,"gold_gain":0,"player_choice":"Elegance","damage_taken":0,"max_hp_gain":0,"max_hp_loss":0,"event_name":"Back to Basics","floor":21,"gold_loss":0},{"damage_healed":0,"gold_gain":0,"player_choice":"Bought 0 Potions","damage_taken":0,"max_hp_gain":0,"max_hp_loss":0,"event_name":"The Woman in Blue","floor":25,"gold_loss":0},{"damage_healed":0,"gold_gain":300,"player_choice":"Gold","damage_taken":0,"max_hp_gain":0,"max_hp_loss":0,"event_name":"Wheel of Change","floor":39,"gold_loss":0},{"cards_removed":["TheCursedMod:CursedWand"],"damage_healed":0,"gold_gain":0,"player_choice":"Removed Attack","damage_taken":0,"max_hp_gain":0,"max_hp_loss":0,"event_name":"Falling","floor":50,"gold_loss":0}],"is_beta":false,"boss_relics":[{"not_picked":["ChewingGum","ReplayTheSpireMod:DimensionalGlitch"],"picked":"Black Star"},{"not_picked":["TheCursedMod:OminousMark","Tiny House"],"picked":"Calling Bell"}],"items_purged_floors":[37],"is_endless":false,"potions_floor_spawned":[2,10,11,12,18,23,35,36,38,47,48],"ascension_level":0}}