{"host":"55yei7x27djrlaep","time":1608823176,"event":{"mods":["Act Like it!","BaseMod","Better Altar","Better Match","Better Note","Better Sensory Stone","Better Skull","Better Third Choice","BetterRewards","Colored Map","Downfall","Friendly Minions","GifTheSpireLib","JesterMod","Minty Spire (QoL Compilation)","Replay The Spire","StSLib","The Cursed","The Marked","TheSwordswoman"],"gold_per_floor":[118,118,118,131,131,131,171,171,219,219,238,276,33,56,56,175,175,199,223,223,238,261,261,1,17,72,72,96,1,1,1],"floor_reached":30,"playtime":1263,"items_purged":["theMarked:Strike"],"score":330,"play_id":"af2d3411-5ccf-4aea-ac13-b945f400703d","local_time":"20201224181936","is_ascension_mode":false,"campfire_choices":[{"floor":6,"key":"REST"},{"floor":8,"key":"REST"},{"data":"Mayhem","floor":10,"key":"SMITH"},{"floor":15,"key":"REST"},{"floor":23,"key":"REST"},{"floor":27,"key":"REST"}],"circlet_count":0,"master_deck":["theMarked:Strike","theMarked:Strike+1","theMarked:Strike","theMarked:Strike","theMarked:Defend","theMarked:Defend","theMarked:Defend","theMarked:Defend","theMarked:SoldierOfQuellstein+1","theMarked:FavorableWinds","Replay:SS_forest_2","Mayhem+1","theMarked:Electrocute","Writhe","Injury","theMarked:SwordAndMagic","theMarked:Polarize","theMarked:Panic","theMarked:Generate","theMarked:Opportunist","theMarked:ChannelForce","theMarked:SwordAndMagic","theMarked:BanishingStrike+1","theMarked:EternalStudent+1","theMarked:ParalyzingBlade","theMarked:MagicAdept","theMarked:ResourceFulStrike","Looming Evil"],"relics":["theMarked:ArtifactOfAir","Pondfish Scales","jesterMod:MirrorMask","Unceasing Top","Golden Idol","Bronze Scales","Replay:Baseball","Odd Mushroom","Snack Pack","ChewingGum","Gremlin Food","ReplayTheSpireMod:CursedCoin","Shuriken"],"acts_visited":["Exordium","TheCity"],"potions_floor_usage":[19,19,30],"damage_taken":[{"damage":1,"enemies":"2 Louse","floor":1,"turns":3},{"damage":3,"enemies":"Jaw Worm","floor":4,"turns":5},{"damage":30,"enemies":"3 Sentries","floor":7,"turns":7},{"damage":8,"enemies":"Small Slimes","floor":11,"turns":2},{"damage":8,"enemies":"The Mushroom Lair","floor":12,"turns":4},{"damage":1,"enemies":"Exordium Wildlife","floor":14,"turns":3},{"damage":33,"enemies":"The Guardian","floor":16,"turns":10},{"damage":0,"enemies":"Chosen","floor":18,"turns":4},{"damage":19,"enemies":"3 Byrds","floor":19,"turns":4},{"damage":8,"enemies":"Cultist and Chosen","floor":21,"turns":5},{"damage":21,"enemies":"Shelled Parasite and Fungi","floor":22,"turns":5},{"damage":8,"enemies":"3 Cultists","floor":25,"turns":4},{"damage":31,"enemies":"Snake Plant","floor":28,"turns":2},{"damage":39,"enemies":"Slavers","floor":30,"turns":3}],"seed_played":"-6526164468708627750","potions_obtained":[{"floor":12,"key":"PowerPotion"},{"floor":16,"key":"hexamod:EctoCoolerPotion"},{"floor":18,"key":"theMarked:ChargePotion"}],"is_trial":false,"path_per_floor":["M","?","?","M","?","R","E","R","T","R","M","?","$","M","R","B",null,"M","M","?","M","M","R","?","M","T","R","M","$","E"],"character_chosen":"THE_DEFAULT","items_purchased":["Pondfish Scales","theMarked:FavorableWinds","jesterMod:MirrorMask","Snack Pack","ReplayTheSpireMod:CursedCoin","Shuriken"],"campfire_rested":5,"item_purchase_floors":[0,0,0,13,29,29],"current_hp_per_floor":[35,35,35,32,18,39,9,30,30,30,22,14,14,15,36,15,70,70,51,51,47,28,49,49,45,45,66,35,35,0,0],"gold":1,"neow_bonus":"","is_daily":false,"chose_seed":false,"campfire_upgraded":1,"win_rate":0.0,"timestamp":1608823176,"path_taken":["M","?","?","M","?","R","E","R","T","R","M","?","$","M","R","BOSS","M","M","?","M","?","R","?","M","T","R","M","$","E"],"items_purchased_type":["Relic","Card","Relic","Relic","Relic","Relic"],"build_version":"2020-12-22","purchased_purges":1,"victory":false,"max_hp_per_floor":[70,70,70,70,70,70,70,70,70,70,70,70,70,70,70,70,70,70,70,70,70,70,70,70,70,70,70,70,70,70,70],"card_choices":[{"not_picked":["theMarked:PowerFlow","theMarked:TwofoldDefense"],"picked":"theMarked:Electrocute","floor":1},{"not_picked":["theMarked:BanishingStrike","theMarked:Parkour"],"picked":"theMarked:SwordAndMagic","floor":4},{"not_picked":["theMarked:Improvise","theMarked:Electrocute"],"picked":"theMarked:Polarize","floor":7},{"not_picked":["theMarked:Static","theMarked:RepellingDischarge"],"picked":"theMarked:Panic","floor":11},{"not_picked":["theMarked:Static","theMarked:ResourceFulStrike"],"picked":"theMarked:Generate","floor":12},{"not_picked":["theMarked:MysticalArsenal","theMarked:ChainLightning"],"picked":"theMarked:Opportunist","floor":14},{"not_picked":["theMarked:Snap","theMarked:SummonStrength"],"picked":"theMarked:ChannelForce","floor":16},{"not_picked":["theMarked:TunnelVision","theMarked:WastefulAttack"],"picked":"theMarked:SwordAndMagic","floor":18},{"not_picked":["theMarked:HeightenedSenses","theMarked:Convert"],"picked":"theMarked:BanishingStrike","floor":19},{"not_picked":["theMarked:Improvise","theMarked:Aftermath","theMarked:DeterminationOfTheMarked"],"picked":"SKIP","floor":21},{"not_picked":["theMarked:Electrocute","theMarked:MagicAdept+1"],"picked":"theMarked:ParalyzingBlade","floor":22},{"not_picked":["theMarked:Improvise","theMarked:PowerFlow"],"picked":"theMarked:MagicAdept","floor":25},{"not_picked":["theMarked:ElectricStrings+1","theMarked:Parkour"],"picked":"theMarked:ResourceFulStrike","floor":28}],"player_experience":353353,"relics_obtained":[{"floor":7,"key":"Bronze Scales"},{"floor":9,"key":"Replay:Baseball"},{"floor":12,"key":"Odd Mushroom"},{"floor":26,"key":"Gremlin Food"}],"event_choices":[{"damage_healed":0,"gold_gain":0,"player_choice":"Take Wound","damage_taken":0,"relics_obtained":["Golden Idol"],"max_hp_gain":0,"max_hp_loss":0,"event_name":"Golden Idol","floor":3,"gold_loss":0,"cards_obtained":["Injury"]},{"damage_healed":32,"gold_gain":0,"player_choice":"Upgrade","damage_taken":14,"max_hp_gain":0,"max_hp_loss":70,"event_name":"betterThird:BetterShining","floor":5,"gold_loss":0,"cards_upgraded":["theMarked:SoldierOfQuellstein","theMarked:Strike"]},{"damage_healed":0,"gold_gain":0,"player_choice":"Fought Mushrooms","damage_taken":0,"max_hp_gain":0,"max_hp_loss":0,"event_name":"Mushrooms","floor":12,"gold_loss":0},{"cards_removed":["Writhe"],"damage_healed":0,"gold_gain":0,"player_choice":"Take \u0026 Give","damage_taken":0,"max_hp_gain":0,"max_hp_loss":0,"event_name":"betterNote:BetterNote","floor":20,"gold_loss":0,"cards_obtained":["theMarked:EternalStudent"]}],"is_beta":false,"boss_relics":[{"not_picked":["Painkiller Herb","Ectoplasm"],"picked":"ChewingGum"}],"items_purged_floors":[0],"is_endless":false,"potions_floor_spawned":[12,16,18],"killed_by":"Slavers","ascension_level":0}}