{"host":"9l1knhxfturzliqa","time":1608811203,"event":{"mods":["BaseMod","Colored Map","Colored Powertips","DeckTracker","Highlight Path","Keyboard Shortcuts","Minty Spire (QoL Compilation)","Quick Restart","Random Character Button"],"gold_per_floor":[113,123,138,154,168,168,168,184,184,184,197,229,240,255,255,357,357,377,392,78,78,89,115,128,128,128,128,128],"floor_reached":27,"playtime":5428,"items_purged":["Strike_G"],"score":253,"play_id":"3115fecb-2b46-4527-9710-6826a570092c","local_time":"20201224210003","is_ascension_mode":true,"campfire_choices":[{"data":"Dagger Spray","floor":6,"key":"SMITH"},{"data":"Poisoned Stab","floor":10,"key":"SMITH"},{"floor":15,"key":"REST"},{"data":"Bullet Time","floor":25,"key":"SMITH"}],"circlet_count":0,"master_deck":["Strike_G","Strike_G","Strike_G","Strike_G","Defend_G","Defend_G","Defend_G","Defend_G","Defend_G","Survivor","Neutralize","Poisoned Stab+1","Acrobatics","Deadly Poison","Dagger Spray+1","Blur","Glass Knife","Backflip","Burst","Bane","Flechettes+1","Bullet Time+1","Underhanded Strike+1"],"relics":["Ring of the Snake","Meat on the Bone","Kunai","PreservedInsect","HoveringKite","Molten Egg 2","Nilry\u0027s Codex","Prayer Wheel","Bird Faced Urn"],"acts_visited":["TheCity"],"potions_floor_usage":[11,12,16,23,23,24,27],"damage_taken":[{"damage":1.0,"enemies":"Cultist","floor":1.0,"turns":4.0},{"damage":0,"enemies":"Small Slimes","floor":2,"turns":4},{"damage":1,"enemies":"Jaw Worm","floor":3,"turns":6},{"damage":5,"enemies":"Looter","floor":4,"turns":3},{"damage":0,"enemies":"2 Fungi Beasts","floor":5,"turns":4},{"damage":0,"enemies":"Exordium Wildlife","floor":8,"turns":3},{"damage":0,"enemies":"Looter","floor":11,"turns":3},{"damage":22,"enemies":"Lagavulin","floor":12,"turns":7},{"damage":1,"enemies":"Blue Slaver","floor":13,"turns":4},{"damage":16,"enemies":"Gremlin Gang","floor":14,"turns":4},{"damage":23,"enemies":"The Guardian","floor":16,"turns":11},{"damage":10,"enemies":"Chosen","floor":18,"turns":8},{"damage":14,"enemies":"Shell Parasite","floor":19,"turns":10},{"damage":28,"enemies":"Snake Plant","floor":22,"turns":5},{"damage":9,"enemies":"Slavers","floor":23,"turns":3},{"damage":10,"enemies":"Centurion and Healer","floor":24,"turns":8},{"damage":40,"enemies":"Chosen and Byrds","floor":27,"turns":10}],"seed_played":"-462414162145292340","potions_obtained":[{"floor":3,"key":"PowerPotion"},{"floor":4,"key":"ColorlessPotion"},{"floor":8,"key":"SteroidPotion"},{"floor":13,"key":"CunningPotion"},{"floor":14,"key":"DistilledChaos"},{"floor":22,"key":"PowerPotion"},{"floor":23,"key":"DistilledChaos"},{"floor":24,"key":"ColorlessPotion"}],"is_trial":false,"path_per_floor":["M","M","M","M","M","R","T","M","T","R","M","E","M","M","R","B",null,"M","M","$","?","M","E","M","R","T","M"],"character_chosen":"THE_SILENT","items_purchased":["Molten Egg 2"],"campfire_rested":1,"item_purchase_floors":[20],"current_hp_per_floor":[76,76,75,70,70,70,70,70,70,70,70,48,47,43,66,43,77,67,53,53,37,21,24,26,26,26,0,0],"gold":128,"neow_bonus":"TEN_PERCENT_HP_BONUS","is_daily":false,"chose_seed":false,"campfire_upgraded":3,"win_rate":0.0,"timestamp":1608811203,"path_taken":["M","M","M","M","M","R","?","M","T","R","M","E","M","M","R","BOSS","M","M","$","?","M","E","M","R","T","M"],"items_purchased_type":["Relic"],"build_version":"2020-12-22","purchased_purges":1,"victory":false,"max_hp_per_floor":[77,77,77,77,77,77,77,77,77,77,77,77,77,77,77,77,77,77,77,77,77,77,77,77,77,77,77,77],"card_choices":[{"not_picked":["Riddle With Holes","Outmaneuver"],"picked":"Poisoned Stab","floor":1},{"not_picked":["Quick Slash","Well Laid Plans","Deflect"],"picked":"SKIP","floor":2},{"not_picked":["Wraith Form v2","Prepared"],"picked":"Acrobatics","floor":3},{"not_picked":["Flying Knee","Infinite Blades"],"picked":"Deadly Poison","floor":4},{"not_picked":["All Out Attack","Blur"],"picked":"Dagger Spray","floor":5},{"not_picked":["Deflect","Predator"],"picked":"Blur","floor":8},{"not_picked":["Finisher","Riddle With Holes","Sucker Punch"],"picked":"SKIP","floor":11},{"not_picked":["Prepared","Sucker Punch"],"picked":"Glass Knife","floor":12},{"not_picked":["Underhanded Strike","Deadly Poison","Well Laid Plans"],"picked":"SKIP","floor":13},{"not_picked":["Acrobatics","Outmaneuver"],"picked":"Backflip","floor":14},{"not_picked":["Venomology","Tools of the Trade"],"picked":"Burst","floor":16},{"not_picked":["Sucker Punch","Caltrops"],"picked":"Bane","floor":18},{"not_picked":["Bane+1","Dash+1","Underhanded Strike+1"],"picked":"SKIP","floor":19},{"not_picked":["Prepared","Eviscerate+1"],"picked":"Flechettes+1","floor":22},{"not_picked":["PiercingWail","Choke+1","Blade Dance"],"picked":"SKIP","floor":23},{"not_picked":["Blur+1","Poisoned Stab+1"],"picked":"Bullet Time","floor":24},{"not_picked":["Underhanded Strike+1","Blur","Outmaneuver"],"picked":"SKIP","floor":24},{"not_picked":["Blur","Outmaneuver"],"picked":"Underhanded Strike+1","floor":24}],"player_experience":220427,"relics_obtained":[{"floor":7,"key":"Meat on the Bone"},{"floor":9,"key":"Kunai"},{"floor":12,"key":"PreservedInsect"},{"floor":21,"key":"Nilry\u0027s Codex"},{"floor":23,"key":"Prayer Wheel"},{"floor":26,"key":"Bird Faced Urn"}],"event_choices":[{"damage_healed":0,"gold_gain":0,"player_choice":"Obtained Book","damage_taken":16,"max_hp_gain":0,"max_hp_loss":0,"event_name":"Cursed Tome","floor":21,"gold_loss":0}],"is_beta":false,"boss_relics":[{"not_picked":["WristBlade","Runic Pyramid"],"picked":"HoveringKite"}],"items_purged_floors":[20],"is_endless":false,"potions_floor_spawned":[3,4,8,13,14,22,23,24],"killed_by":"Chosen and Byrds","ascension_level":1}}