{"host":"cij6922spxtbkai3","time":1608816533,"event":{"mods":["2.2 Compatiblity","AchievementEnabler","BaseMod","Colored Map","DeckTracker","Highlight Path","Keyboard Shortcuts","Minty Spire (QoL Compilation)","Permanent Neow","Quick Restart","Rare Cards Sparkle","SuperFastMode","everything is the same but u backflip on backflip"],"gold_per_floor":[117,136,136,86,97,97,172,172,226,241,258,278,291,56,56,157,157,172,172,80,80,80,80,100,100,123,141,141,151,183,196,196,196,196],"floor_reached":33,"playtime":3924,"items_purged":[],"score":259,"play_id":"966ee702-09c8-481c-97ba-052fd23f7961","local_time":"20201224222853","is_ascension_mode":false,"campfire_choices":[{"data":"After Image","floor":6.0,"key":"SMITH"},{"floor":8.0,"key":"REST"},{"floor":15.0,"key":"REST"},{"data":"Die Die Die","floor":23,"key":"SMITH"},{"data":"Blade Dance","floor":32,"key":"SMITH"}],"circlet_count":0,"master_deck":["Strike_G+1","Strike_G+1","Strike_G+1","Defend_G+1","Defend_G+1","Defend_G+1","Survivor","Neutralize","Terror","Blade Dance+1","After Image+1","Deadly Poison","Riddle With Holes","Dagger Throw","Malaise","Sucker Punch","Heel Hook","Backflip","Die Die Die+1","Acrobatics+1","Noxious Fumes","Quick Slash","Shame","Distraction","Deadly Poison+1","Blade Dance","PiercingWail","Finisher"],"relics":["Ring of the Snake","Whetstone","Anchor","WristBlade","Pen Nib","Snake Skull","Bag of Preparation","Mummified Hand"],"acts_visited":["Exordium","TheCity"],"potions_floor_usage":[24,33,33,33],"damage_taken":[{"damage":2.0,"enemies":"2 Louse","floor":1.0,"turns":4.0},{"damage":9.0,"enemies":"Jaw Worm","floor":2.0,"turns":4.0},{"damage":6.0,"enemies":"Small Slimes","floor":5.0,"turns":3.0},{"damage":4.0,"enemies":"3 Louse","floor":10.0,"turns":3.0},{"damage":3.0,"enemies":"2 Fungi Beasts","floor":11.0,"turns":4.0},{"damage":5.0,"enemies":"Lots of Slimes","floor":12.0,"turns":5.0},{"damage":15.0,"enemies":"Exordium Wildlife","floor":13.0,"turns":6.0},{"damage":28.0,"enemies":"Hexaghost","floor":16.0,"turns":11.0},{"damage":0,"enemies":"Chosen","floor":18,"turns":3},{"damage":22,"enemies":"Spheric Guardian","floor":24,"turns":6},{"damage":13,"enemies":"Centurion and Healer","floor":27,"turns":6},{"damage":0,"enemies":"Cultist and Chosen","floor":29,"turns":4},{"damage":11,"enemies":"Book of Stabbing","floor":30,"turns":6},{"damage":0,"enemies":"Snake Plant","floor":31,"turns":3},{"damage":11,"enemies":"Automaton","floor":33,"turns":4}],"seed_played":"-2000484299534961056","potions_obtained":[{"floor":1.0,"key":"LiquidBronze"},{"floor":11.0,"key":"Swift Potion"},{"floor":16.0,"key":"Ancient Potion"},{"floor":27,"key":"Block Potion"},{"floor":30,"key":"SneckoOil"}],"is_trial":false,"path_per_floor":["M","M","?","?","M","R","?","R","T","M","M","M","M","$","R","B",null,"M","?","$","?","?","R","M","?","T","M","?","M","E","M","R","B"],"character_chosen":"THE_SILENT","items_purchased":["Heel Hook","Backflip","Anchor","Noxious Fumes","Quick Slash"],"campfire_rested":2,"item_purchase_floors":[14,14,14,20,20],"current_hp_per_floor":[47,38,38,38,32,32,21,42,42,38,35,30,15,15,36,8,70,70,70,70,57,57,57,35,35,35,22,22,22,11,11,11,0,0],"gold":196,"neow_bonus":"REMOVE_TWO","is_daily":false,"chose_seed":false,"campfire_upgraded":3,"win_rate":0.0,"timestamp":1608816533,"path_taken":["M","M","?","?","M","R","?","R","T","M","M","M","M","$","R","BOSS","M","?","$","?","?","R","M","?","T","M","?","M","E","M","R","BOSS"],"items_purchased_type":["Card","Card","Relic","Card","Card"],"build_version":"2020-12-22","purchased_purges":0,"victory":false,"max_hp_per_floor":[70,70,70,70,70,70,70,70,70,70,70,70,70,70,70,70,70,70,70,70,75,75,75,75,75,75,75,75,75,75,75,75,75,75],"card_choices":[{"not_picked":["Predator","Deadly Poison"],"picked":"Terror","floor":1.0},{"not_picked":["Dagger Spray","Poisoned Stab"],"picked":"Blade Dance","floor":2.0},{"not_picked":["Slice","Tactician"],"picked":"Deadly Poison","floor":5.0},{"not_picked":["Skewer","Poisoned Stab"],"picked":"Riddle With Holes","floor":10.0},{"not_picked":["Endless Agony","Acrobatics"],"picked":"Dagger Throw","floor":11.0},{"not_picked":["Dagger Throw","Choke"],"picked":"Malaise","floor":12.0},{"not_picked":["Acrobatics","Terror"],"picked":"Sucker Punch","floor":13.0},{"not_picked":["Bullet Time","Unload"],"picked":"Die Die Die","floor":16.0},{"not_picked":["Escape Plan","Distraction"],"picked":"Acrobatics+1","floor":18},{"not_picked":["Prepared","Terror+1"],"picked":"Distraction","floor":24},{"not_picked":["Slice","Underhanded Strike"],"picked":"Deadly Poison+1","floor":27},{"not_picked":["Envenom","Flying Knee"],"picked":"Blade Dance","floor":29},{"not_picked":["Prepared","PiercingWail","Bouncing Flask"],"picked":"SKIP","floor":30},{"not_picked":["Prepared","Bouncing Flask"],"picked":"PiercingWail","floor":30},{"not_picked":["Heel Hook+1","Acrobatics"],"picked":"Finisher","floor":31}],"player_experience":5457,"relics_obtained":[{"floor":9.0,"key":"Whetstone"},{"floor":26,"key":"Snake Skull"},{"floor":30,"key":"Mummified Hand"}],"event_choices":[{"damage_healed":0.0,"max_hp_gain":0.0,"max_hp_loss":0.0,"gold_gain":0.0,"cards_transformed":["Defend_G"],"event_name":"Living Wall","player_choice":"Change","floor":3.0,"gold_loss":0.0,"damage_taken":0.0,"cards_obtained":["After Image"]},{"cards_removed":["Defend_G"],"damage_healed":0.0,"max_hp_gain":0.0,"max_hp_loss":0.0,"gold_gain":0.0,"event_name":"The Cleric","player_choice":"Card Removal","floor":4.0,"gold_loss":50.0,"damage_taken":0.0},{"damage_healed":0.0,"max_hp_gain":0.0,"max_hp_loss":0.0,"gold_gain":75.0,"event_name":"World of Goop","player_choice":"Gather Gold","floor":7.0,"gold_loss":0.0,"damage_taken":11.0},{"damage_healed":0,"gold_gain":0,"player_choice":"Ignored","damage_taken":0,"max_hp_gain":0,"max_hp_loss":0,"event_name":"Ghosts","floor":19,"gold_loss":0},{"damage_healed":0,"gold_gain":0,"player_choice":"Shed Blood","damage_taken":18,"max_hp_gain":5,"max_hp_loss":0,"event_name":"Forgotten Altar","floor":21,"gold_loss":0},{"damage_healed":0,"gold_gain":0,"player_choice":"Stole Relic","damage_taken":0,"relics_obtained":["Pen Nib"],"max_hp_gain":0,"max_hp_loss":0,"event_name":"Addict","floor":22,"gold_loss":0,"cards_obtained":["Shame"]},{"damage_healed":0,"gold_gain":0,"player_choice":"Simplicity","damage_taken":0,"max_hp_gain":0,"max_hp_loss":0,"event_name":"Back to Basics","floor":25,"gold_loss":0,"cards_upgraded":["Strike_G","Defend_G","Defend_G","Defend_G"]},{"damage_healed":0,"gold_gain":0,"player_choice":"Gave Potion","damage_taken":0,"relics_obtained":["Bag of Preparation"],"max_hp_gain":0,"max_hp_loss":0,"event_name":"WeMeetAgain","floor":28,"gold_loss":0}],"is_beta":false,"boss_relics":[{"not_picked":["Black Star","Philosopher\u0027s Stone"],"picked":"WristBlade"}],"items_purged_floors":[],"is_endless":false,"potions_floor_spawned":[1,11,16,18,27,30],"killed_by":"Automaton","ascension_level":0}}