{"host":"899crud3100o27sg","time":1608820055,"event":{"mods":["BaseMod","Better Third Choice","Colored Map","Colored Powertips","Downfall","Minty Spire (QoL Compilation)","Quick Restart","Relic Stats","Shop Mod","StSLib","The IronCluck"],"gold_per_floor":[116,136,152,170,185,220,220,252,252,269,269,269,269,269],"floor_reached":13,"playtime":1306,"items_purged":[],"score":194,"play_id":"be7a3769-1511-4f99-a57b-842ba84ca204","local_time":"20201225005735","is_ascension_mode":true,"campfire_choices":[{"data":"Coolheaded","floor":7.0,"key":"SMITH"},{"floor":12.0,"key":"REST"}],"circlet_count":0,"master_deck":["AscendersBane","Strike_B","Strike_B","Strike_B","Defend_B","Defend_B","Defend_B","Defend_B","Zap","Dualcast","Coolheaded+1","Cold Snap","Rainbow","Conserve Battery","Cold Snap","Capacitor","Loop","Buffer","Conserve Battery"],"relics":["Nuclear Battery","Cables","Omamori"],"acts_visited":["Exordium"],"potions_floor_usage":[13],"damage_taken":[{"damage":7.0,"enemies":"Cultist","floor":1.0,"turns":5.0},{"damage":8.0,"enemies":"Small Slimes","floor":2.0,"turns":4.0},{"damage":1.0,"enemies":"2 Louse","floor":3.0,"turns":3.0},{"damage":0.0,"enemies":"Lots of Slimes","floor":4.0,"turns":1.0},{"damage":0.0,"enemies":"2 Fungi Beasts","floor":5.0,"turns":4.0},{"damage":20.0,"enemies":"3 Sentries","floor":6.0,"turns":10.0},{"damage":7.0,"enemies":"Lagavulin","floor":8.0,"turns":7.0},{"damage":15.0,"enemies":"Exordium Thugs","floor":10.0,"turns":6.0},{"damage":51,"enemies":"Gremlin Nob","floor":13,"turns":4}],"seed_played":"4119021471825866014","potions_obtained":[{"floor":3.0,"key":"Explosive Potion"},{"floor":4.0,"key":"Swift Potion"},{"floor":5.0,"key":"Block Potion"},{"floor":10.0,"key":"Dexterity Potion"}],"is_trial":false,"path_per_floor":["M","M","M","M","M","E","R","E","T","M","?","R","E"],"character_chosen":"DEFECT","items_purchased":[],"campfire_rested":1,"item_purchase_floors":[],"current_hp_per_floor":[57,49,48,48,48,28,28,21,21,6,6,27,0,0],"gold":269,"neow_bonus":"BOSS_RELIC","is_daily":false,"chose_seed":false,"campfire_upgraded":1,"win_rate":0.0,"timestamp":1608820055,"path_taken":["M","M","M","M","M","E","R","E","T","M","?","R","E"],"items_purchased_type":[],"build_version":"2020-12-22","purchased_purges":0,"victory":false,"max_hp_per_floor":[71,71,71,71,71,71,71,71,71,71,71,71,71,71],"relic_stats":{"counters":[9,44],"obtain_stats":[{"Omamori":8,"Cracked Core":0,"Nuclear Battery":0,"Cables":6},{"Omamori":7,"Cracked Core":0,"Nuclear Battery":0,"Cables":6},{"Omamori":34,"Cracked Core":0,"Nuclear Battery":0,"Cables":27}],"Cables":[18,4,5,2,7]},"card_choices":[{"not_picked":["Streamline","Heatsinks"],"picked":"Coolheaded","floor":1.0},{"not_picked":["Coolheaded","Leap"],"picked":"Cold Snap","floor":2.0},{"not_picked":["Tempest","Static Discharge"],"picked":"Rainbow","floor":3.0},{"not_picked":["Gash","Melter"],"picked":"Conserve Battery","floor":4.0},{"not_picked":["Recycle","Aggregate"],"picked":"Cold Snap","floor":5.0},{"not_picked":["Ball Lightning","Tempest"],"picked":"Capacitor","floor":6.0},{"not_picked":["Go for the Eyes","Gash"],"picked":"Loop","floor":8.0},{"not_picked":["Turbo","Go for the Eyes"],"picked":"Buffer","floor":10.0}],"player_experience":1015908,"relics_obtained":[{"floor":6.0,"key":"Cables"},{"floor":8.0,"key":"Omamori"}],"event_choices":[{"damage_healed":0.0,"max_hp_gain":0.0,"max_hp_loss":0.0,"gold_gain":0.0,"cards_transformed":["Strike_B"],"event_name":"Transmorgrifier","player_choice":"Transformed","floor":11.0,"gold_loss":0.0,"damage_taken":0.0,"cards_obtained":["Conserve Battery"]}],"is_beta":false,"boss_relics":[],"items_purged_floors":[],"is_endless":false,"potions_floor_spawned":[3,4,5,10],"killed_by":"Gremlin Nob","ascension_level":20}}