{"host":"h5golg54dem4i27y","time":1608835965,"event":{"mods":["BaseMod","Colored Map","Colored Powertips","Minty Spire (QoL Compilation)","Replay The Spire","StSLib","SuperFastMode","The Hierophant"],"gold_per_floor":[113,113,126,126,129,151,2,2,27,27,34,34,82,32,32,108,108,118,118,218,49,65,65,105,105,105,104,113,113,201,201,201,312,312,344,344,373,373,443,443,427,427,427,483,483,104,129,154,154,142],"floor_reached":51,"playtime":1694,"items_purged":["hierophant:Strike_Hierophant","hierophant:Doubloon","hierophant:MorningPrayer"],"score":1066,"play_id":"c4da91e6-424c-4325-8961-dcafaf90e0f2","local_time":"20201225035245","is_ascension_mode":true,"campfire_choices":[{"floor":8.0,"key":"REST"},{"data":"hierophant:Chorus","floor":10.0,"key":"SMITH"},{"data":"hierophant:Chorus","floor":12.0,"key":"SMITH"},{"data":"hierophant:Alms","floor":15.0,"key":"SMITH"},{"data":"hierophant:Alms","floor":23.0,"key":"SMITH"},{"data":"hierophant:ArchangelShield","floor":25.0,"key":"SMITH"},{"data":"hierophant:ChurchCoffers","floor":32.0,"key":"SMITH"},{"floor":40,"key":"DIG"},{"floor":42,"key":"DIG"},{"data":"hierophant:DisplayOfPower","floor":49,"key":"SMITH"}],"circlet_count":0,"master_deck":["hierophant:ChurchCoffers+1","hierophant:Sermon","hierophant:ThreeLashes","hierophant:Chorus+1","hierophant:SolarFlare","hierophant:Chorus+1","hierophant:Alms+1","hierophant:DisplayOfPower+1","hierophant:ArchangelShield+1","hierophant:Alms+1","hierophant:SealAway+1","hierophant:Exaltation+1","hierophant:OrnateBuckler+1"],"relics":["hierophant:PropheticMaskRelic","Lantern","Replay:Bandana","Strawberry","Lizard Tail","Pandora\u0027s Box","Mirror","Matryoshka","Shovel","Pantograph","Quantum Egg","MealTicket","Astrolabe","Mango","Bag of Preparation","Omamori","Replay:Multitool","ReplayFunnel","Blue Candle","FossilizedHelix","Question Card"],"acts_visited":["Exordium","TheCity","TheBeyond"],"potions_floor_usage":[],"damage_taken":[{"damage":0.0,"enemies":"Jaw Worm","floor":1.0,"turns":6.0},{"damage":0.0,"enemies":"2 Louse","floor":3.0,"turns":5.0},{"damage":6.0,"enemies":"Small Slimes","floor":4.0,"turns":3.0},{"damage":0.0,"enemies":"2 Fungi Beasts","floor":5.0,"turns":3.0},{"damage":11.0,"enemies":"3 Sentries","floor":6.0,"turns":18.0},{"damage":0.0,"enemies":"Gremlin Nob","floor":11.0,"turns":3.0},{"damage":4.0,"enemies":"Gremlin Nob","floor":13.0,"turns":4.0},{"damage":16.0,"enemies":"Hexaghost","floor":16.0,"turns":9.0},{"damage":0.0,"enemies":"3 Byrds","floor":18.0,"turns":4.0},{"damage":0.0,"enemies":"Shell Parasite","floor":22.0,"turns":1.0},{"damage":0.0,"enemies":"Replay:Snechameleon","floor":24.0,"turns":1.0},{"damage":0.0,"enemies":"Sentry and Sphere","floor":27.0,"turns":3.0},{"damage":0.0,"enemies":"Centurion and Healer","floor":28.0,"turns":4.0},{"damage":0.0,"enemies":"Colosseum Slavers","floor":30.0,"turns":2.0},{"damage":0.0,"enemies":"Colosseum Nobs","floor":30.0,"turns":2.0},{"damage":0.0,"enemies":"Champ","floor":33.0,"turns":2.0},{"damage":0.0,"enemies":"Orb Walker","floor":35.0,"turns":1.0},{"damage":0.0,"enemies":"3 Darklings","floor":37.0,"turns":2.0},{"damage":0,"enemies":"Mind Bloom Boss Battle","floor":39,"turns":2},{"damage":0,"enemies":"Nemesis","floor":41,"turns":1},{"damage":0,"enemies":"2 Orb Walkers","floor":44,"turns":1},{"damage":0,"enemies":"Jaw Worm Horde","floor":47,"turns":2},{"damage":0,"enemies":"Writhing Mass","floor":48,"turns":1},{"damage":0,"enemies":"Time Eater","floor":50,"turns":1}],"seed_played":"8810934959639831943","potions_obtained":[{"floor":1.0,"key":"BlessingOfTheForge"},{"floor":4.0,"key":"FearPotion"},{"floor":5.0,"key":"Energy Potion"},{"floor":16.0,"key":"BlessingOfTheForge"},{"floor":22.0,"key":"Fire Potion"},{"floor":27.0,"key":"AttackPotion"},{"floor":30.0,"key":"Block Potion"},{"floor":37.0,"key":"FairyPotion"},{"floor":44,"key":"LiquidMemories"}],"is_trial":false,"path_per_floor":["M","?","M","M","M","E","$","R","T","R","E","R","?","?","R","B",null,"M","?","?","$","M","R","E","R","T","M","M","?","?","T","R","B",null,"M","?","M","?","?","R","E","R","T","?","?","$","M","M","R","B",null],"character_chosen":"HIEROPHANT","items_purchased":["hierophant:SolarFlare","hierophant:Alms","Question Card"],"campfire_rested":1,"item_purchase_floors":[7,21,46],"current_hp_per_floor":[54,47,47,41,41,30,30,52,52,52,59,59,55,55,55,39,82,82,82,82,82,82,82,82,82,82,82,82,82,82,82,82,82,82,82,78,78,78,92,92,92,92,92,92,92,92,92,92,92,92],"gold":142,"neow_bonus":"REMOVE_TWO","is_daily":false,"chose_seed":false,"campfire_upgraded":7,"win_rate":0.0,"timestamp":1608835965,"path_taken":["M","?","M","M","M","E","$","R","T","R","E","R","?","?","R","BOSS","M","?","?","$","M","R","E","R","T","?","M","?","?","?","R","BOSS","M","?","M","?","?","R","E","R","T","?","?","$","M","?","R","BOSS"],"items_purchased_type":["Card","Card","Relic"],"build_version":"2020-12-22","purchased_purges":3,"victory":true,"max_hp_per_floor":[75,75,75,75,75,75,75,75,75,75,82,82,82,82,82,82,82,82,82,82,82,82,82,82,82,82,82,82,82,82,82,82,82,82,82,78,78,78,92,92,92,92,92,92,92,92,92,92,92,92],"card_choices":[{"not_picked":["hierophant:Community","hierophant:SealAway"],"picked":"hierophant:Sermon","floor":1.0},{"not_picked":["hierophant:Shelter","hierophant:LocustPlague"],"picked":"hierophant:ThreeLashes","floor":3.0},{"not_picked":["hierophant:PassingBell","hierophant:SealAway"],"picked":"hierophant:MorningPrayer","floor":4.0},{"not_picked":["hierophant:Levitation","hierophant:FieryStrike","hierophant:ConvertCurrency"],"picked":"SKIP","floor":5.0},{"not_picked":["hierophant:SecretStash","hierophant:Endure"],"picked":"hierophant:Chorus","floor":6.0},{"not_picked":["hierophant:Doubloon","hierophant:Sermon"],"picked":"hierophant:Chorus","floor":11.0},{"not_picked":["hierophant:OrnateBuckler","hierophant:Glossolalia"],"picked":"hierophant:Alms","floor":13.0},{"not_picked":["hierophant:SealAway","hierophant:Embezzle","hierophant:Charity"],"picked":"SKIP","floor":18.0},{"not_picked":["hierophant:Smite","hierophant:FaithHealing","hierophant:Encroach"],"picked":"SKIP","floor":22.0},{"not_picked":["hierophant:Purify+1","hierophant:FieryStrike","hierophant:RustyCrate"],"picked":"SKIP","floor":24.0},{"not_picked":["hierophant:DivineIntervention","hierophant:PristineSoul+1","hierophant:ArchangelShield"],"picked":"SKIP","floor":27.0},{"not_picked":["hierophant:OrnateBuckler","hierophant:Smite","hierophant:RepressedViolence"],"picked":"SKIP","floor":28.0},{"not_picked":["hierophant:Smite","hierophant:RepressedViolence","hierophant:Prophecy+1"],"picked":"SKIP","floor":35.0},{"not_picked":["hierophant:PassingBell+1","hierophant:CoinFling+1","hierophant:Martyrdom"],"picked":"SKIP","floor":37.0},{"not_picked":["hierophant:Smite+1","hierophant:TollTheBells","hierophant:Anathema"],"picked":"SKIP","floor":41},{"not_picked":["hierophant:FieryStrike+1","hierophant:DisplayOfPower","hierophant:SealAway+1","hierophant:RustyCrate"],"picked":"SKIP","floor":47},{"not_picked":["hierophant:Zeal","hierophant:Invocation","hierophant:Dazzle+1","hierophant:Bribe"],"picked":"SKIP","floor":48}],"player_experience":626290,"relics_obtained":[{"floor":6.0,"key":"Lantern"},{"floor":9.0,"key":"Replay:Bandana"},{"floor":11.0,"key":"Strawberry"},{"floor":13.0,"key":"Lizard Tail"},{"floor":24.0,"key":"Mirror"},{"floor":26.0,"key":"Matryoshka"},{"floor":30.0,"key":"Shovel"},{"floor":30.0,"key":"Pantograph"},{"floor":31.0,"key":"Quantum Egg"},{"floor":31.0,"key":"MealTicket"},{"floor":39,"key":"Mango"},{"floor":40,"key":"Bag of Preparation"},{"floor":41,"key":"Omamori"},{"floor":42,"key":"Replay:Multitool"},{"floor":43,"key":"ReplayFunnel"},{"floor":43,"key":"Blue Candle"},{"floor":44,"key":"FossilizedHelix"}],"event_choices":[{"cards_removed":["hierophant:Punish"],"damage_healed":0.0,"max_hp_gain":0.0,"max_hp_loss":0.0,"gold_gain":0.0,"event_name":"Golden Wing","player_choice":"Card Removal","floor":2.0,"gold_loss":0.0,"damage_taken":7.0},{"damage_healed":0.0,"max_hp_gain":0.0,"max_hp_loss":0.0,"gold_gain":0.0,"event_name":"Dead Adventurer","player_choice":"Searched \u00271\u0027 times","floor":13.0,"gold_loss":0.0,"damage_taken":0.0},{"cards_removed":["hierophant:Strike_Hierophant"],"damage_healed":0.0,"max_hp_gain":0.0,"max_hp_loss":0.0,"gold_gain":0.0,"event_name":"The Cleric","player_choice":"Card Removal","floor":14.0,"gold_loss":50.0,"damage_taken":0.0},{"cards_removed":["hierophant:RustyCrate"],"damage_healed":0.0,"max_hp_gain":0.0,"max_hp_loss":0.0,"gold_gain":0.0,"event_name":"Back to Basics","player_choice":"Elegance","floor":19.0,"gold_loss":0.0,"damage_taken":0.0},{"damage_healed":0.0,"max_hp_gain":0.0,"max_hp_loss":0.0,"gold_gain":100.0,"event_name":"Golden Shrine","player_choice":"Pray","floor":20.0,"gold_loss":0.0,"damage_taken":0.0},{"damage_healed":0.0,"max_hp_gain":0.0,"max_hp_loss":0.0,"gold_gain":0.0,"event_name":"Colosseum","player_choice":"Fight","floor":30.0,"gold_loss":0.0,"damage_taken":0.0},{"damage_healed":0.0,"max_hp_gain":0.0,"max_hp_loss":0.0,"gold_gain":0.0,"event_name":"Colosseum","player_choice":"Fought Nobs","floor":30.0,"gold_loss":0.0,"damage_taken":0.0},{"damage_healed":0.0,"max_hp_gain":0.0,"max_hp_loss":4.0,"gold_gain":0.0,"event_name":"Winding Halls","player_choice":"Max HP","floor":36.0,"gold_loss":0.0,"damage_taken":0.0},{"damage_healed":0.0,"max_hp_gain":0.0,"max_hp_loss":0.0,"gold_gain":0.0,"event_name":"Tomb of Lord Red Mask","player_choice":"Ignored","floor":38.0,"gold_loss":0.0,"damage_taken":0.0},{"damage_healed":0,"gold_gain":0,"player_choice":"Fight","damage_taken":0,"max_hp_gain":0,"max_hp_loss":0,"event_name":"MindBloom","floor":39,"gold_loss":0},{"damage_healed":0,"gold_gain":0,"player_choice":"Fight","damage_taken":0,"max_hp_gain":0,"max_hp_loss":0,"event_name":"Mysterious Sphere","floor":44,"gold_loss":0},{"damage_healed":0,"gold_gain":0,"player_choice":"Ignored","damage_taken":0,"max_hp_gain":0,"max_hp_loss":0,"event_name":"SecretPortal","floor":45,"gold_loss":0}],"is_beta":false,"boss_relics":[{"not_picked":["Ring of Chaos","Kintsugi"],"picked":"Pandora\u0027s Box"},{"not_picked":["Runic Dome","Snecko Eye"],"picked":"Astrolabe"}],"items_purged_floors":[7,21,46],"is_endless":false,"potions_floor_spawned":[1,4,5,16,22,27,30,37,44,48],"ascension_level":1}}