{"host":"02w9hl92h62kgkzk","time":1608790266,"event":{"mods":["2.2 Compatiblity","AchievementEnabler","Act Like it!","AlwaysNeverKeys","Aspiration","Bard","BaseMod","Better Altar","Better Match","Better Note","Better Sensory Stone","Better Skull","Better Third Choice","Better Vampires","BetterRewards","Block Reminder","CCEM","ChefMod","Colored Map","Colored Powertips","Conspire","Downfall","Ekko","Elementarium","Emptier Cage","Energized Spire","Friendly Minions","FruityMod","Gensokyo","GifTheSpireLib","Halation","Hallownest","Hermit","Hubris","Jorbs\u0027s Wanderer Trilogy","Magitek Elite","Marisa????????","Marked Mod","Minty Spire (QoL Compilation)","Permanent Neow","QueenMod","Quick Restart","Random Character Mod","Rare Cards Sparkle","Replay The Spire","Retaliation","Reworked Bosses","Robot Space Explorer","SIMod","Shade Mod","Shop Mod","Spicy Shops","Spikes Relics","StSLib","Stuff the Spire","Synergy Search","The Administrix","The Animator","The Blackbeard","The Blue Laboratory","The Bug Knight","The Construct","The Cursed","The Death Knight","The Disciple","The Factory","The Florist","The Forsaken","The Gatherer","The Hayseed","The Hierophant","The Jungle","The Marked","The Runesmith","The Valiant","The Wild Card","TheHero","TheVacant","Trackpad","Transform Curses","Unceasing Turn Reminder","Wandering Minibosses","thorton","vexMod"],"gold_per_floor":[109,128,138,138,149,149,165,165,165,265,5,5,5,5,72,173,173,187,102,52,72,72,72,105,27,27,27,9,43,77,77,77,215,215,243,262,262,22,22,56,85,127,154,106,106,106,52,52,52,52],"floor_reached":51,"playtime":2565,"items_purged":["stsjorbsmod:Materialize","stsjorbsmod:DisguiseSelf","stsjorbsmod:DisguiseSelf","stsjorbsmod:DisguiseSelf","stsjorbsmod:FaerieFire","stsjorbsmod:FaerieFire+1"],"score":731,"play_id":"a2683128-1635-44cb-96df-0e42e193b18c","local_time":"20201224001106","daily_mods":["Draft","Heirloom"],"is_ascension_mode":false,"campfire_choices":[{"data":"stsjorbsmod:ChatteringStrike","floor":6,"key":"SMITH"},{"data":"stsjorbsmod:ChatteringStrike","floor":8,"key":"SMITH"},{"data":"conspire:SpireCoStock","floor":23,"key":"SMITH"},{"data":"stsjorbsmod:DeathThroes","floor":27,"key":"SMITH"},{"data":"stsjorbsmod:FaerieFire","floor":32,"key":"SMITH"},{"floor":46,"key":"REST"},{"floor":49,"key":"REST"}],"circlet_count":0,"master_deck":["stsjorbsmod:BlackTentacles","stsjorbsmod:Counterspell","stsjorbsmod:ArcaneWeapon","stsjorbsmod:SmithingStrike","stsjorbsmod:ChatteringStrike+1","stsjorbsmod:ArcaneWeapon","stsjorbsmod:RefuseToForget+1","stsjorbsmod:ChatteringStrike+1","stsjorbsmod:DeathThroes+1","conspire:SpireCoStock+1","Replay:SS_fish_3+1"],"relics":["Ring of Peace","Omamori","MerchantsRug","aspiration:MobileForge","halation:EternalFortune","trackpad:BiPhaseBiplane","Ornamental Fan","halation:LostSnail","StuffTheSpire:Tea","conspire:RunicOctahedron","halation:RedSoulGem","StuffTheSpire:GrapeVine"],"acts_visited":["Hallownest:Greenpath","TheCity","TheBeyond"],"potions_floor_usage":[],"damage_taken":[{"damage":3,"enemies":"Hallownest:2_Tiktiks_and_1_Crawlid","floor":1,"turns":4},{"damage":6,"enemies":"2_ Uuma","floor":2,"turns":3},{"damage":0,"enemies":"Hallownest:2_Baldur","floor":3,"turns":3},{"damage":0,"enemies":"Hallownest:Wandering_and_Horned","floor":5,"turns":4},{"damage":6,"enemies":"Hallownest:MossCreep_and_Mosskin","floor":7,"turns":6},{"damage":0,"enemies":"Hallownest:monsterMarmu","floor":13,"turns":4},{"damage":23,"enemies":"Hallownest:BossHornet","floor":16,"turns":8},{"damage":3,"enemies":"Chosen","floor":18,"turns":4},{"damage":4,"enemies":"2 Thieves","floor":21,"turns":3},{"damage":12,"enemies":"Snake Plant","floor":24,"turns":4},{"damage":11,"enemies":"Slavers","floor":29,"turns":4},{"damage":20,"enemies":"Shelled Parasite and Fungi","floor":30,"turns":4},{"damage":24,"enemies":"hubris:MusketHawk","floor":33,"turns":5},{"damage":0,"enemies":"3 Shapes","floor":35,"turns":3},{"damage":0,"enemies":"Orb Walker","floor":36,"turns":2},{"damage":4,"enemies":"Nemesis","floor":40,"turns":3},{"damage":20,"enemies":"Jaw Worm Horde","floor":41,"turns":3},{"damage":20,"enemies":"Sphere and 2 Shapes","floor":42,"turns":4},{"damage":29,"enemies":"bossMod:newShapes","floor":50,"turns":3}],"seed_played":"-3196912393655107516","potions_obtained":[{"floor":1,"key":"stsjorbsmod:LiquidClarity"},{"floor":7,"key":"Elixir"},{"floor":16,"key":"blueLaboratory:NullPotion"},{"floor":24,"key":"blueLaboratory:FruitPunch"},{"floor":29,"key":"CultistPotion"},{"floor":35,"key":"SteroidPotion"},{"floor":41,"key":"blueLaboratory:FruitPunch"}],"is_trial":true,"path_per_floor":["M","M","M","?","M","R","M","R","T","?","$","?","?","$","R_BF","B",null,"M","?","?","M","?","R","M","$","T","R","$","E","M","?","R","B",null,"M","M","?","$","?","E","M","M","T","$","?","R","$","?","R","B",null],"character_chosen":"WANDERER","items_purchased":["MerchantsRug","hubris:HerbalPaste","trackpad:BiPhaseBiplane","RollingBoulder","halation:LostSnail","BargainBundle","Fire Potion","EntropicBrew","blueLaboratory:BubblePotion","DuplicationPotion"],"campfire_rested":2,"item_purchase_floors":[11,11,25,28,28,38,38,38,38,38],"current_hp_per_floor":[67,64,68,68,68,68,64,64,64,64,64,64,68,68,68,48,68,68,68,68,64,67,67,60,60,60,60,60,53,40,40,40,20,74,74,74,74,74,70,66,46,33,33,33,33,54,54,54,73,44],"gold":52,"neow_bonus":"","is_daily":false,"chose_seed":false,"campfire_upgraded":5,"win_rate":0.0,"timestamp":1608790266,"path_taken":["M","?","M","?","M","R","M","R","T","?","$","?","?","$","R_BF","BOSS","M","?","?","M","?","R","M","?","T","R","$","E","M","?","R","BOSS","M","M","?","$","?","E","M","M","T","$","?","R","?","?","R","BOSS"],"items_purchased_type":["Relic","Relic","Relic","Relic","Relic","Relic","Potion","Potion","Potion","Potion"],"build_version":"2020-12-22","purchased_purges":6,"victory":true,"max_hp_per_floor":[68,68,68,68,68,68,68,68,68,68,68,68,68,68,68,68,68,68,68,68,68,71,71,71,71,71,71,71,71,74,74,74,74,74,74,74,74,74,70,70,70,73,73,73,73,73,73,73,73,73],"card_choices":[{"not_picked":["stsjorbsmod:Aid","stsjorbsmod:WanderingMind"],"picked":"stsjorbsmod:Materialize","floor":0},{"not_picked":["stsjorbsmod:SchoolsOfMagic","stsjorbsmod:Prepare"],"picked":"stsjorbsmod:DoubleCheck","floor":0},{"not_picked":["stsjorbsmod:DisguiseSelf","stsjorbsmod:SchoolsOfMagic"],"picked":"stsjorbsmod:BlackTentacles","floor":0},{"not_picked":["stsjorbsmod:Mindworm","stsjorbsmod:WeightOfMemory"],"picked":"stsjorbsmod:Counterspell","floor":0},{"not_picked":["stsjorbsmod:WanderingMind","stsjorbsmod:Index"],"picked":"stsjorbsmod:ArcaneWeapon","floor":0},{"not_picked":["stsjorbsmod:TollTheDead","stsjorbsmod:FindFamiliar"],"picked":"stsjorbsmod:SmithingStrike","floor":0},{"not_picked":["stsjorbsmod:Aid","stsjorbsmod:Mania"],"picked":"stsjorbsmod:DisguiseSelf","floor":0},{"not_picked":["stsjorbsmod:SchoolsOfMagic","stsjorbsmod:TinyHut"],"picked":"stsjorbsmod:FaerieFire","floor":0},{"not_picked":["stsjorbsmod:Mania","stsjorbsmod:FracturedMind"],"picked":"stsjorbsmod:DisguiseSelf","floor":0},{"not_picked":["stsjorbsmod:UnseenServant","stsjorbsmod:Hurt"],"picked":"stsjorbsmod:ChatteringStrike","floor":0},{"not_picked":["stsjorbsmod:Introspection","stsjorbsmod:Materialize"],"picked":"stsjorbsmod:DisguiseSelf","floor":0},{"not_picked":["stsjorbsmod:WanderingMind","stsjorbsmod:DoubleCheck"],"picked":"stsjorbsmod:Materialize","floor":0},{"not_picked":["stsjorbsmod:Materialize","stsjorbsmod:ColorSpray"],"picked":"stsjorbsmod:FaerieFire","floor":0},{"not_picked":["stsjorbsmod:Firebolt","stsjorbsmod:Materialize"],"picked":"stsjorbsmod:ArcaneWeapon","floor":0},{"not_picked":["stsjorbsmod:FracturedMind","stsjorbsmod:WanderingMind"],"picked":"stsjorbsmod:RefuseToForget","floor":0},{"not_picked":["stsjorbsmod:Materialize","stsjorbsmod:ColorSpray"],"picked":"stsjorbsmod:ChatteringStrike","floor":1},{"not_picked":["stsjorbsmod:UnseenServant","stsjorbsmod:MagicMirror","stsjorbsmod:Prepare"],"picked":"SKIP","floor":2},{"not_picked":["stsjorbsmod:RayOfFrost","stsjorbsmod:Message","stsjorbsmod:Firebolt"],"picked":"SKIP","floor":3},{"not_picked":["stsjorbsmod:SmithingStrike","stsjorbsmod:TinyHut","stsjorbsmod:WanderingMind"],"picked":"SKIP","floor":5},{"not_picked":["stsjorbsmod:MageArmor","stsjorbsmod:Channel","stsjorbsmod:BookOfTongues"],"picked":"SKIP","floor":7},{"not_picked":["stsjorbsmod:ArcaneForm","stsjorbsmod:Entangle"],"picked":"stsjorbsmod:DeathThroes","floor":16},{"not_picked":["stsjorbsmod:BlackTentacles+1","stsjorbsmod:Stalwart","stsjorbsmod:Firebolt"],"picked":"SKIP","floor":18},{"not_picked":["expansioncontent:BronzeBeam+1","expansioncontent:Corrupt+1"],"picked":"Replay:SS_fish_3+1","floor":21},{"not_picked":["stsjorbsmod:Hurt","stsjorbsmod:FaerieFire+1","stsjorbsmod:MagicMissiles"],"picked":"SKIP","floor":21},{"not_picked":["expansioncontent:ChargeUp+1","Deep Breath+1","expansioncontent:GoopSpray+1"],"picked":"SKIP","floor":24},{"not_picked":["stsjorbsmod:ParryingBlow","stsjorbsmod:ChainLightning","stsjorbsmod:RayOfFrost"],"picked":"SKIP","floor":24},{"not_picked":["stsjorbsmod:Thorns","stsjorbsmod:Index+1","stsjorbsmod:BlackTentacles"],"picked":"SKIP","floor":29},{"not_picked":["stsjorbsmod:RayOfFrost","stsjorbsmod:Hurt","stsjorbsmod:FlameWard"],"picked":"SKIP","floor":30},{"not_picked":["stsjorbsmod:Hibernate","stsjorbsmod:DoubleCheck+1","stsjorbsmod:BookOfTongues"],"picked":"SKIP","floor":35},{"not_picked":["stsjorbsmod:Channel+1","stsjorbsmod:ChatteringStrike","stsjorbsmod:FindFamiliar+1"],"picked":"SKIP","floor":36},{"not_picked":["stsjorbsmod:Firebolt+1","stsjorbsmod:MageArmor","stsjorbsmod:OldPocket+1"],"picked":"SKIP","floor":40},{"not_picked":["stsjorbsmod:Hibernate+1","stsjorbsmod:Index+1","stsjorbsmod:LoseGrip+1"],"picked":"SKIP","floor":41},{"not_picked":["stsjorbsmod:BlackTentacles","stsjorbsmod:Hibernate+1","stsjorbsmod:TinyHut"],"picked":"SKIP","floor":42}],"player_experience":1075236,"relics_obtained":[{"floor":4,"key":"Ring of Peace"},{"floor":9,"key":"Omamori"},{"floor":26,"key":"Ornamental Fan"},{"floor":29,"key":"StuffTheSpire:Tea"},{"floor":30,"key":"halation:EternalFortune"},{"floor":40,"key":"hubris:MysteriousPyramids"},{"floor":42,"key":"halation:EternalFortune"},{"floor":43,"key":"StuffTheSpire:GrapeVine"}],"event_choices":[{"damage_healed":0,"gold_gain":0,"player_choice":"Obtained Relic","damage_taken":0,"relics_obtained":["CCEMRelics:FestiveHat"],"max_hp_gain":0,"max_hp_loss":0,"event_name":"Addict","floor":19,"gold_loss":85},{"damage_healed":0,"gold_gain":0,"player_choice":"Invest 1","damage_taken":0,"max_hp_gain":0,"max_hp_loss":0,"event_name":"conspire:Investor","floor":20,"gold_loss":0},{"damage_healed":0,"gold_gain":0,"player_choice":"Upgraded","damage_taken":0,"max_hp_gain":0,"max_hp_loss":0,"event_name":"Upgrade Shrine","floor":31,"gold_loss":0,"cards_upgraded":["stsjorbsmod:RefuseToForget"]},{"damage_healed":0,"gold_gain":0,"player_choice":"Max HP","damage_taken":0,"max_hp_gain":0,"max_hp_loss":4,"event_name":"Winding Halls","floor":39,"gold_loss":0}],"is_beta":false,"boss_relics":[{"not_picked":["trackpad:StolenKidneys","Runic Pyramid"],"picked":"aspiration:MobileForge"},{"not_picked":["energizedSpire:HugeHouse","Snecko Heart"],"picked":"conspire:RunicOctahedron"}],"items_purged_floors":[11,28,38,38,44,47],"is_endless":false,"potions_floor_spawned":[1,7,16,24,29,35,41],"ascension_level":0}}