{"host":"ssbj2e5691x5ub3h","time":1608768473,"event":{"mods":["BaseMod","Duelist Mod","Minty Spire (QoL Compilation)","StSLib"],"gold_per_floor":[138,138,138,138,150,150,180,192,217,200,200,225,240,256,256,358,358,375,393,245,258,258,258,285,285,285,304,337,356,356,370,370,468,468,484,499,283,294,294,308,259,275,328,344,364,364,390,90,90,90],"floor_reached":51,"playtime":7069,"items_purged":["theDuelist:ZombieCorpse"],"score":947,"play_id":"c4e1407b-2b75-4a7b-a439-e590237053bd","local_time":"20201223220753","is_ascension_mode":true,"campfire_choices":[{"data":"theDuelist:ShallowGrave","floor":6,"key":"SMITH"},{"data":"theDuelist:Yasha","floor":15,"key":"SMITH"},{"floor":23,"key":"REST"},{"floor":25,"key":"REST"},{"floor":30,"key":"REST"},{"floor":32,"key":"REST"},{"floor":46,"key":"REST"},{"floor":49,"key":"REST"}],"circlet_count":0,"master_deck":["theDuelist:ZombieCorpse","theDuelist:ZombieCorpse","theDuelist:ZombieCorpse","theDuelist:ZombieCorpse","theDuelist:ZombieCorpse","theDuelist:ZombieCorpse","theDuelist:ZombieCorpse","theDuelist:ZombieCorpse","theDuelist:ZombieCorpse","theDuelist:ZombieCorpse","theDuelist:ZombieCorpse","theDuelist:ZombieCorpse","theDuelist:ArmoredZombie","theDuelist:ArmoredZombie","theDuelist:ClownZombie","theDuelist:ShallowGrave+1","theDuelist:TutanMask","theDuelist:GhostrickMansion","theDuelist:Yasha+1","theDuelist:FusionGuard","theDuelist:GhostrickGhoul","theDuelist:GhostrickAlucard","theDuelist:VampireBaby+1","theDuelist:GhostrickAlucard+1","theDuelist:GiantAxeMummy+1","theDuelist:VampireKingdom","Apotheosis","theDuelist:Skelesaurus","theDuelist:VampireFraulein+1","theDuelist:OverpoweringEye","theDuelist:CustomResummonCard","theDuelist:VendreadNightmare","theDuelist:DesLacooda+1","theDuelist:VendreadStriges+1","theDuelist:MonsterReborn","theDuelist:Polymerization+1","theDuelist:VendreadStriges+1","theDuelist:GhostrickJiangshi","theDuelist:GhostOgre+1","theDuelist:GhostReaper","theDuelist:MonsterReborn+1","theDuelist:GhostOgre+1","theDuelist:CurseAging"],"relics":["theDuelist:MillenniumPuzzle","theDuelist:CardPoolRelic","theDuelist:CardPoolBasicRelic","theDuelist:BoosterPackPoolRelic","theDuelist:CardPoolAddRelic","theDuelist:CardPoolMinusRelic","theDuelist:CardPoolSaveRelic","theDuelist:CardPoolOptionsRelic","theDuelist:SummonAnchor","theDuelist:VampiricPendant","theDuelist:DuelistOrichalcum","PreservedInsect","theDuelist:DuelistTeaSet","Fusion Hammer","Orrery","theDuelist:SolderToken","Strawberry","theDuelist:MillenniumRing","Cables","Philosopher\u0027s Stone","Bag of Marbles","Pear","theDuelist:MillenniumPrayerbook"],"acts_visited":["Exordium","TheCity","TheBeyond"],"potions_floor_usage":[7,16,24,24,28,33,40,50],"damage_taken":[{"damage":1,"enemies":"Jaw Worm","floor":1,"turns":5},{"damage":0,"enemies":"Small Slimes","floor":5,"turns":1},{"damage":12,"enemies":"3 Sentries","floor":7,"turns":5},{"damage":6,"enemies":"Cultist","floor":8,"turns":3},{"damage":7,"enemies":"Exordium Thugs","floor":10,"turns":6},{"damage":24,"enemies":"Lagavulin","floor":12,"turns":9},{"damage":5,"enemies":"Looter","floor":13,"turns":3},{"damage":0,"enemies":"Large Slime","floor":14,"turns":4},{"damage":0,"enemies":"Hexaghost","floor":16,"turns":12},{"damage":8,"enemies":"Shell Parasite","floor":18,"turns":7},{"damage":24,"enemies":"Chosen","floor":19,"turns":7},{"damage":31,"enemies":"Snecko","floor":21,"turns":6},{"damage":0,"enemies":"theDuelist:KaibaA2","floor":24,"turns":2},{"damage":1,"enemies":"Centurion and Healer","floor":27,"turns":3},{"damage":7,"enemies":"Book of Stabbing","floor":28,"turns":5},{"damage":16,"enemies":"Shelled Parasite and Fungi","floor":29,"turns":4},{"damage":16,"enemies":"3 Cultists","floor":31,"turns":5},{"damage":4,"enemies":"Champ","floor":33,"turns":7},{"damage":0,"enemies":"3 Shapes","floor":35,"turns":3},{"damage":1,"enemies":"3 Darklings","floor":36,"turns":3},{"damage":0,"enemies":"Maw","floor":38,"turns":6},{"damage":7,"enemies":"Transient","floor":40,"turns":5},{"damage":17,"enemies":"Spire Growth","floor":42,"turns":3},{"damage":16,"enemies":"3 Darklings","floor":44,"turns":3},{"damage":51,"enemies":"Jaw Worm Horde","floor":45,"turns":4},{"damage":12,"enemies":"Giant Head","floor":47,"turns":4},{"damage":31,"enemies":"Awakened One","floor":50,"turns":7}],"seed_played":"-5331617649306946103","potions_obtained":[{"floor":1,"key":"SteroidPotion"},{"floor":8,"key":"theDuelist:DebuffArmorPotion"},{"floor":13,"key":"Fire Potion"},{"floor":14,"key":"theDuelist:CoolBottle"},{"floor":16,"key":"theDuelist:BurningPotion"},{"floor":19,"key":"theDuelist:TokenPotion"},{"floor":27,"key":"FairyPotion"},{"floor":29,"key":"SpeedPotion"},{"floor":33,"key":"SteroidPotion"},{"floor":36,"key":"Block Potion"},{"floor":45,"key":"theDuelist:LavaBottle"}],"is_trial":false,"path_per_floor":["M","?","?","$","M","R","E","M","T","M","?","E","M","M","R","B",null,"M","M","$","M","T","R","E","R","T","M","E","M","R","M","R","B",null,"M","M","$","M","?","M","$","M","T","M","M","R","E","?","R","B",null],"character_chosen":"THE_DUELIST","items_purchased":["Orrery","theDuelist:MonsterReborn","theDuelist:GhostrickJiangshi"],"campfire_rested":6,"item_purchase_floors":[20,37,41],"current_hp_per_floor":[87,92,86,86,86,86,74,68,68,61,61,43,38,38,38,38,93,85,64,64,33,33,60,67,97,97,96,89,73,100,84,100,99,100,100,99,99,99,99,92,92,75,75,59,8,38,36,36,69,38],"gold":90,"neow_bonus":"TEN_PERCENT_HP_BONUS","is_daily":false,"chose_seed":false,"campfire_upgraded":2,"win_rate":0.0,"timestamp":1608768473,"path_taken":["M","?","?","?","M","R","E","M","T","M","?","E","M","M","R","BOSS","M","M","?","M","?","R","E","R","T","M","E","M","R","M","R","BOSS","M","M","$","M","?","M","$","M","T","M","M","R","E","?","R","BOSS"],"items_purchased_type":["Relic","Card","Card"],"build_version":"2020-12-22","purchased_purges":1,"victory":true,"max_hp_per_floor":[88,93,93,93,93,93,93,93,93,93,93,93,93,93,93,93,93,93,93,93,93,93,93,100,100,100,100,100,100,100,100,100,100,100,100,100,100,100,100,100,100,100,100,100,100,100,110,110,110,110],"card_choices":[{"not_picked":["theDuelist:GhostrickStein","theDuelist:GhostrickSpecter","theDuelist:GhostrickJiangshi","theDuelist:GhostrickGhoul"],"picked":"theDuelist:GhostrickWarwolf","floor":1},{"not_picked":["theDuelist:VampireGrimson","theDuelist:VampireDragon","theDuelist:GhostrickStein","theDuelist:GhostrickAlucard","theDuelist:YukiOnnaIce"],"picked":"SKIP","floor":5},{"not_picked":["theDuelist:VampireDragon","theDuelist:GhostrickYeti","theDuelist:ZombieNecronize","theDuelist:GhostrickGhoul"],"picked":"theDuelist:GhostrickMansion","floor":7},{"not_picked":["theDuelist:VampireHunter","theDuelist:GhostrickMummy","theDuelist:IlBlud","theDuelist:DoubleCoston"],"picked":"theDuelist:Yasha","floor":8},{"not_picked":["theDuelist:VampireAwakening","theDuelist:GhostrickBreak","theDuelist:FragmentFusion","theDuelist:VendreadDaybreak"],"picked":"theDuelist:FusionGuard","floor":10},{"not_picked":["theDuelist:VendreadHoundhorde","theDuelist:VendreadChimera","theDuelist:VendreadAnima","theDuelist:RevendreadExecutor"],"picked":"theDuelist:VendreadCore","floor":12},{"not_picked":["theDuelist:Mezuki","theDuelist:VampireSorcerer","theDuelist:VampireDesire","theDuelist:Pumpking"],"picked":"theDuelist:GhostrickAlucard","floor":13},{"not_picked":["theDuelist:VampireLord","theDuelist:VampireLady","theDuelist:GhostrickMummy","theDuelist:Yoko"],"picked":"theDuelist:GhostrickGhoul","floor":14},{"not_picked":["theDuelist:VendreadDaybreak","theDuelist:VampireGrace","theDuelist:SoulRelease","theDuelist:MayakashiWinter"],"picked":"theDuelist:BookLife","floor":16},{"not_picked":["theDuelist:VampireLord","theDuelist:VendreadCore","theDuelist:VendreadAnima","theDuelist:GhostrickStein"],"picked":"theDuelist:GhostrickAlucard","floor":18},{"not_picked":["theDuelist:GhostrickStein+1","theDuelist:VampireSucker+1","theDuelist:OniGamiCombo","theDuelist:InstantFusion+1"],"picked":"theDuelist:ImmortalRuler","floor":19},{"not_picked":["theDuelist:ZombieTiger+1","theDuelist:VendreadRevolution+1","theDuelist:DimensionBurial+1","theDuelist:RelinquishedFusion"],"picked":"theDuelist:VampireBaby+1","floor":20},{"not_picked":["theDuelist:VendreadHoundhorde","theDuelist:VendreadCore+1","theDuelist:VendreadChimera","theDuelist:RevendreadExecutor"],"picked":"theDuelist:VendreadBattlelord","floor":20},{"not_picked":["theDuelist:SkullConductor","theDuelist:ArchfiendZombieSkull","theDuelist:Yasha","theDuelist:VampireFamiliar"],"picked":"theDuelist:GhostrickAlucard+1","floor":20},{"not_picked":["theDuelist:GhostrickSkeleton+1","theDuelist:FearFromDark+1"],"picked":"theDuelist:GiantAxeMummy+1","floor":20},{"not_picked":["theDuelist:WightLady","theDuelist:VampireGrimson+1","theDuelist:OvertexQoatlus","theDuelist:VampireHunter"],"picked":"theDuelist:MechMoleZombie","floor":20},{"not_picked":["theDuelist:PyramidWonders","theDuelist:GhostrickScare","theDuelist:EndlessDecay"],"picked":"theDuelist:VampireKingdom","floor":21},{"not_picked":["theDuelist:GhostrickJackfrost","theDuelist:Yasha+1","theDuelist:SkullServant","theDuelist:DesLacooda"],"picked":"theDuelist:RedEyesZombie+1","floor":24},{"not_picked":["Sadistic Nature","Swift Strike+1","The Bomb"],"picked":"Apotheosis","floor":27},{"not_picked":["theDuelist:Miscellaneousaurus","theDuelist:MammothGraveyard","theDuelist:FossilSkullknight","theDuelist:FossilSkullKing"],"picked":"theDuelist:Skelesaurus","floor":28},{"not_picked":["theDuelist:VampireGrace","theDuelist:GhostrickWarwolf","theDuelist:GhostrickMummy+1","theDuelist:Dakki"],"picked":"theDuelist:VampireFraulein+1","floor":29},{"not_picked":["theDuelist:UltraPolymerization+1","theDuelist:InstantFusion+1","theDuelist:FusionGuard","theDuelist:BookEclipse+1"],"picked":"theDuelist:OverpoweringEye","floor":31},{"not_picked":["theDuelist:VendreadStriges+1","theDuelist:UltraPolymerization","theDuelist:SoulRelease","theDuelist:FusionGuard"],"picked":"theDuelist:VendreadNightmare","floor":33},{"not_picked":["theDuelist:SkullConductor","theDuelist:GhostrickMuseum+1","theDuelist:Kasha+1","theDuelist:MammothGraveyard+1"],"picked":"theDuelist:DesLacooda+1","floor":35},{"not_picked":["theDuelist:VampireGrace+1","theDuelist:Scapeghost","theDuelist:MayakashiWinter","theDuelist:BookLife"],"picked":"theDuelist:VendreadStriges+1","floor":36},{"not_picked":["theDuelist:NecroworldBanshee+1","theDuelist:GhostrickGhoul+1","theDuelist:GhostrickMummy+1","theDuelist:VampireFamiliar+1"],"picked":"theDuelist:Polymerization+1","floor":38},{"not_picked":["theDuelist:DespairFromDark","theDuelist:VendreadDaybreak"],"picked":"theDuelist:DecayedCommander","floor":39},{"not_picked":["theDuelist:VampireRetainer+1","theDuelist:VampireDragon","theDuelist:VendreadBattlelord+1","theDuelist:VendreadAnima+1"],"picked":"theDuelist:VendreadStriges+1","floor":40},{"not_picked":["theDuelist:GhostrickSpecter+1","theDuelist:Chewbone+1","theDuelist:RyuKokki+1","theDuelist:GhostrickMansion"],"picked":"theDuelist:GhostOgre+1","floor":42},{"not_picked":["theDuelist:SkullServant+1","theDuelist:GoblinZombie","theDuelist:SkullConductor","theDuelist:VendreadHoundhorde"],"picked":"theDuelist:GhostReaper","floor":44},{"not_picked":["theDuelist:VendreadNights+1","theDuelist:VendreadCharge","theDuelist:SoulRelease","theDuelist:RevendreadOrigin+1"],"picked":"theDuelist:MonsterReborn+1","floor":45},{"not_picked":["theDuelist:GhostrickGhoul+1","theDuelist:DesLacooda+1","theDuelist:VampireHunter","theDuelist:VampireGenesis"],"picked":"theDuelist:GhostOgre+1","floor":47}],"player_experience":195648,"relics_obtained":[{"floor":7,"key":"theDuelist:VampiricPendant"},{"floor":9,"key":"theDuelist:DuelistOrichalcum"},{"floor":12,"key":"theDuelist:DuelistTeaSet"},{"floor":22,"key":"theDuelist:SolderToken"},{"floor":24,"key":"Strawberry"},{"floor":26,"key":"theDuelist:MillenniumRing"},{"floor":28,"key":"Cables"},{"floor":43,"key":"Bag of Marbles"},{"floor":47,"key":"Pear"}],"event_choices":[{"damage_healed":0,"gold_gain":0,"player_choice":"Donut","damage_taken":0,"max_hp_gain":5,"max_hp_loss":0,"event_name":"Big Fish","floor":2,"gold_loss":0},{"damage_healed":0,"gold_gain":0,"player_choice":"Dig - random Duelist relic","duelist":true,"damage_taken":0,"max_hp_gain":0,"max_hp_loss":0,"event_name":"Aknamkanon\u0027s Tomb","floor":3,"gold_loss":0},{"damage_healed":0,"gold_gain":0,"player_choice":"Gave Potion","damage_taken":0,"relics_obtained":["PreservedInsect"],"max_hp_gain":0,"max_hp_loss":0,"event_name":"WeMeetAgain","floor":11,"gold_loss":0},{"damage_healed":0,"gold_gain":0,"player_choice":"Memory 1","damage_taken":0,"max_hp_gain":0,"max_hp_loss":0,"event_name":"SensoryStone","floor":39,"gold_loss":0},{"damage_healed":0,"gold_gain":0,"player_choice":"Took item - Received: Millennium Prayerbook","duelist":true,"damage_taken":0,"max_hp_gain":0,"max_hp_loss":0,"event_name":"Millennium Items","floor":48,"gold_loss":0}],"is_beta":false,"boss_relics":[{"not_picked":["SlaversCollar","Runic Dome"],"picked":"Fusion Hammer"},{"not_picked":["Mark of Pain","Velvet Choker"],"picked":"Philosopher\u0027s Stone"}],"items_purged_floors":[37],"is_endless":false,"potions_floor_spawned":[1,8,13,14,16,19,27,29,33,36,38,45],"ascension_level":3}}