{"host":"2n2g1vowfllvjtvi","time":1608803713,"event":{"mods":["AchievementEnabler","BaseMod","Custom Start","GifTheSpireLib","Keyboard Shortcuts","Minty Spire (QoL Compilation)","Quick Restart","Rare Cards Sparkle","StSLib","SuperFastMode"],"gold_per_floor":[110,185,185,62,62,62,96,106,106,6,6,21,34,54,54,128,128,148,148,165,196,9,39,39,56,104,104,104,104,104,116,116,190,190,190,190],"floor_reached":35,"playtime":833,"items_purged":["Strike_G","Strike_G"],"score":697,"play_id":"600b3c6c-494d-4aca-9da4-95beda184265","local_time":"20201224185513","is_ascension_mode":true,"campfire_choices":[{"data":"Neutralize","floor":6.0,"key":"SMITH"},{"data":"Acrobatics","floor":11.0,"key":"SMITH"},{"data":"Eviscerate","floor":15.0,"key":"SMITH"},{"floor":28,"key":"REST"},{"floor":30,"key":"REST"},{"floor":32,"key":"REST"}],"circlet_count":0,"master_deck":["AscendersBane","Survivor","Neutralize+1","Dagger Throw","Acrobatics+1","Heel Hook","Underhanded Strike","Backflip","Eviscerate+1","Grand Finale","Malaise","Outmaneuver","Adrenaline","Grand Finale","Catalyst","Setup","Flying Knee","Eviscerate","Prepared","Calculated Gamble","Apotheosis","Prepared","Reflex","Decay","After Image"],"relics":["Ring of the Snake","NeowsBlessing","Bird Faced Urn","Mummified Hand","Pandora\u0027s Box","Red Mask","Juzu Bracelet","StoneCalendar","Fusion Hammer"],"acts_visited":["Exordium","TheCity","TheBeyond"],"potions_floor_usage":[23],"damage_taken":[{"damage":0.0,"enemies":"Small Slimes","floor":1.0,"turns":1.0},{"damage":0.0,"enemies":"Lagavulin","floor":7.0,"turns":1.0},{"damage":0.0,"enemies":"2 Louse","floor":8.0,"turns":1.0},{"damage":0.0,"enemies":"Jaw Worm","floor":12.0,"turns":4.0},{"damage":6.0,"enemies":"Exordium Thugs","floor":13.0,"turns":5.0},{"damage":6.0,"enemies":"Red Slaver","floor":14.0,"turns":3.0},{"damage":16.0,"enemies":"The Guardian","floor":16.0,"turns":11.0},{"damage":0.0,"enemies":"3 Byrds","floor":18.0,"turns":3.0},{"damage":4.0,"enemies":"Chosen","floor":20.0,"turns":3.0},{"damage":6.0,"enemies":"Masked Bandits","floor":21.0,"turns":3.0},{"damage":16,"enemies":"Slavers","floor":23,"turns":3},{"damage":12,"enemies":"Centurion and Healer","floor":25,"turns":3},{"damage":0,"enemies":"Chosen and Byrds","floor":31,"turns":2},{"damage":29,"enemies":"Champ","floor":33,"turns":5},{"damage":0,"enemies":"3 Darklings","floor":35,"turns":1}],"seed_played":"-6900482561682621149","potions_obtained":[{"floor":7.0,"key":"Explosive Potion"},{"floor":13.0,"key":"Fire Potion"},{"floor":16.0,"key":"SneckoOil"},{"floor":18.0,"key":"Explosive Potion"},{"floor":21.0,"key":"Fire Potion"},{"floor":25,"key":"DistilledChaos"},{"floor":33,"key":"DistilledChaos"}],"is_trial":false,"path_per_floor":["M","?","?","$","?","R","E","M","T","$","R","M","M","M","R","B",null,"M","?","M","?","$","E","T","M","T","?","R","?","R","M","R","B",null,"M"],"character_chosen":"THE_SILENT","items_purchased":["Acrobatics","Apotheosis"],"campfire_rested":3,"item_purchase_floors":[4,22],"current_hp_per_floor":[59,48,41,41,46,46,46,46,46,46,46,46,40,34,34,18,58,58,58,54,48,48,32,32,20,20,1,22,22,43,43,64,35,62,62,62],"gold":190,"neow_bonus":"THREE_ENEMY_KILL","is_daily":false,"chose_seed":false,"campfire_upgraded":3,"win_rate":0.0,"timestamp":1608803713,"path_taken":["M","?","?","$","?","R","E","?","T","?","R","?","M","M","R","BOSS","M","?","M","?","$","E","?","M","T","?","R","?","R","M","R","BOSS","M"],"items_purchased_type":["Card","Card"],"build_version":"2020-12-22","purchased_purges":2,"victory":false,"max_hp_per_floor":[66,66,66,66,71,71,71,71,71,71,71,71,71,71,71,71,71,71,71,71,71,71,71,71,71,71,71,71,71,71,71,71,71,71,71,71],"card_choices":[{"not_picked":["Dodge and Roll","Flying Knee"],"picked":"Dagger Throw","floor":1.0},{"not_picked":["Infinite Blades","Sucker Punch"],"picked":"Heel Hook","floor":7.0},{"not_picked":["Deflect","Bane"],"picked":"Underhanded Strike","floor":8.0},{"not_picked":["Bane","Underhanded Strike"],"picked":"Backflip","floor":12.0},{"not_picked":["Cloak And Dagger","Expertise"],"picked":"Eviscerate","floor":13.0},{"not_picked":["Caltrops","Concentrate"],"picked":"Grand Finale","floor":14.0},{"not_picked":["Die Die Die","Unload"],"picked":"Malaise","floor":16.0},{"not_picked":["Cloak And Dagger","Finisher"],"picked":"Prepared","floor":18.0},{"not_picked":["Blade Dance","Poisoned Stab","Dodge and Roll"],"picked":"SKIP","floor":20.0},{"not_picked":["Flying Knee","Quick Slash"],"picked":"Calculated Gamble","floor":21.0},{"not_picked":["Setup","Sucker Punch","Prepared"],"picked":"SKIP","floor":23},{"not_picked":["Setup","Sucker Punch"],"picked":"Prepared","floor":23},{"not_picked":["Deflect","Sucker Punch"],"picked":"Reflex","floor":25},{"not_picked":["Backflip","Cloak And Dagger","Dagger Throw"],"picked":"SKIP","floor":31},{"not_picked":["Storm of Steel","Phantasmal Killer"],"picked":"After Image","floor":33}],"player_experience":441903,"relics_obtained":[{"floor":7.0,"key":"Bird Faced Urn"},{"floor":9.0,"key":"Mummified Hand"},{"floor":21.0,"key":"Red Mask"},{"floor":23,"key":"Juzu Bracelet"},{"floor":24,"key":"StoneCalendar"}],"event_choices":[{"damage_healed":0.0,"max_hp_gain":0.0,"max_hp_loss":0.0,"gold_gain":75.0,"event_name":"World of Goop","player_choice":"Gather Gold","floor":2.0,"gold_loss":0.0,"damage_taken":11.0},{"cards_removed":["Strike_G"],"damage_healed":0.0,"max_hp_gain":0.0,"max_hp_loss":0.0,"gold_gain":0.0,"event_name":"Golden Wing","player_choice":"Card Removal","floor":3.0,"gold_loss":0.0,"damage_taken":7.0},{"damage_healed":0.0,"max_hp_gain":5.0,"max_hp_loss":0.0,"gold_gain":0.0,"event_name":"Big Fish","player_choice":"Donut","floor":5.0,"gold_loss":0.0,"damage_taken":0.0},{"damage_healed":0.0,"max_hp_gain":0.0,"max_hp_loss":0.0,"gold_gain":0.0,"event_name":"Vampires","player_choice":"Ignored","floor":19.0,"gold_loss":0.0,"damage_taken":0.0},{"damage_healed":0.0,"max_hp_gain":0.0,"max_hp_loss":0.0,"gold_gain":0.0,"event_name":"Masked Bandits","player_choice":"Fought Bandits","floor":21.0,"gold_loss":0.0,"damage_taken":0.0},{"damage_healed":0,"gold_gain":0,"player_choice":"POTION POTION ","damage_taken":19,"max_hp_gain":0,"max_hp_loss":0,"event_name":"Knowing Skull","floor":27,"potions_obtained":["Ancient Potion","SkillPotion"],"gold_loss":0,"cards_obtained":[]},{"damage_healed":0,"gold_gain":0,"player_choice":"Smashed Altar","damage_taken":0,"max_hp_gain":0,"max_hp_loss":0,"event_name":"Forgotten Altar","floor":29,"gold_loss":0,"cards_obtained":["Decay"]}],"is_beta":false,"boss_relics":[{"not_picked":["Ring of the Serpent","SlaversCollar"],"picked":"Pandora\u0027s Box"},{"not_picked":["Philosopher\u0027s Stone","HoveringKite"],"picked":"Fusion Hammer"}],"items_purged_floors":[4,10],"is_endless":false,"potions_floor_spawned":[7,13,16,18,21,25,33],"killed_by":"3 Darklings","ascension_level":15}}