{"host":"46hhpd9tbruz5rpt","time":1608789808,"event":{"mods":["BaseMod","Marisa£®ÏF”Í°°ƒß¿Ì…≥£©","Minty Spire (QoL Compilation)","Quick Restart","Replay The Spire","StSLib","The Cursed"],"gold_per_floor":[110,35,35,48,48,88,88,107,407,430,330,365,240,255,255,383,383,408,423,27,27,27,58,74,174,174,174,22,47,47,67,67,193,193,217,241,260,284,109,109,150,150,173,173,212,227,258,58,58,58],"floor_reached":51,"playtime":3563,"items_purged":["Strike_MRS","Strike_MRS","Defend_MRS","Defend_MRS","Shame","MysteriousBeam"],"score":865,"play_id":"fd471404-ecdb-4642-9da2-28bf39614b93","local_time":"20201224140328","is_ascension_mode":false,"campfire_choices":[{"data":"MasterSpark","floor":7.0,"key":"SMITH"},{"data":"MilkyWay","floor":15.0,"key":"SMITH"},{"data":"Acceleration","floor":27.0,"key":"SMITH"},{"data":"PulseMagic","floor":40,"key":"SMITH"},{"data":"PropBag","floor":42,"key":"SMITH"},{"data":"Defend_MRS","floor":49,"key":"PURGE"}],"circlet_count":0,"master_deck":["Strike_MRS","Defend_MRS","MasterSpark+1","UpSweep","GrandCross","PulseMagic+1","SuperPerseids","MilkyWay+1","AsteroidBelt","MaximisePower","PropBag+1","ShootTheMoon","Acceleration+1","GalacticHalo+1","OrrerysSun+1","ShootingEcho","GrandCross","EscapeVelocity","Acceleration","OortCloud+1","OortCloud+1","MeteoricShower","EventHorizon","ShootingEcho+1","GasGiant+1"],"relics":["MiniHakkero","NeowsBlessing","Golden Idol","CultistMask","Replay:Kaleidoscope","Old Coin","Oddly Smooth Stone","Painkiller Herb","Onion Ring","Bronze Scales","Juzu Bracelet","White Beast Statue","Potion Belt","Orichalcum","Honey Jar","Replay:WaspNest","Toy Ornithopter","ReplayTheSpireMod:Lightbulb","Replay:Bottled Snecko"],"acts_visited":["Exordium","TheCity","TheBeyond"],"potions_floor_usage":[36,38,46,47,50],"damage_taken":[{"damage":0.0,"enemies":"Cultist","floor":1.0,"turns":1.0},{"damage":0.0,"enemies":"2 Louse","floor":4.0,"turns":2.0},{"damage":0.0,"enemies":"Gremlin Nob","floor":6.0,"turns":1.0},{"damage":0.0,"enemies":"Small Slimes","floor":8.0,"turns":2.0},{"damage":3.0,"enemies":"Red Slaver","floor":10.0,"turns":3.0},{"damage":8.0,"enemies":"3 Sentries","floor":12.0,"turns":8.0},{"damage":0.0,"enemies":"Blue Slaver","floor":14.0,"turns":3.0},{"damage":10.0,"enemies":"Slime Boss","floor":16.0,"turns":9.0},{"damage":0.0,"enemies":"Chosen","floor":18.0,"turns":3.0},{"damage":0.0,"enemies":"Spheric Guardian","floor":19.0,"turns":3.0},{"damage":24.0,"enemies":"Slavers","floor":23.0,"turns":4.0},{"damage":6.0,"enemies":"Shelled Parasite and Fungi","floor":24.0,"turns":3.0},{"damage":25.0,"enemies":"Centurion and Healer","floor":29.0,"turns":4.0},{"damage":0.0,"enemies":"Cultist and Chosen","floor":31.0,"turns":4.0},{"damage":31.0,"enemies":"Automaton","floor":33.0,"turns":7.0},{"damage":0.0,"enemies":"3 Darklings","floor":35.0,"turns":3.0},{"damage":0,"enemies":"3 Shapes","floor":36,"turns":1},{"damage":0,"enemies":"Transient","floor":37,"turns":5},{"damage":2,"enemies":"Spire Growth","floor":38,"turns":3},{"damage":0,"enemies":"R_Hoarder","floor":41,"turns":5},{"damage":0,"enemies":"Giant Head","floor":45,"turns":6},{"damage":0,"enemies":"3 Darklings","floor":46,"turns":3},{"damage":0,"enemies":"R_Hoarder","floor":47,"turns":5},{"damage":31,"enemies":"Awakened One","floor":50,"turns":8}],"seed_played":"-5663471052662849817","potions_obtained":[{"floor":1.0,"key":"Doom Potion"},{"floor":8.0,"key":"Energy Potion"},{"floor":14.0,"key":"PowerPotion"},{"floor":23.0,"key":"Toxic Potion"},{"floor":24.0,"key":"LiquidMemories"},{"floor":29.0,"key":"Explosive Potion"},{"floor":31.0,"key":"PowerPotion"},{"floor":33.0,"key":"BottledSpark"},{"floor":35.0,"key":"Elixir"},{"floor":36,"key":"Languid Potion"},{"floor":37,"key":"PowerPotion"},{"floor":38,"key":"DistilledChaos"},{"floor":41,"key":"PowerPotion"},{"floor":45,"key":"AttackPotion"},{"floor":46,"key":"FairyPotion"},{"floor":47,"key":"Swift Potion"}],"is_trial":false,"path_per_floor":["M","$","?","M","?","E","R","M","T","M","$","E","$","M","R","B",null,"?","?","T","?","?","E","?","?","T","T","T","?","?","?","T","B",null,"?","?","?","?","T","T","E","T","T","?","E","?","E","T","T","B",null],"character_chosen":"MARISA","items_purchased":["Onion Ring","Potion Belt"],"campfire_rested":0,"item_purchase_floors":[20,28],"current_hp_per_floor":[75,75,57,57,57,57,57,57,57,54,54,46,46,46,46,36,75,75,75,75,75,75,51,45,45,45,45,45,32,32,32,32,1,75,75,75,75,73,73,73,73,73,73,73,73,75,75,75,75,44],"gold":58,"neow_bonus":"THREE_ENEMY_KILL","is_daily":false,"chose_seed":false,"campfire_upgraded":5,"win_rate":0.0,"timestamp":1608789808,"path_taken":["M","$","?","M","?","E","R","?","T","M","$","E","$","M","R","BOSS","?","?","T","?","?","E","?","?","T","T","T","?","?","?","T","BOSS","?","?","?","?","T","T","E","T","T","?","E","?","E","T","T","BOSS"],"items_purchased_type":["Relic","Relic"],"build_version":"2020-12-22","purchased_purges":6,"victory":true,"max_hp_per_floor":[75,75,75,75,75,75,75,75,75,75,75,75,75,75,75,75,75,75,75,75,75,75,75,75,75,75,75,75,75,75,75,75,75,75,75,75,75,75,75,75,75,75,75,75,75,75,75,75,75,75],"card_choices":[{"not_picked":["MagicChant","IllusionStar"],"picked":"GrandCross","floor":1.0},{"not_picked":["WitchOfGreed","ChargingUp"],"picked":"PulseMagic","floor":4.0},{"not_picked":["6A","IllusionStar"],"picked":"SuperPerseids","floor":6.0},{"not_picked":["DoubleSpark","PowerUp"],"picked":"MilkyWay","floor":8.0},{"not_picked":["DoubleSpark","6A","UnstableBomb"],"picked":"SKIP","floor":10.0},{"not_picked":["GravityBeat","GasGiant","Occultation"],"picked":"SKIP","floor":12.0},{"not_picked":["PulseMagic","GrandCross"],"picked":"AsteroidBelt","floor":14.0},{"not_picked":["BinaryStars","ManaRampage"],"picked":"MaximisePower","floor":16.0},{"not_picked":["GravityBeat+1","WitchLeyline+1"],"picked":"PropBag","floor":18.0},{"not_picked":["ChargeUpSpray","UnstableBomb"],"picked":"ShootTheMoon","floor":19.0},{"not_picked":["FairyDestructionRay","SporeBomb"],"picked":"Acceleration","floor":23.0},{"not_picked":["PulseMagic","6A+1"],"picked":"GalacticHalo+1","floor":24.0},{"not_picked":["NonDirectionalLaser","SporeBomb"],"picked":"OrrerysSun+1","floor":29.0},{"not_picked":["SatelliteIllusion","IllusionStar"],"picked":"ShootingEcho","floor":31.0},{"not_picked":["JA","BlazingStar"],"picked":"EscapeVelocity","floor":33.0},{"not_picked":["DC","EnergyRecoil","GalacticHalo+1"],"picked":"Acceleration","floor":35.0},{"not_picked":["DarkSpark","GrandCross","GravityBeat+1"],"picked":"OortCloud+1","floor":36},{"not_picked":["PowerUp+1","WitchLeyline+1","WitchOfGreed+1"],"picked":"OortCloud+1","floor":37},{"not_picked":["MagicAbsorber","SporeBomb","GravityBeat"],"picked":"MeteoricShower","floor":38},{"not_picked":["ChargingUp","WitchOfGreed+1","SuperNova"],"picked":"EventHorizon","floor":41},{"not_picked":["SprinkleStarSeal","OneTimeOff","AsteroidBelt"],"picked":"ShootingEcho+1","floor":45},{"not_picked":["Acceleration","MysteriousBeam+1","BlazeAway+1"],"picked":"GasGiant+1","floor":46},{"not_picked":["GalacticHalo+1","SatelliteIllusion","GrandCross"],"picked":"MysteriousBeam","floor":47}],"player_experience":77178,"relics_obtained":[{"floor":6.0,"key":"Replay:Kaleidoscope"},{"floor":9.0,"key":"Old Coin"},{"floor":12.0,"key":"Oddly Smooth Stone"},{"floor":23.0,"key":"Juzu Bracelet"},{"floor":26.0,"key":"White Beast Statue"},{"floor":41,"key":"Replay:WaspNest"},{"floor":43,"key":"Toy Ornithopter"},{"floor":45,"key":"ReplayTheSpireMod:Lightbulb"},{"floor":47,"key":"Replay:Bottled Snecko"}],"event_choices":[{"damage_healed":0.0,"max_hp_gain":0.0,"max_hp_loss":0.0,"gold_gain":0.0,"event_name":"Golden Idol","player_choice":"Take Damage","floor":3.0,"gold_loss":0.0,"damage_taken":18.0,"relics_obtained":["Golden Idol"]},{"damage_healed":0.0,"max_hp_gain":0.0,"max_hp_loss":0.0,"gold_gain":0.0,"event_name":"FaceTrader","player_choice":"Trade","floor":5.0,"gold_loss":0.0,"damage_taken":0.0,"relics_obtained":["CultistMask"]},{"damage_healed":0.0,"max_hp_gain":0.0,"max_hp_loss":0.0,"gold_gain":0.0,"event_name":"Ghosts","player_choice":"Ignored","floor":21.0,"gold_loss":0.0,"damage_taken":0.0},{"damage_healed":0.0,"max_hp_gain":0.0,"max_hp_loss":0.0,"gold_gain":0.0,"event_name":"Addict","player_choice":"Stole Relic","floor":22.0,"gold_loss":0.0,"damage_taken":0.0,"relics_obtained":["Bronze Scales"],"cards_obtained":["Shame"]},{"damage_healed":0.0,"max_hp_gain":0.0,"max_hp_loss":0.0,"gold_gain":100.0,"event_name":"Golden Shrine","player_choice":"Pray","floor":25.0,"gold_loss":0.0,"damage_taken":0.0},{"damage_healed":0.0,"max_hp_gain":0.0,"max_hp_loss":0.0,"gold_gain":0.0,"event_name":"The Mausoleum","player_choice":"Opened","floor":30.0,"gold_loss":0.0,"damage_taken":0.0,"relics_obtained":["Orichalcum"]},{"damage_healed":0,"gold_gain":0,"player_choice":"Bought 0 Potions","damage_taken":0,"max_hp_gain":0,"max_hp_loss":0,"event_name":"The Woman in Blue","floor":44,"gold_loss":0}],"is_beta":false,"boss_relics":[{"not_picked":["BewitchedHakkero","Runic Pyramid"],"picked":"Painkiller Herb"},{"not_picked":["Sozu","Kintsugi"],"picked":"Honey Jar"}],"items_purged_floors":[2,11,13,20,39,48],"is_endless":false,"potions_floor_spawned":[1,8,14,16,23,24,29,31,33,35,36,37,38,41,45,46,47],"ascension_level":0}}