{"host":"btj53a7qlsawl9sy","time":1608779951,"event":{"mods":["Act Like it!","BaseMod","Better Vampires","Colored Powertips","Gensokyo","Luminous","Marisa（F雨　魔理沙）","Marked Mod","Minty Spire (QoL Compilation)","Quick Restart","Reimu（博丽灵梦）","Relic Stats","Remilia（蕾米莉亚）","Replay The Spire","Spicy Shops","StSLib","The Administrix","The Hierophant","The Servant 0.9.4","Waifu the Spire","WarShipGirlsR/战舰少女R mod","Youmu（魂魄妖梦）","Yuyuko","vexMod","【东方二次创作】八云紫mod","【遗物卡牌】REMEMod"],"gold_per_floor":[113,113,133,133,133,161,161,161,236,236,255,270,300,313,313,415,415,425,425,21,41,74,124,124,159,159,174,174,185,201,230,230,348,348,362,431,58,58,89,89,119,132,214,214,229,229,229,246,328,328],"floor_reached":51,"playtime":2545,"items_purged":[],"score":912,"play_id":"4e006fbe-7a35-4303-bc61-7449dc5255b1","local_time":"20201224111911","is_ascension_mode":true,"campfire_choices":[{"floor":10,"key":"REST"},{"data":"MastersStateliness","floor":15,"key":"SMITH"},{"floor":24,"key":"REST"},{"data":"DemonKingCradle","floor":28,"key":"SMITH"},{"data":"MiserableFate","floor":32,"key":"SMITH"},{"floor":40,"key":"RECALL"},{"floor":44,"key":"REST"},{"floor":47,"key":"REST"}],"circlet_count":0,"master_deck":["Strike_RM","Strike_RM","Strike_RM","Strike_RM","Defend_RM","Defend_RM","Defend_RM+1","Defend_RM","RedMoon","ScarletShoot","DiffusionOfMisfortune","MastersStateliness+1","NightDance","GlobalNightmare+1","Ultimatum","MiserableFate","DiffusionOfMisfortune","DemonKingCradle+1","StarOfDavid","FavorOfDestiny","FavorOfDestiny","CharismaGuard","EternalNight","ForecastOfChange","VampireKiss","MastersStateliness","MastersStateliness","ScarletImprint","MiserableFate+1","UnderTheZenith+1","UltimateOffering","KillingBlow","AfternoonTea","NightDance+1","TwelveNightmare","QueenOfMidnight","MastersStateliness+1","FitfulNightmare","BombardNight","CharismaGuard"],"relics":["ScarletHat","REME_ComplimentaryCards","NeowsBlessing","Gensokyo:PortableGap","Gensokyo:Mercy","CaptainsWheel","Gensokyo:CelestialsFlawlessClothing","Happy Flower","Kunai","Snack Pack","ScarletEmblem","Gensokyo:ChorusOfJoy","War Paint","HornCleat","vexMod:MemoryStick","Centennial Puzzle","Letter Opener","Fusion Hammer","Akabeko","vexMod:RetaliationKit","Strawberry","Boot","Toxic Egg 2"],"acts_visited":["Gensokyo:Gensokyo","Gensokyo:Gensokyoer","Gensokyo:Gensokyoest"],"potions_floor_usage":[16,22,33,33,33,39,41,45,45],"damage_taken":[{"damage":0,"enemies":"Gensokyo:2_Kodama","floor":1,"turns":1},{"damage":0,"enemies":"Gensokyo:Python","floor":3,"turns":1},{"damage":0,"enemies":"Gensokyo:Cirno","floor":6,"turns":2},{"damage":0,"enemies":"Gensokyo:Gryphon","floor":11,"turns":4},{"damage":9,"enemies":"Gensokyo:CorruptedTreant","floor":12,"turns":4},{"damage":0,"enemies":"Gensokyo:Mamizou","floor":13,"turns":12},{"damage":0,"enemies":"Gensokyo:LivingMonolith","floor":14,"turns":3},{"damage":48,"enemies":"Gensokyo:Yukari","floor":16,"turns":14},{"damage":0,"enemies":"Gensokyo:2_Gloops","floor":18,"turns":4},{"damage":6,"enemies":"Gensokyo:AngelMirror","floor":21,"turns":2},{"damage":18,"enemies":"Gensokyo:3_Gloops","floor":22,"turns":6},{"damage":16,"enemies":"Gensokyo:Reisen","floor":23,"turns":6},{"damage":0,"enemies":"Gensokyo:Wraith","floor":25,"turns":5},{"damage":0,"enemies":"Gensokyo:Swordslinger","floor":27,"turns":5},{"damage":3,"enemies":"Gensokyo:Mirror_and_Dog","floor":29,"turns":3},{"damage":15,"enemies":"Gensokyo:Wraith","floor":30,"turns":6},{"damage":14,"enemies":"Gensokyo:Tenshi","floor":31,"turns":5},{"damage":123,"enemies":"Gensokyo:Eternal_Rivals","floor":33,"turns":13},{"damage":8,"enemies":"Gensokyo:3_Boulders","floor":35,"turns":6},{"damage":0,"enemies":"Gensokyo:AncientGuardian","floor":39,"turns":7},{"damage":40,"enemies":"Gensokyo:Marisa","floor":41,"turns":4},{"damage":2,"enemies":"Gensokyo:3_Boulders","floor":42,"turns":4},{"damage":19,"enemies":"Gensokyo:4_Bats","floor":45,"turns":4},{"damage":11,"enemies":"Gensokyo:AtlasGolem","floor":48,"turns":6},{"damage":4,"enemies":"Gensokyo:Scarlet_Devils","floor":50,"turns":9}],"seed_played":"786134324181984034","potions_obtained":[{"floor":1,"key":"ZuzhouPotion:ReiMu"},{"floor":12,"key":"SteroidPotion"},{"floor":13,"key":"Adrenaline Potion"},{"floor":16,"key":"ColorlessPotion"},{"floor":22,"key":"ZuzhouPotion:ReiMu"},{"floor":27,"key":"MagicPotion:ReiMu"},{"floor":29,"key":"Ancient Potion"},{"floor":31,"key":"Toxic Potion"},{"floor":33,"key":"MagicPotion:ReiMu"},{"floor":33,"key":"MagicPotion:ReiMu"},{"floor":35,"key":"Death Potion"},{"floor":39,"key":"ColorlessPotion"},{"floor":39,"key":"CultistPotion"},{"floor":41,"key":"Weak Potion"},{"floor":45,"key":"Strength Potion"},{"floor":48,"key":"Fire Potion"}],"is_trial":false,"path_per_floor":["M","COS","M","?","?","E","?","?","T","R","M","M","E","M","R","B",null,"M","?","$","M","M","E","R","M","T","M","R","M","M","E","R","B",null,"M","?","$","?","M","R","E","M","T","R","M","?","R","M","R","B",null],"character_chosen":"REMILIA","items_purchased":["War Paint","HornCleat","FavorOfDestiny","CharismaGuard","vexMod:RetaliationKit","Strawberry"],"campfire_rested":4,"item_purchase_floors":[20,20,20,20,37,37],"current_hp_per_floor":[75,75,75,68,68,68,51,51,51,68,68,59,67,68,68,28,68,68,68,68,64,50,46,66,68,68,68,68,68,58,57,57,11,68,68,51,58,58,75,75,51,54,54,75,67,67,72,72,72,72],"gold":328,"neow_bonus":"THREE_ENEMY_KILL","is_daily":false,"chose_seed":false,"campfire_upgraded":3,"win_rate":0.0,"timestamp":1608779951,"path_taken":["M","COS","M","?","?","E","?","?","T","R","M","?","E","M","R","BOSS","M","?","$","M","M","E","R","M","T","M","R","M","?","E","R","BOSS","M","?","$","?","?","R","E","M","T","R","M","?","R","M","R","BOSS"],"items_purchased_type":["Relic","Relic","Card","Card","Relic","Relic"],"build_version":"2020-12-22","purchased_purges":0,"victory":true,"max_hp_per_floor":[75,75,75,68,68,68,68,68,68,68,68,68,68,68,68,68,68,68,68,68,68,68,68,68,68,68,68,68,68,68,68,68,68,68,68,68,75,75,75,75,75,75,75,75,75,75,72,72,72,72],"relic_stats":{"Centennial Puzzle":[30],"Happy Flower":[44],"counters":[25,136],"Kunai":[37],"Letter Opener":[109],"War Paint":["Defend_RM","GlobalNightmare"],"Boot":[31],"obtain_stats":[{"Gensokyo:ChorusOfJoy":19,"vexMod:MemoryStick":23,"NeowsBlessing":0,"Happy Flower":8,"ScarletEmblem":17,"Letter Opener":31,"Gensokyo:CelestialsFlawlessClothing":7,"War Paint":20,"Gensokyo:PortableGap":4,"Boot":41,"ScarletHat":0,"Akabeko":36,"CaptainsWheel":6,"Centennial Puzzle":26,"HornCleat":20,"Gensokyo:Mercy":5,"Strawberry":37,"Fusion Hammer":34,"Snack Pack":13,"Kunai":9,"Toxic Egg 2":43,"vexMod:RetaliationKit":37,"REME_ComplimentaryCards":0},{"Gensokyo:ChorusOfJoy":9,"vexMod:MemoryStick":12,"NeowsBlessing":0,"Happy Flower":3,"ScarletEmblem":8,"Letter Opener":17,"Gensokyo:CelestialsFlawlessClothing":3,"War Paint":9,"Gensokyo:PortableGap":2,"Boot":21,"ScarletHat":0,"Akabeko":19,"CaptainsWheel":3,"Centennial Puzzle":13,"HornCleat":9,"Gensokyo:Mercy":2,"Strawberry":19,"Fusion Hammer":18,"Snack Pack":6,"Kunai":3,"Toxic Egg 2":22,"vexMod:RetaliationKit":19,"REME_ComplimentaryCards":0},{"Gensokyo:ChorusOfJoy":45,"vexMod:MemoryStick":59,"NeowsBlessing":0,"Happy Flower":4,"ScarletEmblem":41,"Letter Opener":83,"Gensokyo:CelestialsFlawlessClothing":4,"War Paint":45,"Gensokyo:PortableGap":2,"Boot":113,"ScarletHat":0,"Akabeko":102,"CaptainsWheel":4,"Centennial Puzzle":64,"HornCleat":45,"Gensokyo:Mercy":2,"Strawberry":102,"Fusion Hammer":96,"Snack Pack":24,"Kunai":4,"Toxic Egg 2":117,"vexMod:RetaliationKit":102,"REME_ComplimentaryCards":0}]},"card_choices":[{"not_picked":["SuperhumanBloodyKnife","Stigmanizer"],"picked":"DiffusionOfMisfortune","floor":1},{"not_picked":["ReincarnationDial","ChainGang"],"picked":"MastersStateliness","floor":3},{"not_picked":["ReincarnationDial","StarOfDavid"],"picked":"VampireKiss","floor":6},{"not_picked":["RedMagic","EndlessAdversity"],"picked":"NightDance","floor":11},{"not_picked":["UnderTheZenith","BloodHunter"],"picked":"GlobalNightmare","floor":12},{"not_picked":["VampireKiss","RedRainbow"],"picked":"Ultimatum","floor":13},{"not_picked":["Stigmanizer","BlasphemousPunishment"],"picked":"MiserableFate","floor":14},{"not_picked":["DevilSight","BloodHunter"],"picked":"DiffusionOfMisfortune","floor":14},{"not_picked":["CeilingFear","ScarletMeister"],"picked":"DemonKingCradle","floor":16},{"not_picked":["FavorOfDestiny","HunterOfTheNight+1"],"picked":"StarOfDavid","floor":18},{"not_picked":["RedRainbow","ScarletSymphony"],"picked":"EternalNight","floor":21},{"not_picked":["NightDance","BlasphemousPunishment"],"picked":"ForecastOfChange","floor":22},{"not_picked":["EternalNight","BlasphemousPunishment","BadLadyScramble+1"],"picked":"SKIP","floor":22},{"not_picked":["ScarletDream+1","VampireSweep"],"picked":"VampireKiss","floor":23},{"not_picked":["VampireKiss","TwelveNightmare"],"picked":"MastersStateliness","floor":25},{"not_picked":["DevilSight","VampireKiss"],"picked":"MastersStateliness","floor":27},{"not_picked":["BloodHunter+1","TwelveNightmare+1"],"picked":"ScarletImprint","floor":29},{"not_picked":["HunterOfTheNight","Stigmanizer"],"picked":"MiserableFate","floor":29},{"not_picked":["RedRainbow","BadLadyScramble"],"picked":"UnderTheZenith+1","floor":30},{"not_picked":["ScarletDevil+1","EternalNight+1"],"picked":"UltimateOffering","floor":31},{"not_picked":["HeartBreak","ForecastOfChange"],"picked":"KillingBlow","floor":33},{"not_picked":["RedMagic","NightDance"],"picked":"AfternoonTea","floor":35},{"not_picked":["EndlessAdversity","CharismaGuard"],"picked":"NightDance+1","floor":36},{"not_picked":["FavorOfDestiny","ReincarnationDial"],"picked":"TwelveNightmare","floor":39},{"not_picked":["StarOfDavid","BloodAndWine+1"],"picked":"QueenOfMidnight","floor":41},{"not_picked":["VampireKiss+1","HunterOfTheNight+1"],"picked":"MastersStateliness+1","floor":41},{"not_picked":["BombardNight","ScarletNetherworld"],"picked":"FitfulNightmare","floor":42},{"not_picked":["VampirishNight+1","BloodHunter+1"],"picked":"BombardNight","floor":45},{"not_picked":["UnderTheZenith+1","RedRainbow"],"picked":"CharismaGuard","floor":48}],"player_experience":128855,"relics_obtained":[{"floor":6,"key":"CaptainsWheel"},{"floor":9,"key":"Kunai"},{"floor":13,"key":"Snack Pack"},{"floor":23,"key":"vexMod:MemoryStick"},{"floor":26,"key":"Centennial Puzzle"},{"floor":31,"key":"Letter Opener"},{"floor":36,"key":"Akabeko"},{"floor":41,"key":"Boot"},{"floor":43,"key":"Toxic Egg 2"}],"event_choices":[],"is_beta":false,"boss_relics":[{"not_picked":["vexMod:ImprovementManual","SlaversCollar"],"picked":"ScarletEmblem"},{"not_picked":["ChewingGum","Abe\u0027s Treasure"],"picked":"Fusion Hammer"}],"items_purged_floors":[],"is_endless":false,"potions_floor_spawned":[1,12,13,16,18,27,29,31,45,48],"ascension_level":1}}