{"host":"qiqz0nmt5d7mxurh","time":1608795681,"event":{"mods":["Act Like it!","BaseMod","Colored Powertips","Koishi","Marisa????????","Minty Spire (QoL Compilation)","Quick Restart","StSLib","The Administrix","The Servant 0.9.4"],"gold_per_floor":[115,135,153,23,73,73,85,114,114,131,131,148,148,213,213,292,292,304,229,229,248,267,267,267,267],"floor_reached":24,"playtime":850,"items_purged":["Strike_G"],"score":396,"play_id":"0a7401c4-3ef2-418e-90e5-6703e3a32f1b","local_time":"20201224181121","is_ascension_mode":true,"campfire_choices":[{"data":"Neutralize","floor":6,"key":"SMITH"},{"floor":11,"key":"REST"},{"data":"Crippling Poison","floor":13,"key":"SMITH"},{"data":"Bouncing Flask","floor":15,"key":"SMITH"},{"data":"Adrenaline","floor":23,"key":"SMITH"}],"circlet_count":0,"master_deck":["AscendersBane","Strike_G","Strike_G","Strike_G","Defend_G","Defend_G","Defend_G","Defend_G","Survivor","Neutralize+1","Terror","Footwork","Bouncing Flask+1","Deflect","Poisoned Stab","Deflect","Flying Knee+1","Dagger Throw+1","Crippling Poison+1","Adrenaline+1","Footwork","Noxious Fumes","Noxious Fumes"],"relics":["Ring of the Serpent","Molten Egg 2","Paper Crane"],"acts_visited":["Exordium","TheCity"],"potions_floor_usage":[16,18],"damage_taken":[{"damage":0.0,"enemies":"2 Louse","floor":1.0,"turns":2.0},{"damage":0.0,"enemies":"Cultist","floor":2.0,"turns":4.0},{"damage":2,"enemies":"Small Slimes","floor":3,"turns":4},{"damage":8,"enemies":"3 Louse","floor":7,"turns":5},{"damage":32,"enemies":"3 Sentries","floor":8,"turns":14},{"damage":0,"enemies":"2 Fungi Beasts","floor":10,"turns":4},{"damage":0,"enemies":"Blue Slaver","floor":12,"turns":3},{"damage":6,"enemies":"Hexaghost","floor":16,"turns":7},{"damage":9,"enemies":"3 Byrds","floor":18,"turns":5},{"damage":0,"enemies":"Chosen","floor":21,"turns":4},{"damage":11,"enemies":"Shelled Parasite and Fungi","floor":22,"turns":7},{"damage":47,"enemies":"Masked Bandits","floor":24,"turns":3}],"seed_played":"-1502670001541270132","potions_obtained":[{"floor":1.0,"key":"Strength Potion"},{"floor":3,"key":"Weak Potion"},{"floor":21,"key":"FearPotion"}],"is_trial":false,"path_per_floor":["M","M","M","$","?","R","M","E","T","M","R","M","R","?","R","B",null,"M","?","?","M","M","R","?"],"character_chosen":"THE_SILENT","items_purchased":["Poisoned Stab"],"campfire_rested":1,"item_purchase_floors":[4],"current_hp_per_floor":[59,59,57,57,51,51,43,11,11,11,30,30,30,30,30,24,56,47,47,47,47,36,36,0,0],"gold":267,"neow_bonus":"TRANSFORM_CARD","is_daily":false,"chose_seed":false,"campfire_upgraded":4,"win_rate":0.0,"timestamp":1608795681,"path_taken":["M","M","M","$","?","R","?","E","T","M","R","M","R","?","R","BOSS","M","?","?","M","M","R","?"],"items_purchased_type":["Card"],"build_version":"2020-12-22","purchased_purges":1,"victory":false,"max_hp_per_floor":[66,66,66,66,66,66,66,66,66,66,66,66,66,66,66,66,66,66,66,66,66,66,66,66,66],"card_choices":[{"not_picked":["Masterful Stab","Finisher"],"picked":"Footwork","floor":1.0},{"not_picked":["PiercingWail","Backflip"],"picked":"Bouncing Flask","floor":2.0},{"not_picked":["Sucker Punch","Cloak And Dagger"],"picked":"Deflect","floor":3},{"not_picked":["Underhanded Strike","Skewer"],"picked":"Deflect","floor":7},{"not_picked":["Acrobatics","Prepared"],"picked":"Flying Knee+1","floor":8},{"not_picked":["Finisher+1","Outmaneuver"],"picked":"Dagger Throw+1","floor":10},{"not_picked":["Expertise","Acrobatics"],"picked":"Crippling Poison","floor":12},{"not_picked":["Storm of Steel","Tools of the Trade"],"picked":"Adrenaline","floor":16},{"not_picked":["Flying Knee+1","Skewer+1"],"picked":"Footwork","floor":18},{"not_picked":["Backflip","Infinite Blades"],"picked":"Noxious Fumes","floor":21},{"not_picked":["Flying Knee+1","Eviscerate+1"],"picked":"Noxious Fumes","floor":22}],"player_experience":1283354,"relics_obtained":[{"floor":8,"key":"Molten Egg 2"},{"floor":9,"key":"Paper Crane"}],"event_choices":[{"damage_healed":0,"gold_gain":50,"player_choice":"Touch","damage_taken":6,"max_hp_gain":0,"max_hp_loss":0,"event_name":"FaceTrader","floor":5,"gold_loss":0},{"damage_healed":0,"gold_gain":65,"player_choice":"Gained Gold","damage_taken":0,"max_hp_gain":0,"max_hp_loss":0,"event_name":"Golden Wing","floor":14,"gold_loss":0},{"cards_removed":["Strike_G"],"damage_healed":0,"gold_gain":0,"player_choice":"Gave Gold","damage_taken":0,"max_hp_gain":0,"max_hp_loss":0,"event_name":"Beggar","floor":19,"gold_loss":75},{"damage_healed":0,"gold_gain":0,"player_choice":"Ignored","damage_taken":0,"max_hp_gain":0,"max_hp_loss":0,"event_name":"Vampires","floor":20,"gold_loss":0},{"damage_healed":0,"gold_gain":0,"player_choice":"Fought Bandits","damage_taken":0,"max_hp_gain":0,"max_hp_loss":0,"event_name":"Masked Bandits","floor":24,"gold_loss":0}],"is_beta":false,"boss_relics":[{"not_picked":["Coffee Dripper","Velvet Choker"],"picked":"Ring of the Serpent"}],"items_purged_floors":[4],"is_endless":false,"potions_floor_spawned":[1,3,21],"killed_by":"Masked Bandits","ascension_level":20}}