{"host":"Jedit","time":1608834760,"event":{"mods":["BaseMod","Minty Spire (QoL Compilation)","Relic Stats","StSLib"],"gold_per_floor":[110,260,260,286,38,38,51,78,78,78,78,109,109,26,26,26,26],"floor_reached":16,"playtime":385,"items_purged":["Doubt"],"score":258,"play_id":"9a1d52ab-1f6c-4f98-994b-e82d0f3db0aa","local_time":"20201224183240","is_ascension_mode":true,"campfire_choices":[{"data":"Flechettes","floor":6,"key":"SMITH"},{"data":"Deadly Poison","floor":10,"key":"SMITH"},{"data":"Catalyst","floor":13,"key":"SMITH"},{"data":"Blur","floor":15,"key":"SMITH"}],"circlet_count":0,"master_deck":["AscendersBane","Strike_G","Strike_G","Strike_G","Strike_G","Strike_G","Defend_G","Defend_G","Defend_G","Defend_G","Defend_G","Survivor","Neutralize","Catalyst+1","Flechettes+1","Blur+1","Deadly Poison+1","Dagger Throw","Escape Plan","Predator"],"relics":["Ring of the Snake","NeowsBlessing","Smiling Mask","Bottled Lightning","Lizard Tail","Golden Idol","Prayer Wheel"],"acts_visited":["Exordium"],"potions_floor_usage":[12,16],"damage_taken":[{"damage":0,"enemies":"2 Louse","floor":1,"turns":1},{"damage":0,"enemies":"Jaw Worm","floor":7,"turns":1},{"damage":0,"enemies":"Gremlin Nob","floor":8,"turns":1},{"damage":22,"enemies":"3 Sentries","floor":12,"turns":10},{"damage":31,"enemies":"Slime Boss","floor":16,"turns":10}],"seed_played":"-4939604532260323933","potions_obtained":[{"floor":8,"key":"SkillPotion"}],"is_trial":false,"path_per_floor":["M","?","?","T","$","R","M","E","T","R","?","E","R","$","R","B"],"character_chosen":"THE_SILENT","items_purchased":["Flechettes","LiquidMemories","Blur","Predator"],"campfire_rested":0,"item_purchase_floors":[5,5,5,14],"current_hp_per_floor":[59,59,64,64,64,64,64,64,64,64,64,42,42,42,42,11,11],"gold":26,"neow_bonus":"THREE_ENEMY_KILL","is_daily":false,"chose_seed":false,"campfire_upgraded":4,"win_rate":0.0,"timestamp":1608834760,"path_taken":["M","?","?","?","$","R","M","E","T","R","?","E","R","$","R","BOSS"],"items_purchased_type":["Card","Potion","Card","Card"],"build_version":"2020-12-18","purchased_purges":1,"victory":false,"max_hp_per_floor":[66,66,71,71,71,71,71,71,71,71,64,64,64,64,64,64,64],"relic_stats":{"Lizard Tail":0,"counters":[5,23],"Golden Idol":6,"Prayer Wheel":0,"Smiling Mask":25,"obtain_stats":[{"Lizard Tail":9,"NeowsBlessing":0,"Golden Idol":11,"Prayer Wheel":12,"Bottled Lightning":8,"Smiling Mask":4,"Ring of the Snake":0},{"Lizard Tail":3,"NeowsBlessing":0,"Golden Idol":3,"Prayer Wheel":4,"Bottled Lightning":3,"Smiling Mask":1,"Ring of the Snake":0},{"Lizard Tail":3,"NeowsBlessing":0,"Golden Idol":3,"Prayer Wheel":13,"Bottled Lightning":3,"Smiling Mask":1,"Ring of the Snake":0}],"Ring of the Snake":[10]},"card_choices":[{"not_picked":["Cloak And Dagger","Caltrops"],"picked":"Catalyst","floor":1},{"not_picked":["Outmaneuver","Dodge and Roll"],"picked":"Deadly Poison","floor":7},{"not_picked":["Concentrate","Underhanded Strike"],"picked":"Dagger Throw","floor":8},{"not_picked":["Prepared","Acrobatics"],"picked":"Escape Plan","floor":12}],"player_experience":3399563,"relics_obtained":[{"floor":4,"key":"Smiling Mask"},{"floor":8,"key":"Bottled Lightning"},{"floor":9,"key":"Lizard Tail"},{"floor":12,"key":"Prayer Wheel"}],"event_choices":[{"damage_healed":0,"gold_gain":150,"player_choice":"AGREE","damage_taken":0,"max_hp_gain":0,"max_hp_loss":0,"event_name":"Liars Game","floor":2,"gold_loss":0,"cards_obtained":["Doubt"]},{"damage_healed":0,"gold_gain":0,"player_choice":"Donut","damage_taken":0,"max_hp_gain":5,"max_hp_loss":0,"event_name":"Big Fish","floor":3,"gold_loss":0},{"damage_healed":0,"gold_gain":0,"player_choice":"Lose Max HP","damage_taken":0,"relics_obtained":["Golden Idol"],"max_hp_gain":0,"max_hp_loss":7,"event_name":"Golden Idol","floor":11,"gold_loss":0}],"is_beta":true,"boss_relics":[],"items_purged_floors":[5],"is_endless":false,"potions_floor_spawned":[8],"killed_by":"Slime Boss","ascension_level":20}}