{"host":"zxkjcgzis4pm3za5","time":1608784063,"event":{"mods":["AchievementEnabler","BaseMod","Colored Map","Colored Powertips","Minty Spire (QoL Compilation)","Quick Restart","RNG Fix","Random Character Button","StSLib"],"gold_per_floor":[116,129,129,142,142,142,92,108,108,139,139,178,178,214,214,340,340,360,285,210,233,233,273,273,307,307,307,343,343,362,283,283,403,403,423,277,295,309,409,450,450,473,498,498,522,565,565,565,565,565,565,565,31,64,64,64],"floor_reached":55,"playtime":2278,"items_purged":[],"score":1340,"play_id":"e6ebdf9c-6c68-4bf0-8219-ce22bf9ea386","local_time":"20201224095743","is_ascension_mode":true,"campfire_choices":[{"data":"Buffer","floor":6.0,"key":"SMITH"},{"data":"Sunder","floor":11.0,"key":"SMITH"},{"data":"Electrodynamics","floor":13.0,"key":"SMITH"},{"data":"Doom and Gloom","floor":15.0,"key":"SMITH"},{"data":"Thunder Strike","floor":24,"key":"SMITH"},{"data":"Tempest","floor":27,"key":"SMITH"},{"data":"Echo Form","floor":29,"key":"SMITH"},{"floor":32,"key":"RECALL"},{"data":"Seek","floor":41,"key":"SMITH"},{"data":"Undo","floor":47,"key":"SMITH"},{"data":"Creative AI","floor":49,"key":"SMITH"},{"data":"Madness","floor":52,"key":"SMITH"}],"circlet_count":0,"master_deck":["Zap","Dualcast","Genetic Algorithm","Turbo","Electrodynamics+1","Buffer+1","Beam Cell","Sunder+1","BootSequence","Streamline","Doom and Gloom+1","Go for the Eyes","Undo+1","Seek+1","Tempest+1","Thunder Strike+1","Ball Lightning","Melter","Echo Form+1","Leap","Machine Learning","Creative AI+1","Coolheaded+1","Madness+1","Madness","Reboot","Flash of Steel"],"relics":["Pandora\u0027s Box","Golden Idol","WingedGreaves","Cables","Eternal Feather","Bag of Preparation","Nuclear Battery","Orichalcum","Lizard Tail","StrikeDummy","Busted Crown","Art of War","PreservedInsect","Ancient Tea Set","Question Card","DataDisk","Strawberry","Strange Spoon","Vajra"],"acts_visited":["Exordium","TheCity","TheBeyond","TheEnding"],"potions_floor_usage":[23,33,46,55,55,55],"damage_taken":[{"damage":0.0,"enemies":"Small Slimes","floor":1.0,"turns":3.0},{"damage":5.0,"enemies":"2 Louse","floor":2.0,"turns":3.0},{"damage":0.0,"enemies":"Cultist","floor":4.0,"turns":2.0},{"damage":0.0,"enemies":"Blue Slaver","floor":8.0,"turns":3.0},{"damage":0.0,"enemies":"Lagavulin","floor":10.0,"turns":5.0},{"damage":0.0,"enemies":"Gremlin Nob","floor":12.0,"turns":4.0},{"damage":10.0,"enemies":"Lagavulin","floor":14.0,"turns":4.0},{"damage":0.0,"enemies":"Slime Boss","floor":16.0,"turns":9.0},{"damage":6.0,"enemies":"2 Thieves","floor":18.0,"turns":3.0},{"damage":2.0,"enemies":"Shell Parasite","floor":21.0,"turns":4.0},{"damage":7,"enemies":"Slavers","floor":23,"turns":2},{"damage":0,"enemies":"Gremlin Leader","floor":25,"turns":4},{"damage":22,"enemies":"Book of Stabbing","floor":28,"turns":5},{"damage":0,"enemies":"Snake Plant","floor":30,"turns":2},{"damage":18,"enemies":"Automaton","floor":33,"turns":7},{"damage":0,"enemies":"3 Darklings","floor":35,"turns":1},{"damage":0,"enemies":"Orb Walker","floor":37,"turns":3},{"damage":0,"enemies":"Transient","floor":38,"turns":5},{"damage":0,"enemies":"Nemesis","floor":40,"turns":7},{"damage":0,"enemies":"4 Shapes","floor":42,"turns":4},{"damage":2,"enemies":"Jaw Worm Horde","floor":45,"turns":3},{"damage":0,"enemies":"Reptomancer","floor":46,"turns":3},{"damage":24,"enemies":"Time Eater","floor":50,"turns":7},{"damage":36,"enemies":"Shield and Spear","floor":54,"turns":3},{"damage":83,"enemies":"The Heart","floor":55,"turns":8}],"seed_played":"8286767289022938903","potions_obtained":[{"floor":2.0,"key":"AttackPotion"},{"floor":10.0,"key":"PowerPotion"},{"floor":14.0,"key":"BlessingOfTheForge"},{"floor":23,"key":"SteroidPotion"},{"floor":28,"key":"Fire Potion"},{"floor":30,"key":"Dexterity Potion"},{"floor":33,"key":"SmokeBomb"},{"floor":35,"key":"FearPotion"},{"floor":54,"key":"Dexterity Potion"}],"is_trial":false,"path_per_floor":["M","M","?","M","?","R","?","M","T","E","R","E","R","E","R","B",null,"M","$","?","M","?","E","R","E","T","R","E","R","M","$","R","B",null,"M","$","M","M","?","E","R","M","T","?","M","E","R","?","R","B",null,"R","$","E","B"],"character_chosen":"DEFECT","items_purchased":["Thunder Strike","Machine Learning","Art of War","DataDisk","Strawberry","Strange Spoon","LiquidBronze"],"campfire_rested":0,"item_purchase_floors":[19,31,36,53,53,53,53],"current_hp_per_floor":[68,63,63,63,63,63,63,63,63,63,63,63,69,59,68,68,69,63,63,63,61,61,54,63,63,63,69,47,56,56,56,68,50,64,64,64,64,64,64,64,69,69,69,60,58,58,69,69,69,45,63,69,76,40,0,0],"gold":64,"neow_bonus":"BOSS_RELIC","is_daily":false,"chose_seed":false,"campfire_upgraded":11,"win_rate":0.0,"timestamp":1608784063,"path_taken":["M","?","?","M","?","R","?","M","T","E","R","E","R","E","R","BOSS","M","?","?","M","?","E","R","E","T","R","E","R","M","?","R","BOSS","M","$","M","M","?","E","R","?","T","?","M","E","R","?","R","BOSS","R","$","E","BOSS"],"items_purchased_type":["Card","Card","Relic","Relic","Relic","Relic","Potion"],"build_version":"2020-12-22","purchased_purges":0,"victory":false,"max_hp_per_floor":[75,75,69,69,69,69,69,69,69,69,69,69,69,69,69,69,69,69,69,69,69,69,69,69,69,69,69,69,69,69,69,69,69,69,69,69,69,69,69,69,69,69,69,69,69,69,69,69,69,69,69,69,76,76,76,76],"card_choices":[{"not_picked":["Undo","Go for the Eyes"],"picked":"BootSequence","floor":1.0},{"not_picked":["Stack","Redo"],"picked":"Streamline","floor":2.0},{"not_picked":["Leap","Defragment"],"picked":"Doom and Gloom","floor":4.0},{"not_picked":["Streamline","Turbo"],"picked":"Go for the Eyes","floor":8.0},{"not_picked":["Steam","Barrage"],"picked":"Stack","floor":10.0},{"not_picked":["Redo","Force Field","Barrage"],"picked":"SKIP","floor":12.0},{"not_picked":["Thunder Strike","Heatsinks"],"picked":"Undo","floor":14.0},{"not_picked":["Echo Form","Buffer"],"picked":"Seek","floor":16.0},{"not_picked":["Storm","Hello World+1"],"picked":"Tempest","floor":18.0},{"not_picked":["Force Field","Stack+1","Streamline"],"picked":"SKIP","floor":21.0},{"not_picked":["Heatsinks","Cold Snap"],"picked":"Ball Lightning","floor":23},{"not_picked":["Sweeping Beam","Streamline"],"picked":"Melter","floor":25},{"not_picked":["Ball Lightning","Coolheaded"],"picked":"Echo Form","floor":28},{"not_picked":["Turbo","Stack"],"picked":"Leap","floor":30},{"not_picked":["Buffer","Multi-Cast"],"picked":"Creative AI","floor":33},{"not_picked":["Redo+1"],"picked":"SKIP","floor":35},{"not_picked":[],"picked":"Coolheaded+1","floor":37},{"not_picked":["Barrage+1"],"picked":"SKIP","floor":38},{"not_picked":["Redo+1"],"picked":"SKIP","floor":40},{"not_picked":["Leap"],"picked":"SKIP","floor":42},{"not_picked":["Chaos"],"picked":"SKIP","floor":45},{"not_picked":["Rip and Tear"],"picked":"SKIP","floor":46},{"not_picked":["Double Energy","Recycle"],"picked":"SKIP","floor":54}],"player_experience":132683,"relics_obtained":[{"floor":9.0,"key":"WingedGreaves"},{"floor":10.0,"key":"Cables"},{"floor":12.0,"key":"Eternal Feather"},{"floor":14.0,"key":"Bag of Preparation"},{"floor":23,"key":"Orichalcum"},{"floor":25,"key":"Lizard Tail"},{"floor":28,"key":"StrikeDummy"},{"floor":40,"key":"PreservedInsect"},{"floor":43,"key":"Ancient Tea Set"},{"floor":46,"key":"Question Card"},{"floor":54,"key":"Vajra"}],"event_choices":[{"damage_healed":0.0,"max_hp_gain":0.0,"max_hp_loss":6.0,"gold_gain":0.0,"event_name":"Golden Idol","player_choice":"Lose Max HP","floor":3.0,"gold_loss":0.0,"damage_taken":0.0,"relics_obtained":["Golden Idol"]},{"damage_healed":0.0,"max_hp_gain":0.0,"max_hp_loss":0.0,"gold_gain":0.0,"event_name":"Liars Game","player_choice":"Ignored","floor":5.0,"gold_loss":0.0,"damage_taken":0.0},{"cards_removed":["Blizzard"],"damage_healed":0.0,"max_hp_gain":0.0,"max_hp_loss":0.0,"gold_gain":0.0,"event_name":"The Cleric","player_choice":"Card Removal","floor":7.0,"gold_loss":50.0,"damage_taken":0.0},{"cards_removed":["Barrage"],"damage_healed":0.0,"max_hp_gain":0.0,"max_hp_loss":0.0,"gold_gain":0.0,"event_name":"Beggar","player_choice":"Gave Gold","floor":20.0,"gold_loss":75.0,"damage_taken":0.0},{"cards_removed":["Stack"],"damage_healed":0.0,"max_hp_gain":0.0,"max_hp_loss":0.0,"gold_gain":0.0,"event_name":"Back to Basics","player_choice":"Elegance","floor":22.0,"gold_loss":0.0,"damage_taken":0.0},{"damage_healed":0,"gold_gain":100,"player_choice":"Pray","damage_taken":0,"max_hp_gain":0,"max_hp_loss":0,"event_name":"Golden Shrine","floor":39,"gold_loss":0},{"damage_healed":0,"gold_gain":0,"player_choice":"Embrace Madness","damage_taken":9,"max_hp_gain":0,"max_hp_loss":0,"event_name":"Winding Halls","floor":44,"gold_loss":0,"cards_obtained":["Madness","Madness"]},{"damage_healed":0,"gold_gain":0,"player_choice":"2 cards matched","damage_taken":0,"max_hp_gain":0,"max_hp_loss":0,"event_name":"Match and Keep!","floor":48,"gold_loss":0,"cards_obtained":["Reboot","Flash of Steel"]}],"is_beta":false,"boss_relics":[{"not_picked":["Black Star","Calling Bell"],"picked":"Nuclear Battery"},{"not_picked":["Fusion Hammer","Inserter"],"picked":"Busted Crown"}],"items_purged_floors":[],"is_endless":false,"potions_floor_spawned":[2,10,14,23,28,30,33,35,45,54],"killed_by":"The Heart","ascension_level":9}}