{"host":"fevvm7bbzuh4s1jc","time":1608854113,"event":{"mods":["BaseMod","Highlight Path","Minty Spire (QoL Compilation)","Relic Stats"],"gold_per_floor":[211,211,9,28,38,58,84,84,109,34,34,50,50,66,66,142,142,154,154,154,173,29,54,54,54,54],"floor_reached":25,"playtime":1096,"items_purged":["Strike_G","Bite"],"score":467,"play_id":"a5aab737-3187-4288-bea0-b46dad2f1b3c","local_time":"20201224185513","is_ascension_mode":true,"campfire_choices":[{"data":"Crippling Poison","floor":8,"key":"SMITH"},{"data":"Skewer","floor":11,"key":"SMITH"},{"data":"Dagger Spray","floor":13,"key":"SMITH"},{"data":"Caltrops","floor":15,"key":"SMITH"}],"circlet_count":0,"master_deck":["AscendersBane","Defend_G","Defend_G","Defend_G","Defend_G","Survivor","Neutralize","Crippling Poison+1","Terror","PiercingWail","Skewer+1","Dagger Spray+1","Endless Agony","Caltrops+1","Adrenaline","Distraction+1","Riddle With Holes+1","All Out Attack+1","Leg Sweep","Bite","Bite","Bite","Bite","Noxious Fumes","Leg Sweep"],"relics":["Ring of the Snake","Oddly Smooth Stone","Nunchaku","Snake Skull","Astrolabe","Enchiridion","Calipers"],"acts_visited":["Exordium","TheCity"],"potions_floor_usage":[14,23,25],"damage_taken":[{"damage":0,"enemies":"2 Louse","floor":1,"turns":5},{"damage":0,"enemies":"Cultist","floor":4,"turns":4},{"damage":4,"enemies":"Small Slimes","floor":5,"turns":3},{"damage":5,"enemies":"Blue Slaver","floor":6,"turns":6},{"damage":24,"enemies":"Gremlin Nob","floor":7,"turns":4},{"damage":0,"enemies":"3 Louse","floor":12,"turns":1},{"damage":14,"enemies":"Exordium Wildlife","floor":14,"turns":6},{"damage":17,"enemies":"Hexaghost","floor":16,"turns":9},{"damage":15,"enemies":"Shell Parasite","floor":18,"turns":3},{"damage":7,"enemies":"Chosen","floor":21,"turns":5},{"damage":28,"enemies":"Gremlin Leader","floor":23,"turns":6},{"damage":9,"enemies":"Snecko","floor":25,"turns":3}],"seed_played":"4685053027120022611","potions_obtained":[{"floor":4,"key":"Explosive Potion"},{"floor":6,"key":"Regen Potion"},{"floor":7,"key":"LiquidMemories"},{"floor":16,"key":"Explosive Potion"},{"floor":18,"key":"Weak Potion"},{"floor":23,"key":"Energy Potion"}],"is_trial":false,"path_per_floor":["M","?","$","M","M","M","E","R","T","?","R","M","R","M","R","B",null,"M","?","?","M","$","E","$","M"],"character_chosen":"THE_SILENT","items_purchased":["Crippling Poison","Terror","Leg Sweep"],"campfire_rested":0,"item_purchase_floors":[3,3,22],"current_hp_per_floor":[59,59,59,59,55,50,26,26,26,26,26,26,26,27,27,10,52,37,16,16,21,21,3,3,0,0],"gold":54,"neow_bonus":"HUNDRED_GOLD","is_daily":false,"chose_seed":false,"campfire_upgraded":4,"win_rate":0.0,"timestamp":1608854113,"path_taken":["M","?","$","?","M","M","E","R","T","?","R","M","R","M","R","BOSS","M","?","?","M","$","E","$","M"],"items_purchased_type":["Card","Card","Card"],"build_version":"2020-12-22","purchased_purges":2,"victory":false,"max_hp_per_floor":[66,66,66,66,66,66,66,66,66,66,66,66,66,66,66,66,66,66,66,46,46,46,46,46,46,46],"relic_stats":{"Nunchaku":[5],"counters":[12,55],"Astrolabe":["Distraction","Riddle With Holes","All Out Attack"],"Snake Skull":[21],"obtain_stats":[{"Nunchaku":7,"Calipers":23,"Astrolabe":17,"Oddly Smooth Stone":2,"Enchiridion":19,"Snake Skull":9,"Ring of the Snake":0},{"Nunchaku":5,"Calipers":11,"Astrolabe":8,"Oddly Smooth Stone":1,"Enchiridion":9,"Snake Skull":5,"Ring of the Snake":0},{"Nunchaku":22,"Calipers":52,"Astrolabe":38,"Oddly Smooth Stone":5,"Enchiridion":41,"Snake Skull":22,"Ring of the Snake":0}],"Ring of the Snake":[27]},"card_choices":[{"not_picked":["Quick Slash","Deflect"],"picked":"Noxious Fumes","floor":1},{"not_picked":["Slice","Cloak And Dagger"],"picked":"PiercingWail","floor":4},{"not_picked":["Dodge and Roll","Wraith Form v2"],"picked":"Skewer","floor":5},{"not_picked":["Dagger Throw","Choke"],"picked":"Dagger Spray","floor":6},{"not_picked":["All Out Attack","Backflip"],"picked":"Endless Agony","floor":7},{"not_picked":["Sucker Punch","Expertise"],"picked":"Caltrops","floor":12},{"not_picked":["Cloak And Dagger","Catalyst","Flechettes"],"picked":"SKIP","floor":14},{"not_picked":["Grand Finale","Malaise"],"picked":"Adrenaline","floor":16},{"not_picked":["Dagger Throw","Underhanded Strike"],"picked":"Leg Sweep","floor":18},{"not_picked":["Acrobatics","Cloak And Dagger"],"picked":"Noxious Fumes","floor":21},{"not_picked":["Cloak And Dagger","Grand Finale","Poisoned Stab"],"picked":"SKIP","floor":23}],"player_experience":2578558,"relics_obtained":[{"floor":7,"key":"Nunchaku"},{"floor":9,"key":"Snake Skull"},{"floor":19,"key":"Enchiridion"},{"floor":23,"key":"Calipers"}],"event_choices":[{"cards_removed":["Noxious Fumes"],"damage_healed":0,"gold_gain":0,"player_choice":"Gave Card","damage_taken":0,"relics_obtained":["Oddly Smooth Stone"],"max_hp_gain":0,"max_hp_loss":0,"event_name":"WeMeetAgain","floor":2,"gold_loss":0},{"cards_removed":["Strike_G"],"damage_healed":0,"gold_gain":0,"player_choice":"Card Removal","damage_taken":0,"max_hp_gain":0,"max_hp_loss":0,"event_name":"The Cleric","floor":10,"gold_loss":75},{"damage_healed":0,"gold_gain":0,"player_choice":"Obtained Book","damage_taken":21,"max_hp_gain":0,"max_hp_loss":0,"event_name":"Cursed Tome","floor":19,"gold_loss":0},{"damage_healed":0,"gold_gain":0,"player_choice":"Became a vampire","damage_taken":0,"max_hp_gain":0,"max_hp_loss":20,"event_name":"Vampires","floor":20,"gold_loss":0,"cards_obtained":["Bite","Bite","Bite","Bite","Bite"]}],"is_beta":false,"boss_relics":[{"not_picked":["Sozu","WristBlade"],"picked":"Astrolabe"}],"items_purged_floors":[3,22],"is_endless":false,"potions_floor_spawned":[4,6,7,16,18,23],"killed_by":"Snecko","ascension_level":20}}