{"host":"zh52cun1g5egmafn","time":1608831822,"event":{"mods":["AchievementEnabler","Arknights The Spire","BaseMod","DeckTracker","Highlight Path","Minty Spire (QoL Compilation)","StSLib"],"gold_per_floor":[118,118,43,58,69,69,84,84,84,84,84,84,103,121,121,225,225,240,256,282,294,61,89,99,99,99],"floor_reached":25,"playtime":871,"items_purged":["ats:Strike V","ats:Strike S"],"score":215,"play_id":"50400ecc-52e9-48cc-9e08-9f2cc6a4dd32","local_time":"20201225024342","is_ascension_mode":false,"campfire_choices":[{"data":"ats:Blood Oath","floor":6.0,"key":"SMITH"},{"data":"1","floor":12.0,"key":"LIFT"},{"data":"2","floor":15.0,"key":"LIFT"}],"circlet_count":0,"master_deck":["ats:Strike C","ats:Strike G","ats:Armor Crushing Shot","ats:Defend","ats:Defend","ats:Defend","ats:Defend","ats:Emotion Absorption","ats:Cat Scratch","ats:Blood Oath+1","ats:Thorns","ats:True Silver Slash","ats:Soul Rend","ats:Encircling Forest"],"relics":["ats:Sanity","Matryoshka","MealTicket","Sundial","ats:Rhine Circuitry","Girya","Red Mask","ats:Originium","Shuriken"],"acts_visited":["Exordium","TheCity"],"potions_floor_usage":[],"damage_taken":[{"damage":9.0,"enemies":"Small Slimes","floor":1.0,"turns":4.0},{"damage":0.0,"enemies":"2 Louse","floor":4.0,"turns":3.0},{"damage":5.0,"enemies":"Jaw Worm","floor":5.0,"turns":4.0},{"damage":12.0,"enemies":"Gremlin Gang","floor":7.0,"turns":6.0},{"damage":9.0,"enemies":"3 Louse","floor":13.0,"turns":4.0},{"damage":12.0,"enemies":"Large Slime","floor":14.0,"turns":6.0},{"damage":48.0,"enemies":"Hexaghost","floor":16.0,"turns":8.0},{"damage":36.0,"enemies":"Chosen","floor":18.0,"turns":7.0},{"damage":32.0,"enemies":"Spheric Guardian","floor":19.0,"turns":6.0},{"damage":5.0,"enemies":"Masked Bandits","floor":20.0,"turns":2.0},{"damage":38.0,"enemies":"Centurion and Healer","floor":21.0,"turns":7.0},{"damage":29.0,"enemies":"Slavers","floor":23.0,"turns":4.0},{"damage":16,"enemies":"Sentry and Sphere","floor":24,"turns":4},{"damage":0,"enemies":"Snake Plant","floor":25,"turns":1}],"seed_played":"-1370425810017608395","potions_obtained":[{"floor":7.0,"key":"FearPotion"},{"floor":13.0,"key":"Weak Potion"},{"floor":14.0,"key":"SkillPotion"},{"floor":21.0,"key":"ats:Emergency Sanity Potion"},{"floor":24,"key":"Energy Potion"}],"is_trial":false,"path_per_floor":["M","?","$","M","M","R","M","$","T","?","T","R","M","M","R","B",null,"M","M","?","M","$","E","M","M"],"character_chosen":"DOCTOR_CLASS","items_purchased":["ats:Encircling Forest","AttackPotion"],"campfire_rested":0,"item_purchase_floors":[22,22],"current_hp_per_floor":[70,63,63,63,64,64,67,67,67,67,67,67,68,71,71,38,79,48,34,34,17,32,8,2,2,2],"gold":99,"neow_bonus":"TEN_PERCENT_HP_BONUS","is_daily":false,"chose_seed":false,"campfire_upgraded":1,"win_rate":0.0,"timestamp":1608831822,"path_taken":["M","?","$","M","M","R","M","$","T","?","?","R","M","?","R","BOSS","M","M","?","M","$","E","M","M"],"items_purchased_type":["Card","Potion"],"build_version":"2020-12-22","purchased_purges":2,"victory":false,"max_hp_per_floor":[79,79,79,79,79,79,79,79,79,79,79,79,79,79,79,79,79,79,79,79,79,79,79,79,79,79],"card_choices":[{"not_picked":["ats:Apocalypse","ats:Hammer On"],"picked":"ats:Cat Scratch","floor":1.0},{"not_picked":["ats:Flame Of Heaven","ats:Beaten Up"],"picked":"ats:Blood Oath","floor":4.0},{"not_picked":["ats:Hammer On","ats:Neurotoxin","ats:Counter Healing Mode"],"picked":"SKIP","floor":5.0},{"not_picked":["ats:Explosion Area Strengthen","ats:Curse Doll"],"picked":"ats:Thorns","floor":7.0},{"not_picked":["ats:Defend Order","ats:Hammer On"],"picked":"ats:True Silver Slash","floor":13.0},{"not_picked":["ats:Steam Pump","ats:Cat Scratch","ats:Childhood Dance"],"picked":"SKIP","floor":14.0},{"not_picked":["ats:Dogmatic Field","ats:Disruption Kick"],"picked":"ats:Soul Rend","floor":16.0},{"not_picked":["ats:Consecutive Shot Auto","ats:Apocalypse","ats:Beaten Up"],"picked":"SKIP","floor":18.0},{"not_picked":["ats:Apocalypse","ats:Mental Burst","ats:Ignite"],"picked":"SKIP","floor":19.0},{"not_picked":["ats:Leaping Hammer","ats:Powerful Strike","ats:Explosion Area Strengthen+1"],"picked":"SKIP","floor":21.0},{"not_picked":["ats:Ignite+1","ats:Encircling Forest+1","ats:Shell Defense"],"picked":"SKIP","floor":23.0},{"not_picked":["ats:Shell Defense","ats:Leaping Hammer","ats:Poison Spread+1"],"picked":"SKIP","floor":24}],"player_experience":170893,"relics_obtained":[{"floor":9.0,"key":"MealTicket"},{"floor":9.0,"key":"Sundial"},{"floor":11.0,"key":"ats:Rhine Circuitry"},{"floor":11.0,"key":"Girya"},{"floor":20.0,"key":"Red Mask"},{"floor":23.0,"key":"ats:Originium"},{"floor":23.0,"key":"Shuriken"}],"event_choices":[{"damage_healed":0.0,"max_hp_gain":0.0,"max_hp_loss":0.0,"gold_gain":0.0,"event_name":"Scrap Ooze","player_choice":"Success","floor":2.0,"gold_loss":0.0,"damage_taken":7.0,"relics_obtained":["Matryoshka"]},{"damage_healed":0.0,"max_hp_gain":0.0,"max_hp_loss":0.0,"gold_gain":0.0,"event_name":"Dead Adventurer","player_choice":"Searched \u00270\u0027 times","floor":10.0,"gold_loss":0.0,"damage_taken":0.0},{"damage_healed":0.0,"max_hp_gain":0.0,"max_hp_loss":0.0,"gold_gain":0.0,"event_name":"Masked Bandits","player_choice":"Fought Bandits","floor":20.0,"gold_loss":0.0,"damage_taken":0.0}],"is_beta":false,"boss_relics":[{"not_picked":["Snecko Eye","Runic Dome","Astrolabe"]}],"items_purged_floors":[3,22],"is_endless":false,"potions_floor_spawned":[7,13,14,21,24],"killed_by":"Snake Plant","ascension_level":0}}