{"host":"08nxni9rwzvm98vp","time":1608804617,"event":{"mods":["AchievementEnabler","BaseMod","Card Forge","Colored Powertips","Googly Eyes","Highlight Path","Marisa£¨Ùöéë¡¡Øª×âÞÞ£©","Minty Spire (QoL Compilation)","Quick Restart","Rare Cards Sparkle","StSLib","SuperFastMode"],"gold_per_floor":[110,110,185,195,195,195,95,95,95,126,126,137,137,37,37,142,142,156,156,156,172,172,172,191,219,219,169,569,569,569,569],"floor_reached":30,"playtime":795,"items_purged":["Strike_MRS","Strike_MRS","WitchLeyline+1"],"score":359,"play_id":"382f43e3-98c2-41bb-9e4e-1f93b72824ab","local_time":"20201224191017","is_ascension_mode":true,"campfire_choices":[{"data":"OrrerysSun","floor":6.0,"key":"SMITH"},{"data":"AsteroidBelt","floor":8.0,"key":"SMITH"},{"data":"StarBarrage","floor":15.0,"key":"SMITH"},{"data":"UltimateShortwave","floor":23.0,"key":"SMITH"},{"data":"MillisecondPulsars","floor":29,"key":"SMITH"}],"circlet_count":0,"master_deck":["Strike_MRS+1","Defend_MRS","Defend_MRS","Defend_MRS","Defend_MRS","MasterSpark+1","UpSweep","OrrerysSun+1","AsteroidBelt+1","StarBarrage+1","UltimateShortwave+1","PowerUp","Necronomicurse","EventHorizon","MillisecondPulsars+1","OrrerysSun+1"],"relics":["MiniHakkero","Hammer of Thor","Seething Fire","Anvil of the Gods","Potion Belt","Whetstone","Bag of Preparation","SlaversCollar","Necronomicon","Smiling Mask","MealTicket","Old Coin","Toxic Egg 2"],"acts_visited":["Exordium","TheCity"],"potions_floor_usage":[25,28],"damage_taken":[{"damage":1.0,"enemies":"Jaw Worm","floor":1.0,"turns":3.0},{"damage":1.0,"enemies":"2 Louse","floor":4.0,"turns":2.0},{"damage":14.0,"enemies":"Gremlin Nob","floor":10.0,"turns":6.0},{"damage":0.0,"enemies":"Small Slimes","floor":12.0,"turns":2.0},{"damage":6.0,"enemies":"Slime Boss","floor":16.0,"turns":6.0},{"damage":5.0,"enemies":"Chosen","floor":18.0,"turns":4.0},{"damage":0.0,"enemies":"Shell Parasite","floor":21.0,"turns":5.0},{"damage":6.0,"enemies":"Centurion and Healer","floor":24.0,"turns":6.0},{"damage":46,"enemies":"Slavers","floor":25,"turns":6},{"damage":0,"enemies":"Colosseum Slavers","floor":28,"turns":1},{"damage":5,"enemies":"Colosseum Nobs","floor":28,"turns":4},{"damage":21,"enemies":"Snake Plant","floor":30,"turns":1}],"seed_played":"2063372733944437174","potions_obtained":[{"floor":1.0,"key":"ColorlessPotion"},{"floor":12.0,"key":"SmokeBomb"},{"floor":18.0,"key":"SpeedPotion"},{"floor":21.0,"key":"Fire Potion"}],"is_trial":false,"path_per_floor":["M","?","?","M","?","R","$","R","T","E","?","M","T","$","R","B",null,"M","?","T","M","?","R","M","E","T","$","?","R","M"],"character_chosen":"MARISA","items_purchased":["AsteroidBelt"],"campfire_rested":0,"item_purchase_floors":[7],"current_hp_per_floor":[74,79,68,67,67,67,67,67,67,53,46,46,46,46,46,40,80,75,59,59,59,59,59,53,7,7,22,17,17,0,0],"gold":569,"neow_bonus":"UPGRADE_CARD","is_daily":false,"chose_seed":false,"campfire_upgraded":5,"win_rate":0.0,"timestamp":1608804617,"path_taken":["M","?","?","M","?","R","$","R","T","E","?","M","?","$","R","BOSS","M","?","?","M","?","R","M","E","T","$","?","R","?"],"items_purchased_type":["Card"],"build_version":"2020-12-22","purchased_purges":3,"victory":false,"max_hp_per_floor":[75,80,80,80,80,80,80,80,80,80,80,80,80,80,80,80,80,80,80,80,80,80,80,80,80,80,80,80,80,80,80],"card_choices":[{"not_picked":["EventHorizon","DragonMeteor"],"picked":"OrrerysSun","floor":1.0},{"not_picked":["DeepEcoloBomb","NonDirectionalLaser"],"picked":"WitchLeyline","floor":4.0},{"not_picked":["PowerUp","AsteroidBelt"],"picked":"StarBarrage","floor":10.0},{"not_picked":["OneTimeOff","SporeBomb","IllusionStar"],"picked":"SKIP","floor":12.0},{"not_picked":["MaximisePower","SuperNova"],"picked":"UltimateShortwave","floor":16.0},{"not_picked":["MysteriousBeam+1","OpenUniverse"],"picked":"PowerUp","floor":18.0},{"not_picked":["MilkyWay","Acceleration"],"picked":"EventHorizon","floor":21.0},{"not_picked":["SporeBomb","GasGiant"],"picked":"MillisecondPulsars","floor":24.0},{"not_picked":["UnstableBomb","IllusionStar","GravityBeat+1"],"picked":"SKIP","floor":25},{"not_picked":["EscapeVelocity","IllusionStar+1"],"picked":"OrrerysSun+1","floor":28}],"player_experience":649990,"relics_obtained":[{"floor":9.0,"key":"Potion Belt"},{"floor":10.0,"key":"Whetstone"},{"floor":13.0,"key":"Bag of Preparation"},{"floor":19.0,"key":"Necronomicon"},{"floor":20.0,"key":"Smiling Mask"},{"floor":25,"key":"MealTicket"},{"floor":28,"key":"Old Coin"},{"floor":28,"key":"Toxic Egg 2"}],"event_choices":[{"damage_healed":0.0,"max_hp_gain":5.0,"max_hp_loss":0.0,"gold_gain":0.0,"event_name":"Big Fish","player_choice":"Donut","floor":2.0,"gold_loss":0.0,"damage_taken":0.0},{"damage_healed":0.0,"max_hp_gain":0.0,"max_hp_loss":0.0,"gold_gain":75.0,"event_name":"World of Goop","player_choice":"Gather Gold","floor":3.0,"gold_loss":0.0,"damage_taken":11.0},{"damage_healed":0.0,"max_hp_gain":0.0,"max_hp_loss":0.0,"gold_gain":0.0,"event_name":"Liars Game","player_choice":"Ignored","floor":5.0,"gold_loss":0.0,"damage_taken":0.0},{"cards_removed":["Strike_MRS"],"damage_healed":0.0,"max_hp_gain":0.0,"max_hp_loss":0.0,"gold_gain":0.0,"event_name":"Golden Wing","player_choice":"Card Removal","floor":11.0,"gold_loss":0.0,"damage_taken":7.0},{"damage_healed":0.0,"max_hp_gain":0.0,"max_hp_loss":0.0,"gold_gain":0.0,"event_name":"Cursed Tome","player_choice":"Obtained Book","floor":19.0,"gold_loss":0.0,"damage_taken":16.0},{"damage_healed":0.0,"max_hp_gain":0.0,"max_hp_loss":0.0,"gold_gain":0.0,"event_name":"Vampires","player_choice":"Ignored","floor":22.0,"gold_loss":0.0,"damage_taken":0.0},{"damage_healed":0,"gold_gain":0,"player_choice":"Fight","damage_taken":0,"max_hp_gain":0,"max_hp_loss":0,"event_name":"Colosseum","floor":28,"gold_loss":0},{"damage_healed":0,"gold_gain":0,"player_choice":"Fought Nobs","damage_taken":0,"max_hp_gain":0,"max_hp_loss":0,"event_name":"Colosseum","floor":28,"gold_loss":0}],"is_beta":false,"boss_relics":[{"not_picked":["Busted Crown","ExperimentalFamiliar"],"picked":"SlaversCollar"}],"items_purged_floors":[7,14,27],"is_endless":false,"potions_floor_spawned":[1,12,18,21],"killed_by":"Snake Plant","ascension_level":1}}