{"host":"chv1qanoipyt46jc","time":1608770169,"event":{"mods":["2.2 Compatiblity","AchievementEnabler","BaseMod","BetterRewards","CapriCore","Card Filter","Conspire","Gold Saver","Grow up Mod","Minty Spire (QoL Compilation)","Rare Cards Sparkle","Relic Filter","Remove Card Discount Mod","Reorder Act Four","StSLib","The Poker Player"],"gold_per_floor":[848,923,923,938,949,980,980,1010,1010,1010,1030,1044,1071,1086,1086,1188,1188,1207,1225,1201,1214,1214,1214,1214,1214,1214,1226,1226,1226,1059,1075,1075,1174,1174,1188,1184,1197,1197,1211,1242,1242,1242,1242,1254,1298,1324,1353,1392,1404,1416,1428,1440,1452,1498,1510],"floor_reached":56,"playtime":1857,"items_purged":["PokerPlayerMod:Diamond1","PokerPlayerMod:Club1","PokerPlayerMod:Spade1","PokerPlayerMod:TrumpStrike","PokerPlayerMod:Diamond3","PokerPlayerMod:Diamond4","PokerPlayerMod:Diamond5","PokerPlayerMod:Club2","PokerPlayerMod:Spade2","PokerPlayerMod:Spade3","PokerPlayerMod:Spade4","PokerPlayerMod:Spade5","PokerPlayerMod:Heart2","PokerPlayerMod:Heart4","PokerPlayerMod:Club3","PokerPlayerMod:Club3","PokerPlayerMod:Club5","PokerPlayerMod:BadJoker","PokerPlayerMod:Club5","PokerPlayerMod:Club5"],"score":1702,"play_id":"e358a27c-a8ab-468d-86ff-2de56373c66a","local_time":"20201223183609","is_ascension_mode":false,"metric_token":1042,"campfire_choices":[{"data":"PokerPlayerMod:Club5","floor":7,"key":"SMITH"},{"data":"PokerPlayerMod:Club4","floor":15,"key":"SMITH"},{"data":"PokerPlayerMod:Mulligan","floor":23,"key":"SMITH"},{"data":"PokerPlayerMod:Club7","floor":25,"key":"SMITH"},{"data":"PokerPlayerMod:Club8","floor":28,"key":"SMITH"},{"floor":32,"key":"RECALL"},{"data":"PokerPlayerMod:Club9","floor":41,"key":"SMITH"},{"data":"PokerPlayerMod:Club5","floor":44,"key":"SMITH"},{"data":"PokerPlayerMod:Club9","floor":49,"key":"SMITH"},{"data":"PokerPlayerMod:Club6","floor":53,"key":"SMITH"}],"circlet_count":0,"master_deck":["PokerPlayerMod:Club8","PokerPlayerMod:ClubShade","PokerPlayerMod:ClubShade","PokerPlayerMod:Club7","PokerPlayerMod:Club10+","PokerPlayerMod:Club10+","PokerPlayerMod:Club6","PokerPlayerMod:Club10+","PokerPlayerMod:Club8","PokerPlayerMod:Club10+"],"relics":["PokerPlayerMod:DeckCase","Medical Kit","PokerPlayerMod:ClubPass","conspire:InfiniteJournal","Juzu Bracelet","Letter Opener","PokerPlayerMod:BrokenClock","Black Star","PokerPlayerMod:BottledPoker","Nloth\u0027s Gift","Coffee Dripper","PokerPlayerMod:FairLicense","HornCleat","MawBank","Bronze Scales","Anchor","Pen Nib","Vajra","Oddly Smooth Stone"],"acts_visited":["Exordium","TheCity","TheBeyond","TheEnding"],"potions_floor_usage":[55,55],"damage_taken":[{"damage":5,"enemies":"2 Louse","floor":1,"turns":3},{"damage":1,"enemies":"conspire:RoseBush","floor":4,"turns":3},{"damage":0,"enemies":"Cultist","floor":5,"turns":3},{"damage":27,"enemies":"Gremlin Nob","floor":6,"turns":5},{"damage":23,"enemies":"Lagavulin","floor":8,"turns":7},{"damage":5,"enemies":"3 Louse","floor":11,"turns":2},{"damage":0,"enemies":"Blue Slaver","floor":12,"turns":1},{"damage":20,"enemies":"Gremlin Nob","floor":13,"turns":5},{"damage":1,"enemies":"Looter","floor":14,"turns":2},{"damage":69,"enemies":"Hexaghost","floor":16,"turns":7},{"damage":4,"enemies":"Chosen","floor":18,"turns":4},{"damage":20,"enemies":"2 Thieves","floor":19,"turns":2},{"damage":0,"enemies":"Centurion and Healer","floor":21,"turns":1},{"damage":2,"enemies":"Snecko","floor":27,"turns":3},{"damage":0,"enemies":"Snake Plant","floor":31,"turns":1},{"damage":0,"enemies":"Collector","floor":33,"turns":3},{"damage":0,"enemies":"3 Shapes","floor":35,"turns":1},{"damage":0,"enemies":"Orb Walker","floor":37,"turns":2},{"damage":0,"enemies":"Spire Growth","floor":39,"turns":2},{"damage":3,"enemies":"Giant Head","floor":40,"turns":4},{"damage":13,"enemies":"Nemesis","floor":45,"turns":3},{"damage":0,"enemies":"Maw","floor":46,"turns":3},{"damage":0,"enemies":"4 Shapes","floor":47,"turns":1},{"damage":0,"enemies":"conspire:MimicChest","floor":48,"turns":2},{"damage":0,"enemies":"Awakened One","floor":50,"turns":3},{"damage":0,"enemies":"Shield and Spear","floor":54,"turns":2},{"damage":8,"enemies":"The Heart","floor":55,"turns":4}],"seed_played":"7519249956260262728","potions_obtained":[{"floor":6,"key":"SteroidPotion"},{"floor":8,"key":"SkillPotion"},{"floor":12,"key":"Regen Potion"},{"floor":31,"key":"conspire:TimeTravelPotion"}],"is_trial":false,"path_per_floor":["M","?","?","M","M","E","R","E","T","?","M","M","E","M","R","B",null,"M","M","$","M","?","R","?","R","T","M","R","?","$","M","R","B",null,"M","$","M","?","M","E","R","?","T","R","E","M","M","?","R","B",null,"$","R","E","B",null],"character_chosen":"THE_POKER_PLAYER","items_purchased":["Medical Kit","PokerPlayerMod:Club7","Molten Egg 2","PokerPlayerMod:ClubPass","PokerPlayerMod:ClubShade","conspire:InfiniteJournal","PokerPlayerMod:ClubShade","PokerPlayerMod:Club9"],"campfire_rested":0,"item_purchase_floors":[0,0,0,0,0,0,0,30],"current_hp_per_floor":[39,38,48,64,86,78,88,84,94,104,113,135,131,144,154,101,232,242,232,242,252,199,209,219,229,239,247,257,267,277,287,297,307,407,417,427,437,447,457,464,474,484,494,504,501,511,521,531,541,551,577,587,597,607,613],"gold":1522,"neow_bonus":"","is_daily":false,"chose_seed":false,"campfire_upgraded":9,"win_rate":0.0,"timestamp":1608770169,"path_taken":["M","?","?","M","M","E","R","E","T","?","M","M","E","M","R","BOSS","M","M","$","M","?","R","?","R","T","M","R","?","$","M","R","BOSS","M","$","M","?","M","E","R","?","T","R","E","M","M","?","R","BOSS","$","R","E","BOSS"],"items_purchased_type":["Relic","Card","Relic","Relic","Card","Relic","Card","Card"],"build_version":"2020-12-22","purchased_purges":20,"victory":true,"max_hp_per_floor":[72,82,92,102,112,122,132,142,152,162,172,182,192,202,212,222,232,242,252,262,272,287,297,307,317,327,337,347,357,367,377,387,397,407,417,427,437,447,457,467,477,487,497,507,517,527,537,547,557,567,577,587,597,607,617],"card_choices":[{"not_picked":["PokerPlayerMod:JackOfSpades","PokerPlayerMod:Diamond6"],"picked":"PokerPlayerMod:Heart4","floor":1},{"not_picked":["PokerPlayerMod:Diamond2","PokerPlayerMod:MagicTrick"],"picked":"PokerPlayerMod:Spade5","floor":4},{"not_picked":["PokerPlayerMod:Diamond2","PokerPlayerMod:Spade2","PokerPlayerMod:Configure"],"picked":"SKIP","floor":5},{"not_picked":["PokerPlayerMod:DamnStraight","PokerPlayerMod:Spade1"],"picked":"PokerPlayerMod:Club5","floor":6},{"not_picked":["PokerPlayerMod:Diamond1","PokerPlayerMod:Configure"],"picked":"PokerPlayerMod:Club10+","floor":8},{"not_picked":["PokerPlayerMod:JackOfSpades","PokerPlayerMod:Spade3"],"picked":"PokerPlayerMod:Club3","floor":11},{"not_picked":["PokerPlayerMod:JackOfSpades","PokerPlayerMod:Spade4"],"picked":"PokerPlayerMod:Club8","floor":12},{"not_picked":["PokerPlayerMod:Spade3","PokerPlayerMod:WildCard"],"picked":"PokerPlayerMod:Club5","floor":13},{"not_picked":["PokerPlayerMod:Diamond3","PokerPlayerMod:CardPrinter"],"picked":"PokerPlayerMod:Club4","floor":14},{"not_picked":["PokerPlayerMod:Diamond9","PokerPlayerMod:Diamond10+"],"picked":"PokerPlayerMod:Club10+","floor":16},{"not_picked":["PokerPlayerMod:FillThePot","PokerPlayerMod:Diamond4"],"picked":"PokerPlayerMod:Club5","floor":18},{"not_picked":["PokerPlayerMod:DartThrow+1","PokerPlayerMod:Fold+1"],"picked":"PokerPlayerMod:Club3","floor":19},{"not_picked":["PokerPlayerMod:ClubShade","PokerPlayerMod:Harden"],"picked":"PokerPlayerMod:Club8","floor":21},{"not_picked":["PokerPlayerMod:FillThePot","PokerPlayerMod:Club3","PokerPlayerMod:Harden"],"picked":"SKIP","floor":27},{"not_picked":["PokerPlayerMod:ClubsClub","PokerPlayerMod:Diamond2","PokerPlayerMod:DiamondStrike"],"picked":"SKIP","floor":31},{"not_picked":["PokerPlayerMod:Club5","PokerPlayerMod:Spade7","PokerPlayerMod:CloakAndDiamond"],"picked":"SKIP","floor":35},{"not_picked":["PokerPlayerMod:Diamond6","PokerPlayerMod:HeartStrike+1","PokerPlayerMod:Spade1"],"picked":"SKIP","floor":37},{"not_picked":["PokerPlayerMod:SpadeStrike+1","PokerPlayerMod:DartThrow+1","PokerPlayerMod:Diamond1"],"picked":"SKIP","floor":39},{"not_picked":["PokerPlayerMod:Heart1","PokerPlayerMod:HeartStrike","PokerPlayerMod:TheDieIsCast"],"picked":"SKIP","floor":40},{"not_picked":["PokerPlayerMod:Spade9","PokerPlayerMod:WildCard","PokerPlayerMod:SpadeStrike+1"],"picked":"SKIP","floor":45},{"not_picked":["PokerPlayerMod:Diamond10+","PokerPlayerMod:MagicTrick","PokerPlayerMod:Diamond5"],"picked":"SKIP","floor":46},{"not_picked":["PokerPlayerMod:Diamond1","PokerPlayerMod:Spade10+","PokerPlayerMod:Diamond5"],"picked":"SKIP","floor":47},{"not_picked":["PokerPlayerMod:Club6","PokerPlayerMod:Club1","PokerPlayerMod:SecondChance+1"],"picked":"SKIP","floor":54}],"player_experience":303074,"relics_obtained":[{"floor":6,"key":"Juzu Bracelet"},{"floor":8,"key":"Letter Opener"},{"floor":13,"key":"PokerPlayerMod:BrokenClock"},{"floor":26,"key":"PokerPlayerMod:BottledPoker"},{"floor":40,"key":"PokerPlayerMod:FairLicense"},{"floor":40,"key":"HornCleat"},{"floor":43,"key":"MawBank"},{"floor":45,"key":"Bronze Scales"},{"floor":45,"key":"Anchor"},{"floor":48,"key":"Pen Nib"},{"floor":54,"key":"Vajra"},{"floor":54,"key":"Oddly Smooth Stone"}],"event_choices":[{"damage_healed":0,"gold_gain":75,"player_choice":"Gather Gold","damage_taken":11,"max_hp_gain":0,"max_hp_loss":0,"event_name":"World of Goop","floor":2,"gold_loss":0},{"damage_healed":0,"gold_gain":0,"player_choice":"Ignored","damage_taken":0,"max_hp_gain":0,"max_hp_loss":0,"event_name":"Purifier","floor":3,"gold_loss":0},{"cards_removed":["PokerPlayerMod:Diamond2"],"damage_healed":0,"gold_gain":0,"player_choice":"Trade","damage_taken":0,"max_hp_gain":0,"max_hp_loss":0,"event_name":"PokerPlayerMod:ExordiumClub","floor":10,"gold_loss":0,"cards_obtained":["PokerPlayerMod:Club5"]},{"damage_healed":0,"gold_gain":0,"player_choice":"Shed Blood","damage_taken":68,"max_hp_gain":5,"max_hp_loss":0,"event_name":"Forgotten Altar","floor":22,"gold_loss":0},{"damage_healed":0,"gold_gain":0,"player_choice":"Ignored","damage_taken":0,"max_hp_gain":0,"max_hp_loss":0,"event_name":"Cursed Tome","floor":24,"gold_loss":0},{"damage_healed":0,"gold_gain":0,"player_choice":"Traded Relic","damage_taken":0,"relics_obtained":["Nloth\u0027s Gift"],"max_hp_gain":0,"max_hp_loss":0,"event_name":"N\u0027loth","floor":29,"relics_lost":["Molten Egg 2"],"gold_loss":0},{"cards_removed":["PokerPlayerMod:Mulligan"],"damage_healed":0,"gold_gain":0,"player_choice":"Removed Skill","damage_taken":0,"max_hp_gain":0,"max_hp_loss":0,"event_name":"Falling","floor":38,"gold_loss":0},{"damage_healed":0,"gold_gain":0,"player_choice":"Memory 1","damage_taken":0,"max_hp_gain":0,"max_hp_loss":0,"event_name":"SensoryStone","floor":42,"gold_loss":0}],"is_beta":false,"boss_relics":[{"not_picked":["conspire:SpecialSausage","Calling Bell"],"picked":"Black Star"},{"not_picked":["SacredBark","conspire:SlowCooker"],"picked":"Coffee Dripper"}],"items_purged_floors":[0,0,0,0,20,20,20,20,20,20,20,20,20,20,20,20,30,30,36,36],"is_endless":false,"potions_floor_spawned":[6,8,12,16,19,27,31,33,35,37,46,47,48],"ascension_level":0}}