{"host":"kdt6w7ix8lwe69i9","time":1608820247,"event":{"mods":["Bartender","BaseMod","Downfall","Fiend Mod","Jorbs\u0027s Wanderer Trilogy","Minty Spire (QoL Compilation)","Reimu（博丽灵梦）","Robot Space Explorer","StSLib","The Cursed","The Disciple","The Dragon Tamer","The Druid","The Elementalist","The Forsaken","The Gatherer","The Judge","TheBandit"],"gold_per_floor":[112,112,41,41,1,31,51,65,65,65,85,95,170,187,187,285,285,298,310,310,310,323,356,356,370,394,412,440,440,440,453,453,552,552,571,587,435,435,487,520,520,532,532,532,88,0,25,38,38,38,38,38,15,44,44,44],"floor_reached":55,"playtime":6059,"items_purged":[],"score":842,"play_id":"facbe70b-9955-49b8-a03f-8c96fdae8098","local_time":"20201224093047","is_ascension_mode":false,"campfire_choices":[{"floor":15,"key":"REST"},{"data":"RobotSpaceExplorer:Multitool","floor":30,"key":"SMITH"},{"data":"RobotSpaceExplorer:StarDust","floor":32,"key":"SMITH"},{"floor":41,"key":"RECALL"},{"data":"RobotSpaceExplorer:Discharger","floor":49,"key":"SMITH"},{"data":"RobotSpaceExplorer:SelfCleaning","floor":52,"key":"SMITH"}],"circlet_count":0,"master_deck":["RobotSpaceExplorer:Scan","RobotSpaceExplorer:MiniLasers","RobotSpaceExplorer:ShovelStrike","RobotSpaceExplorer:Multitool+1","RobotSpaceExplorer:Comet","RobotSpaceExplorer:ImprovisedAttack","RobotSpaceExplorer:HighVoltage","RobotSpaceExplorer:Blaster","RobotSpaceExplorer:MetalStrike","RobotSpaceExplorer:Pulsar","RobotSpaceExplorer:PowerCollector","RobotSpaceExplorer:ScrapMissile","RobotSpaceExplorer:ScrapMissile","RobotSpaceExplorer:JunkDive","RobotSpaceExplorer:Jetpack","RobotSpaceExplorer:JunkDive","RobotSpaceExplorer:ImprovisedAttack","RobotSpaceExplorer:ExhaustFan+1","RobotSpaceExplorer:Probe","RobotSpaceExplorer:ExhaustFan+1","RobotSpaceExplorer:ShovelStrike","RobotSpaceExplorer:ChargingLaser","RobotSpaceExplorer:ScrapMissile","RobotSpaceExplorer:IronShell","RobotSpaceExplorer:MiniBoosters","RobotSpaceExplorer:ShovelStrike","RobotSpaceExplorer:SurgingShield","RobotSpaceExplorer:SelfCleaning+1","RobotSpaceExplorer:StarDust+1","RobotSpaceExplorer:MiniDrones","RobotSpaceExplorer:Autoloader","RobotSpaceExplorer:ExhaustFan+1","RobotSpaceExplorer:Probe","RobotSpaceExplorer:Pulsar+1","RobotSpaceExplorer:MetalStrike+1","RobotSpaceExplorer:MiniBoosters+1","RobotSpaceExplorer:ScrapMissile","RobotSpaceExplorer:SlimeMissile","RobotSpaceExplorer:Discharger+1","RobotSpaceExplorer:JunkDive","RobotSpaceExplorer:MiniDrones","RobotSpaceExplorer:FrostMissile+1","RobotSpaceExplorer:Electropulse","RobotSpaceExplorer:MiniBoosters","RobotSpaceExplorer:StunGrenade","RobotSpaceExplorer:Electroshield"],"relics":["Pandora\u0027s Box","PaintedHorse:ReiMu","Blue Candle","CrazyTorch:ReiMu","RobotSpaceExplorer:BottledGravity","Bronze Scales","Silver_Glasses","Prayer Wheel","MutagenicStrength","InkBottle","theForsaken:ScaryMask","RobotSpaceExplorer:Reprocessor","MealTicket","theForsaken:Kindling","Boot","Bottled Lightning","RobotSpaceExplorer:PlasmaHourglass","Power_Wrist","Red Mask","Lantern","Eternal Feather","Toy Ornithopter"],"acts_visited":["Exordium","TheCity","TheBeyond","TheEnding"],"potions_floor_usage":[16,16,23,28,28,39,39,40,50,55],"damage_taken":[{"damage":6,"enemies":"Jaw Worm","floor":1,"turns":3},{"damage":16,"enemies":"Lagavulin","floor":6,"turns":5},{"damage":0,"enemies":"Cultist","floor":7,"turns":2},{"damage":0,"enemies":"Small Slimes","floor":8,"turns":2},{"damage":6,"enemies":"Exordium Thugs","floor":11,"turns":3},{"damage":4,"enemies":"3 Louse","floor":12,"turns":3},{"damage":0,"enemies":"2 Fungi Beasts","floor":14,"turns":2},{"damage":10,"enemies":"Hexaghost","floor":16,"turns":5},{"damage":0,"enemies":"2 Thieves","floor":18,"turns":1},{"damage":5,"enemies":"3 Byrds","floor":19,"turns":3},{"damage":1,"enemies":"Sentry and Sphere","floor":22,"turns":5},{"damage":24,"enemies":"Slavers","floor":23,"turns":3},{"damage":0,"enemies":"3 Cultists","floor":25,"turns":3},{"damage":0,"enemies":"Centurion and Healer","floor":27,"turns":4},{"damage":0,"enemies":"Gremlin Leader","floor":28,"turns":3},{"damage":0,"enemies":"Sentry and Sphere","floor":31,"turns":2},{"damage":5,"enemies":"Collector","floor":33,"turns":8},{"damage":10,"enemies":"3 Shapes","floor":35,"turns":3},{"damage":1,"enemies":"3 Darklings","floor":36,"turns":3},{"damage":0,"enemies":"2 Orb Walkers","floor":39,"turns":3},{"damage":0,"enemies":"Giant Head","floor":40,"turns":7},{"damage":0,"enemies":"Transient","floor":42,"turns":5},{"damage":20,"enemies":"Nemesis","floor":47,"turns":4},{"damage":0,"enemies":"Maw","floor":48,"turns":3},{"damage":47,"enemies":"Donu and Deca","floor":50,"turns":5},{"damage":25,"enemies":"Shield and Spear","floor":54,"turns":3},{"damage":55,"enemies":"The Heart","floor":55,"turns":5}],"seed_played":"6935915098797802121","potions_obtained":[{"floor":7,"key":"Regen Potion"},{"floor":8,"key":"CultistPotion"},{"floor":14,"key":"MagicPotion:ReiMu"},{"floor":16,"key":"ZuzhouPotion:ReiMu"},{"floor":18,"key":"RobotSpaceExplorer:LiquidFusion"},{"floor":22,"key":"LiquidBronze"},{"floor":23,"key":"Swift Potion"},{"floor":33,"key":"FearPotion"},{"floor":35,"key":"ColorlessPotion"},{"floor":36,"key":"EssenceOfSteel"},{"floor":48,"key":"DistilledChaos"},{"floor":54,"key":"SkillPotion"}],"is_trial":false,"path_per_floor":["M","?","$","$","?","E","M","M","T","?","M","M","?","M","R","B",null,"M","M","?","?","M","E","?","M","T","M","E","?","R","M","R","B",null,"M","M","$","?","?","E","R","M","T","T","$","?","E","M","R","B",null,"R","$","E","B"],"character_chosen":"RobotSpaceExplorer","items_purchased":["RobotSpaceExplorer:PowerCollector","MealTicket","Power_Wrist","RobotSpaceExplorer:Discharger","RobotSpaceExplorer:JunkDive","RobotSpaceExplorer:MiniDrones","RobotSpaceExplorer:StunGrenade"],"campfire_rested":1,"item_purchase_floors":[3,37,45,45,45,45,53],"current_hp_per_floor":[69,69,69,69,69,53,53,53,53,53,47,43,32,32,54,44,75,75,70,70,70,69,45,45,45,45,45,54,54,54,54,54,49,75,65,64,64,64,64,64,64,64,64,64,75,75,55,55,75,28,75,75,75,50,0,0],"gold":44,"neow_bonus":"BOSS_RELIC","is_daily":false,"chose_seed":false,"campfire_upgraded":4,"win_rate":0.0,"timestamp":1608820247,"path_taken":["M","?","?","$","?","E","M","M","T","?","?","M","?","M","R","BOSS","M","M","?","?","?","E","?","?","T","M","E","?","R","M","R","BOSS","M","M","$","?","?","E","R","M","T","?","$","?","E","?","R","BOSS","R","$","E","BOSS"],"items_purchased_type":["Card","Relic","Relic","Card","Card","Card","Card"],"build_version":"2020-12-22","purchased_purges":0,"victory":false,"max_hp_per_floor":[75,75,75,75,75,75,75,75,75,75,75,75,75,75,75,75,75,75,75,75,75,75,75,75,75,75,75,75,75,75,75,75,75,75,75,75,75,75,75,75,75,75,75,75,75,75,75,75,75,75,75,75,75,75,75,75],"card_choices":[{"not_picked":["RobotSpaceExplorer:SurgingStrike","RobotSpaceExplorer:Ammunition"],"picked":"RobotSpaceExplorer:Pulsar","floor":1},{"not_picked":["RobotSpaceExplorer:MetalStrike","RobotSpaceExplorer:Probe"],"picked":"RobotSpaceExplorer:ScrapMissile","floor":6},{"not_picked":["RobotSpaceExplorer:LaserBurst","RobotSpaceExplorer:RigExplosive"],"picked":"RobotSpaceExplorer:ScrapMissile","floor":7},{"not_picked":["RobotSpaceExplorer:StunGrenade","RobotSpaceExplorer:PlasmaMissile"],"picked":"RobotSpaceExplorer:JunkDive","floor":8},{"not_picked":["RobotSpaceExplorer:ImprovisedAttack","RobotSpaceExplorer:Electropulse"],"picked":"RobotSpaceExplorer:Jetpack","floor":11},{"not_picked":["RobotSpaceExplorer:FrostMissile","RobotSpaceExplorer:Probe"],"picked":"RobotSpaceExplorer:JunkDive","floor":12},{"not_picked":["RobotSpaceExplorer:SwiftStep","RobotSpaceExplorer:BigMissile"],"picked":"RobotSpaceExplorer:ImprovisedAttack","floor":14},{"not_picked":["RobotSpaceExplorer:Blaster","RobotSpaceExplorer:Autoloader"],"picked":"RobotSpaceExplorer:Exploration","floor":16},{"not_picked":["RobotSpaceExplorer:JunkDive","RobotSpaceExplorer:FranticSearch"],"picked":"RobotSpaceExplorer:ExhaustFan+1","floor":18},{"not_picked":["RobotSpaceExplorer:MetalStrike","RobotSpaceExplorer:SlimeMissile"],"picked":"RobotSpaceExplorer:Probe","floor":19},{"not_picked":["RobotSpaceExplorer:StunGrenade+1","RobotSpaceExplorer:Electropulse"],"picked":"RobotSpaceExplorer:ShovelStrike","floor":22},{"not_picked":["RobotSpaceExplorer:SurgingShield","RobotSpaceExplorer:ScrapToss+1"],"picked":"RobotSpaceExplorer:ChargingLaser","floor":22},{"not_picked":["RobotSpaceExplorer:SurgingShield","RobotSpaceExplorer:ShockKick+1"],"picked":"RobotSpaceExplorer:ScrapMissile","floor":23},{"not_picked":["RobotSpaceExplorer:FranticSearch","RobotSpaceExplorer:SurgingStrike"],"picked":"RobotSpaceExplorer:IronShell","floor":25},{"not_picked":["RobotSpaceExplorer:Ammunition","RobotSpaceExplorer:ImprovisedAttack"],"picked":"RobotSpaceExplorer:MiniBoosters","floor":25},{"not_picked":["RobotSpaceExplorer:Smokescreen+1","RobotSpaceExplorer:SwiftStep"],"picked":"RobotSpaceExplorer:ShovelStrike","floor":27},{"not_picked":["RobotSpaceExplorer:DoubleBlock+1","RobotSpaceExplorer:IronShell+1"],"picked":"RobotSpaceExplorer:SurgingShield","floor":27},{"not_picked":["RobotSpaceExplorer:StunGrenade+1","RobotSpaceExplorer:RigExplosive"],"picked":"RobotSpaceExplorer:SelfCleaning","floor":28},{"not_picked":["RobotSpaceExplorer:SlimeMissile","RobotSpaceExplorer:BigMissile+1"],"picked":"RobotSpaceExplorer:StarDust","floor":31},{"not_picked":["RobotSpaceExplorer:SurgingStrike","RobotSpaceExplorer:ExhaustFan+1"],"picked":"RobotSpaceExplorer:MiniDrones","floor":31},{"not_picked":["RobotSpaceExplorer:HighVoltage","RobotSpaceExplorer:Blaster"],"picked":"RobotSpaceExplorer:Autoloader","floor":33},{"not_picked":["RobotSpaceExplorer:ImprovisedAttack","RobotSpaceExplorer:JunkDive+1"],"picked":"RobotSpaceExplorer:ExhaustFan+1","floor":35},{"not_picked":["RobotSpaceExplorer:MetalStrike","RobotSpaceExplorer:FreezeRay+1"],"picked":"RobotSpaceExplorer:Probe","floor":35},{"not_picked":["RobotSpaceExplorer:Counterblock+1","RobotSpaceExplorer:BigMissile"],"picked":"RobotSpaceExplorer:Pulsar+1","floor":36},{"not_picked":["RobotSpaceExplorer:SlimeMissile+1","RobotSpaceExplorer:TurboDodge+1"],"picked":"RobotSpaceExplorer:MetalStrike+1","floor":36},{"not_picked":["RobotSpaceExplorer:Fix","RobotSpaceExplorer:Ammunition+1"],"picked":"RobotSpaceExplorer:MiniBoosters+1","floor":39},{"not_picked":["RobotSpaceExplorer:SurgingShield+1","RobotSpaceExplorer:GlueSpray+1"],"picked":"RobotSpaceExplorer:ScrapMissile","floor":40},{"not_picked":["RobotSpaceExplorer:StarLightning","RobotSpaceExplorer:MiniDrones"],"picked":"RobotSpaceExplorer:Exploration","floor":42},{"not_picked":["RobotSpaceExplorer:SwiftStep","RobotSpaceExplorer:ToxicBomb"],"picked":"RobotSpaceExplorer:SlimeMissile","floor":42},{"not_picked":["RobotSpaceExplorer:GlueShot","RobotSpaceExplorer:Counterblock"],"picked":"RobotSpaceExplorer:FrostMissile+1","floor":47},{"not_picked":["RobotSpaceExplorer:DoubleBlock+1","RobotSpaceExplorer:Ammunition+1"],"picked":"RobotSpaceExplorer:Electropulse","floor":48},{"not_picked":["RobotSpaceExplorer:Counterblock","RobotSpaceExplorer:FranticSearch+1"],"picked":"RobotSpaceExplorer:MiniBoosters","floor":48},{"not_picked":["RobotSpaceExplorer:SurgingStrike","RobotSpaceExplorer:PowerGlove+1"],"picked":"RobotSpaceExplorer:Electroshield","floor":54}],"player_experience":1597148,"relics_obtained":[{"floor":6,"key":"Blue Candle"},{"floor":6,"key":"CrazyTorch:ReiMu"},{"floor":9,"key":"RobotSpaceExplorer:BottledGravity"},{"floor":19,"key":"Prayer Wheel"},{"floor":23,"key":"InkBottle"},{"floor":28,"key":"theForsaken:ScaryMask"},{"floor":39,"key":"theForsaken:Kindling"},{"floor":40,"key":"Boot"},{"floor":43,"key":"Bottled Lightning"},{"floor":44,"key":"RobotSpaceExplorer:PlasmaHourglass"},{"floor":47,"key":"Lantern"},{"floor":47,"key":"Eternal Feather"},{"floor":54,"key":"Toy Ornithopter"}],"event_choices":[{"damage_healed":0,"gold_gain":0,"player_choice":"Forge","damage_taken":0,"max_hp_gain":0,"max_hp_loss":0,"event_name":"Accursed Blacksmith","floor":2,"gold_loss":0,"cards_upgraded":["RobotSpaceExplorer:Exploration"]},{"damage_healed":0,"gold_gain":0,"player_choice":"Donate","damage_taken":0,"relics_obtained":["PaintedHorse:ReiMu"],"max_hp_gain":0,"max_hp_loss":0,"event_name":"yidonshenshe","floor":5,"gold_loss":40},{"damage_healed":0,"gold_gain":0,"player_choice":"Box","damage_taken":0,"relics_obtained":["Bronze Scales"],"max_hp_gain":0,"max_hp_loss":0,"event_name":"Big Fish","floor":10,"gold_loss":0,"cards_obtained":["Regret"]},{"damage_healed":0,"gold_gain":75,"player_choice":"Gather Gold","damage_taken":11,"max_hp_gain":0,"max_hp_loss":0,"event_name":"World of Goop","floor":13,"gold_loss":0},{"damage_healed":0,"gold_gain":0,"player_choice":"Inject Mutagens","damage_taken":0,"relics_obtained":["MutagenicStrength"],"max_hp_gain":0,"max_hp_loss":0,"event_name":"Drug Dealer","floor":20,"gold_loss":0},{"damage_healed":0,"gold_gain":0,"player_choice":"Copied","damage_taken":0,"max_hp_gain":0,"max_hp_loss":0,"event_name":"Duplicator","floor":21,"gold_loss":0,"cards_obtained":["RobotSpaceExplorer:ExhaustFan"]},{"cards_removed":["Regret"],"damage_healed":0,"gold_gain":0,"player_choice":"Removed Curses","damage_taken":0,"max_hp_gain":0,"max_hp_loss":0,"event_name":"Fountain of Cleansing","floor":24,"gold_loss":0},{"damage_healed":0,"gold_gain":0,"player_choice":"Ignored","damage_taken":0,"max_hp_gain":0,"max_hp_loss":0,"event_name":"Ghosts","floor":29,"gold_loss":0},{"damage_healed":0,"gold_gain":0,"player_choice":"Fight","damage_taken":0,"max_hp_gain":0,"max_hp_loss":0,"event_name":"Mysterious Sphere","floor":39,"gold_loss":0},{"damage_healed":0,"gold_gain":0,"player_choice":"Paid","damage_taken":0,"relics_obtained":["Red Mask"],"max_hp_gain":0,"max_hp_loss":0,"event_name":"Tomb of Lord Red Mask","floor":46,"gold_loss":88}],"is_beta":false,"boss_relics":[{"not_picked":["Coffee Dripper","Busted Crown"],"picked":"Silver_Glasses"},{"not_picked":["Sozu","Black Star"],"picked":"RobotSpaceExplorer:Reprocessor"}],"items_purged_floors":[],"is_endless":false,"potions_floor_spawned":[7,8,14,16,18,22,23,27,33,35,36,48,54],"killed_by":"The Heart","ascension_level":0}}