{"host":"2j5d0uw0vihq8b8w","time":1608806890,"event":{"mods":["2.2 Compatiblity","AchievementEnabler","BaseMod","BetterRewards","Colored Map","Colored Powertips","Custom Start","DeckTracker","Hermit","Lobotomy","Minty Spire (QoL Compilation)","Permanent Neow","Quick Restart","Rare Cards Sparkle","StSLib","SuperFastMode"],"gold_per_floor":[115,125,145,159,171,171,199,199,279,279,279],"floor_reached":10,"playtime":475,"items_purged":[],"score":140,"play_id":"d177fb5a-80ab-43ef-9ebd-f9eb2f4cc149","local_time":"20201224194810","is_ascension_mode":true,"campfire_choices":[{"floor":6,"key":"REST"}],"circlet_count":0,"master_deck":["AscendersBane","Strike_G","Strike_G","Strike_G","Strike_G","Strike_G","Defend_G","Defend_G","Defend_G","Defend_G","Defend_G","Survivor","Neutralize","Well Laid Plans","Crippling Poison","Predator","Bouncing Flask","Flying Knee"],"relics":["Ring of the Snake","Bag of Marbles","Toxic Egg 2","Bottled Flame"],"acts_visited":["Exordium"],"potions_floor_usage":[5,10],"damage_taken":[{"damage":1,"enemies":"2 Louse","floor":1,"turns":4},{"damage":6,"enemies":"Small Slimes","floor":2,"turns":5},{"damage":14,"enemies":"Jaw Worm","floor":3,"turns":4},{"damage":5,"enemies":"2 Fungi Beasts","floor":4,"turns":4},{"damage":23,"enemies":"Gremlin Gang","floor":5,"turns":3},{"damage":20,"enemies":"Lagavulin","floor":7,"turns":5},{"damage":30,"enemies":"Gremlin Nob","floor":10,"turns":3}],"seed_played":"8188873288314087218","potions_obtained":[{"floor":2,"key":"DuplicationPotion"},{"floor":5,"key":"Fire Potion"}],"is_trial":false,"path_per_floor":["M","M","M","M","M","R","E","?","T","E"],"character_chosen":"THE_SILENT","items_purchased":[],"campfire_rested":1,"item_purchase_floors":[],"current_hp_per_floor":[58,52,38,33,10,29,9,9,9,0,0],"gold":279,"neow_bonus":"RANDOM_COMMON_RELIC","is_daily":false,"chose_seed":false,"campfire_upgraded":0,"win_rate":0.0,"timestamp":1608806890,"path_taken":["M","M","M","M","M","R","E","?","T","E"],"items_purchased_type":[],"build_version":"2020-12-22","purchased_purges":0,"victory":false,"max_hp_per_floor":[66,66,66,66,66,66,66,66,66,66,66],"card_choices":[{"not_picked":["Poisoned Stab","Backflip"],"picked":"Well Laid Plans","floor":1},{"not_picked":["Blade Dance","Sucker Punch"],"picked":"Crippling Poison","floor":2},{"not_picked":["Flying Knee","Sucker Punch"],"picked":"Predator","floor":3},{"not_picked":["Leg Sweep","Dodge and Roll"],"picked":"Bouncing Flask","floor":4},{"not_picked":["Dash","Dagger Throw"],"picked":"Flying Knee","floor":5},{"not_picked":["Bane","Poisoned Stab","Riddle With Holes"],"picked":"SKIP","floor":7}],"player_experience":720707,"relics_obtained":[{"floor":7,"key":"Toxic Egg 2"},{"floor":9,"key":"Bottled Flame"}],"event_choices":[{"damage_healed":0,"gold_gain":0,"player_choice":"Ignored","damage_taken":0,"max_hp_gain":0,"max_hp_loss":0,"event_name":"Shining Light","floor":8,"gold_loss":0}],"is_beta":false,"boss_relics":[],"items_purged_floors":[],"is_endless":false,"potions_floor_spawned":[2,5],"killed_by":"Gremlin Nob","ascension_level":20}}