{"host":"wi1dz5t8299iil0b","time":1608777629,"event":{"mods":["2.2 Compatiblity","Act Like it!","Aspiration","Astrologer","BaseMod","Beaked The Cultist","Better Match","Better Note","Better Sensory Stone","Better Synergies","Better Third Choice","BetterRewards","Colored Map","Colored Powertips","Communication Mod","Conjunction","Conspire","Downfall","Fiend Mod","Friendly Minions","GifTheSpireLib","GungeonMod","Halation","Hallownest","Highlight Path","Hubris","Infinite Spire","Jedi Mod","Lobotomy","Mad Scientist","Minty Spire (QoL Compilation)","Pale of the Ancients","Permanent Neow","Potionbrewer","RNG Fix","Replay The Spire","Shade Mod","Shop Mod","Spikes Relics","StSLib","Stuff the Spire","The Blackbeard","The Bladedancer","The Blue Laboratory","The Bug Knight","The Construct","The Cursed","The Death Knight","The Druid","The Necromancer","The Problem Sleuth","The Sage","TheHeartMod","TheVacant","Trackpad","Wandering Minibosses"],"gold_per_floor":[99,112,166,183,193,193,193,193,25,37,137,67,67,98,108,209,209,209,236,255,180,180,203,227,227,241,241,241,241],"floor_reached":27,"playtime":3762,"items_purged":[],"score":213,"play_id":"34e66fb4-084c-408b-be03-e973bd52dce6","local_time":"20201223214029","is_ascension_mode":false,"campfire_choices":[{"floor":1,"key":"RECALL"},{"data":"hexamod:GhostOfSpirePast","floor":6,"key":"SMITH"},{"floor":25,"key":"REST"}],"circlet_count":0,"master_deck":["hexamod:Strike+1","hexamod:Strike","hexamod:Strike","hexamod:Strike","hexamod:Defend","hexamod:Defend","hexamod:Defend","hexamod:Defend","hexamod:Sear","hexamod:Float","hexamod:HeatCrush","ReplayTheSpireMod:Splinters","hexamod:CatchUp","hexamod:RetreatToShadows+1","hexamod:GhostOfSpirePast+1","hexamod:Incineration","hexamod:ChargedBarrage","hexamod:SecondSeal","hexamod:FirstSeal","hexamod:PhantomFireball","hexamod:VolcanoVisage+1","hexamod:RetreatToShadows+1"],"relics":["hexamod:SpiritBrand","Toy Ornithopter","aspiration:HummingbirdHeart","SnailShell","ReplayTheSpireMod:Shallot","conspire:RunicOctahedron","hubris:TenFootPole"],"acts_visited":["Exordium","TheCity"],"potions_floor_usage":[14,14,23,23,23],"damage_taken":[{"damage":0,"enemies":"Small Slimes","floor":2,"turns":3},{"damage":0,"enemies":"Jaw Worm","floor":4,"turns":3},{"damage":0,"enemies":"Cultist","floor":5,"turns":4},{"damage":3,"enemies":"downfall:FleeingMerchant","floor":9,"turns":4},{"damage":3,"enemies":"Gremlin Gang","floor":10,"turns":5},{"damage":3,"enemies":"downfall:FleeingMerchant","floor":12,"turns":4},{"damage":6,"enemies":"3 Sentries","floor":14,"turns":7},{"damage":3,"enemies":"Blue Slaver","floor":15,"turns":4},{"damage":32,"enemies":"downfall:Silent","floor":16,"turns":10},{"damage":11,"enemies":"3 Byrds","floor":19,"turns":7},{"damage":49,"enemies":"3 Cultists","floor":20,"turns":6},{"damage":30,"enemies":"Cultist and Chosen","floor":23,"turns":7},{"damage":25,"enemies":"Centurion and Healer","floor":26,"turns":9},{"damage":16,"enemies":"Chosen and Byrds","floor":27,"turns":4}],"seed_played":"2480786923124980138","potions_obtained":[{"floor":2,"key":"Toxic Potion"},{"floor":10,"key":"potionbrewer:FreezingPotion"},{"floor":14,"key":"blueLaboratory:BottleOfVodka"},{"floor":15,"key":"champ:CounterPotion"},{"floor":16,"key":"potionbrewer:AcidPotion"}],"is_trial":false,"path_per_floor":["R","M","?","M","M","R","T","?","$","M","?","$","?","E","M","B",null,"R_BF","M","M","?","?","M","T","R","M","M"],"character_chosen":"THE_SPIRIT","items_purchased":["SnailShell","hexamod:FirstSeal"],"campfire_rested":1,"item_purchase_floors":[9,12],"current_hp_per_floor":[70,70,70,70,70,70,70,70,67,64,64,61,61,70,70,45,70,70,66,24,24,24,9,9,30,12,0,0,0],"gold":241,"neow_bonus":"RANDOM_COMMON_RELIC","is_daily":false,"chose_seed":false,"campfire_upgraded":1,"win_rate":0.0,"timestamp":1608777629,"path_taken":["R","M","?","M","?","R","T","?","?","M","?","$","?","E","M","BOSS","R_BF","M","M","?","?","M","T","R","?","?"],"items_purchased_type":["Relic","Card"],"build_version":"2020-12-22","purchased_purges":0,"victory":false,"max_hp_per_floor":[70,70,70,70,70,70,70,70,70,70,70,70,70,70,70,70,70,70,70,70,70,70,70,70,70,70,70,70,70],"card_choices":[{"not_picked":["hexamod:GhostShield","hexamod:SkipABeat"],"picked":"hexamod:HeatCrush","floor":2},{"not_picked":["hexamod:ThermalTransfer","hexamod:GhostShield"],"picked":"hexamod:CatchUp","floor":3},{"not_picked":["hexamod:GhostShield","hexamod:SwordOfDarkness"],"picked":"hexamod:RetreatToShadows","floor":3},{"not_picked":["hexamod:NightmareStrike","hexamod:RainOfEmbers","hexamod:ShieldOfDarkness"],"picked":"SKIP","floor":4},{"not_picked":["hexamod:HeatShield","hexamod:InspiringFlames"],"picked":"hexamod:GhostOfSpirePast","floor":5},{"not_picked":["hexamod:TurnItUp","hexamod:GhostLash"],"picked":"hexamod:Incineration","floor":9},{"not_picked":["hexamod:ThermalTransfer","hexamod:Incineration"],"picked":"hexamod:ChargedBarrage","floor":10},{"not_picked":["hexamod:ThermalTransfer","hexamod:SwordOfDarkness"],"picked":"hexamod:SecondSeal","floor":12},{"not_picked":["hexamod:Hexaguard","hexamod:NightmareGuise"],"picked":"hexamod:PhantomFireball","floor":14},{"not_picked":["hexamod:GhostLash","hexamod:Firestarter","hexamod:ShieldOfDarkness"],"picked":"SKIP","floor":15},{"not_picked":["hexamod:TimeOfNeed","hexamod:FifthSeal"],"picked":"hexamod:VolcanoVisage","floor":16},{"not_picked":["hexamod:SpectersWail+1","hexamod:HauntingEcho","hexamod:HeatCrush"],"picked":"SKIP","floor":19},{"not_picked":["hexamod:FastForward","hexamod:NightmareGuise","hexamod:AdvancingGuard"],"picked":"SKIP","floor":20},{"not_picked":["hexamod:ExtraCrispy","hexamod:RainOfEmbers","hexamod:HauntingEcho+1"],"picked":"SKIP","floor":23},{"not_picked":["hexamod:ThermalTransfer","hexamod:CatchUp","hexamod:NecessarySacrifice"],"picked":"SKIP","floor":26}],"player_experience":152228,"relics_obtained":[{"floor":3,"key":"aspiration:HummingbirdHeart"},{"floor":14,"key":"ReplayTheSpireMod:Shallot"},{"floor":24,"key":"hubris:TenFootPole"}],"event_choices":[{"damage_healed":0,"gold_gain":0,"player_choice":"Grow","damage_taken":0,"max_hp_gain":0,"max_hp_loss":0,"event_name":"Living Wall","floor":8,"gold_loss":0,"cards_upgraded":["hexamod:RetreatToShadows"]},{"damage_healed":0,"gold_gain":0,"player_choice":"2","damage_taken":0,"max_hp_gain":0,"max_hp_loss":0,"event_name":"betterMatch:BetterMatch","floor":21,"gold_loss":0,"cards_obtained":[]},{"damage_healed":0,"gold_gain":0,"player_choice":"Copied","damage_taken":0,"max_hp_gain":0,"max_hp_loss":0,"event_name":"Duplicator","floor":22,"gold_loss":0,"cards_obtained":["hexamod:RetreatToShadows"]}],"is_beta":false,"boss_relics":[{"not_picked":["infinitespire:Cupcake","beaked:SacredDeck"],"picked":"conspire:RunicOctahedron"}],"items_purged_floors":[],"is_endless":false,"potions_floor_spawned":[2,10,14,15,16],"killed_by":"Chosen and Byrds","ascension_level":0}}