{"host":"mt3nndg5ku536gxi","time":1608816079,"event":{"mods":["BaseMod","Colored Powertips","Minty Spire (QoL Compilation)","Permanent Neow","Quick Restart","StSLib"],"gold_per_floor":[116,191,13,13,26,51,51,86,86,113,131,148,178,191,191,267,267,267,267,267,267,267,267,267,267,267,267,267,267,48,48,48,48,48,48,48,48,48,48],"floor_reached":38,"playtime":2870,"items_purged":["Strike_P","Strike_P"],"score":1032,"play_id":"53b325c3-386a-4437-829d-eaa31b6961ae","local_time":"20201224212119","is_ascension_mode":true,"campfire_choices":[{"data":"FlurryOfBlows","floor":7.0,"key":"SMITH"},{"data":"Adaptation","floor":15.0,"key":"SMITH"},{"data":"Omniscience","floor":23.0,"key":"SMITH"},{"floor":25.0,"key":"REST"},{"data":"Wallop","floor":32.0,"key":"SMITH"}],"circlet_count":0,"master_deck":["AscendersBane","Strike_P+1","Strike_P+1","Defend_P","Defend_P","Defend_P","Defend_P+1","Eruption+1","Vigilance","CurseOfTheBell","Conclude","Wireheading+1","FlurryOfBlows+1","DeceiveReality","Tantrum","Adaptation+1","CutThroughFate","Prostrate+1","LessonLearned+1","EmptyMind","Omniscience+1","Sanctity+1","Indignation+1","Halt+1","Prostrate+1","Meditate","InnerPeace","Wallop+1","DeusExMachina"],"relics":["Calling Bell","Orichalcum","Ornamental Fan","Lizard Tail","Matryoshka","Ancient Tea Set","Smiling Mask","Eternal Feather","Whetstone","Boot","Ectoplasm","Question Card","Toy Ornithopter","Sundial","Lee\u0027s Waffle","The Courier","Philosopher\u0027s Stone"],"acts_visited":["Exordium","TheCity","TheBeyond"],"potions_floor_usage":[],"damage_taken":[{"damage":0.0,"enemies":"Cultist","floor":1.0,"turns":2.0},{"damage":0.0,"enemies":"Small Slimes","floor":5.0,"turns":1.0},{"damage":9.0,"enemies":"3 Sentries","floor":6.0,"turns":5.0},{"damage":0.0,"enemies":"Gremlin Nob","floor":8.0,"turns":2.0},{"damage":20.0,"enemies":"Lagavulin","floor":10.0,"turns":5.0},{"damage":0.0,"enemies":"2 Louse","floor":11.0,"turns":1.0},{"damage":0.0,"enemies":"Lots of Slimes","floor":12.0,"turns":2.0},{"damage":0.0,"enemies":"Gremlin Nob","floor":13.0,"turns":2.0},{"damage":2.0,"enemies":"Exordium Thugs","floor":14.0,"turns":3.0},{"damage":30.0,"enemies":"Hexaghost","floor":16.0,"turns":8.0},{"damage":20.0,"enemies":"3 Byrds","floor":18.0,"turns":5.0},{"damage":0.0,"enemies":"Chosen","floor":19.0,"turns":3.0},{"damage":17.0,"enemies":"Snake Plant","floor":21.0,"turns":5.0},{"damage":0.0,"enemies":"Chosen and Byrds","floor":22.0,"turns":4.0},{"damage":53.0,"enemies":"Book of Stabbing","floor":24.0,"turns":6.0},{"damage":5.0,"enemies":"Snecko","floor":27.0,"turns":4.0},{"damage":26.0,"enemies":"Gremlin Leader","floor":28.0,"turns":6.0},{"damage":2.0,"enemies":"3 Cultists","floor":29.0,"turns":3.0},{"damage":40.0,"enemies":"Slavers","floor":31.0,"turns":5.0},{"damage":16.0,"enemies":"Champ","floor":33.0,"turns":5.0},{"damage":10.0,"enemies":"3 Darklings","floor":35.0,"turns":5.0},{"damage":0.0,"enemies":"Orb Walker","floor":36.0,"turns":2.0},{"damage":16,"enemies":"Transient","floor":38,"turns":2}],"seed_played":"8357969877934606390","potions_obtained":[{"floor":6.0,"key":"Swift Potion"},{"floor":8.0,"key":"Ambrosia"},{"floor":10.0,"key":"DuplicationPotion"},{"floor":11.0,"key":"Ambrosia"},{"floor":12.0,"key":"ColorlessPotion"},{"floor":18.0,"key":"Dexterity Potion"},{"floor":19.0,"key":"Ancient Potion"},{"floor":21.0,"key":"BlessingOfTheForge"}],"is_trial":false,"path_per_floor":["M","?","$","?","M","E","R","E","T","E","M","M","E","M","R","B",null,"M","M","?","M","M","R","E","R","T","M","E","M","$","E","R","B",null,"M","M","$","M"],"character_chosen":"WATCHER","items_purchased":["Wireheading","FlurryOfBlows","Lee\u0027s Waffle"],"campfire_rested":1,"item_purchase_floors":[3,3,30],"current_hp_per_floor":[61,50,50,50,50,41,41,41,41,21,21,21,21,19,31,1,51,31,31,21,4,4,19,1,36,36,31,5,3,75,40,55,39,66,56,56,56,40,40],"gold":48,"neow_bonus":"BOSS_RELIC","is_daily":false,"chose_seed":false,"campfire_upgraded":4,"win_rate":0.0,"timestamp":1608816079,"path_taken":["M","?","$","?","M","E","R","E","T","E","M","M","E","M","R","BOSS","M","M","?","M","M","R","E","R","T","M","E","M","$","E","R","BOSS","M","M","?","M"],"items_purchased_type":["Card","Card","Relic"],"build_version":"2020-12-22","purchased_purges":2,"victory":false,"max_hp_per_floor":[68,68,68,68,68,68,68,68,68,68,68,68,68,68,68,68,68,68,68,68,68,68,68,68,68,68,68,68,68,75,75,75,75,75,75,75,75,75,75],"card_choices":[{"not_picked":["EmptyFist","SashWhip"],"picked":"Conclude","floor":1.0},{"not_picked":["Nirvana","EmptyMind"],"picked":"DeceiveReality","floor":5.0},{"not_picked":["Collect","Worship"],"picked":"Tantrum","floor":6.0},{"not_picked":["EmptyMind","DeceiveReality"],"picked":"Adaptation","floor":8.0},{"not_picked":["DeceiveReality","FlyingSleeves"],"picked":"CutThroughFate","floor":10.0},{"not_picked":["WindmillStrike","Swivel","Perseverance"],"picked":"SKIP","floor":11.0},{"not_picked":["Consecrate","Perseverance"],"picked":"Prostrate","floor":12.0},{"not_picked":["JustLucky","BattleHymn"],"picked":"LessonLearned","floor":13.0},{"not_picked":["Crescendo","BattleHymn"],"picked":"EmptyMind","floor":14.0},{"not_picked":["DevaForm","MasterReality"],"picked":"Omniscience","floor":16.0},{"not_picked":["Tantrum+1","Collect","WindmillStrike"],"picked":"SKIP","floor":18.0},{"not_picked":["CrushJoints","FlyingSleeves"],"picked":"Sanctity","floor":19.0},{"not_picked":["Wireheading","BattleHymn"],"picked":"Indignation+1","floor":21.0},{"not_picked":["FlyingSleeves","Wireheading"],"picked":"Halt","floor":22.0},{"not_picked":["Omniscience","PathToVictory"],"picked":"Prostrate","floor":24.0},{"not_picked":["SignatureMove","WheelKick","Pray"],"picked":"Meditate","floor":27.0},{"not_picked":["ClearTheMind","PathToVictory","JustLucky"],"picked":"InnerPeace","floor":28.0},{"not_picked":["Meditate+1","FollowUp+1","Evaluate+1"],"picked":"Wallop","floor":29.0},{"not_picked":["WaveOfTheHand","DeceiveReality","FlyingSleeves","Ragnarok"],"picked":"SKIP","floor":31.0},{"not_picked":["Judgement","ConjureBlade","LessonLearned"],"picked":"DeusExMachina","floor":33.0},{"not_picked":["SashWhip","Nirvana+1","CutThroughFate","BowlingBash+1"],"picked":"SKIP","floor":35.0},{"not_picked":["CarveReality","Weave","Consecrate+1","Sanctity"],"picked":"SKIP","floor":36.0}],"player_experience":173131,"relics_obtained":[{"floor":0.0,"key":"Orichalcum"},{"floor":0.0,"key":"Ornamental Fan"},{"floor":0.0,"key":"Lizard Tail"},{"floor":6.0,"key":"Matryoshka"},{"floor":8.0,"key":"Ancient Tea Set"},{"floor":9.0,"key":"Smiling Mask"},{"floor":9.0,"key":"Eternal Feather"},{"floor":10.0,"key":"Whetstone"},{"floor":13.0,"key":"Boot"},{"floor":24.0,"key":"Question Card"},{"floor":26.0,"key":"Toy Ornithopter"},{"floor":26.0,"key":"Sundial"},{"floor":31.0,"key":"The Courier"}],"event_choices":[{"damage_healed":0.0,"max_hp_gain":0.0,"max_hp_loss":0.0,"gold_gain":75.0,"event_name":"World of Goop","player_choice":"Gather Gold","floor":2.0,"gold_loss":0.0,"damage_taken":11.0},{"damage_healed":0.0,"max_hp_gain":0.0,"max_hp_loss":0.0,"gold_gain":0.0,"event_name":"Living Wall","player_choice":"Grow","floor":4.0,"gold_loss":0.0,"damage_taken":0.0,"cards_upgraded":["Eruption"]},{"damage_healed":0.0,"max_hp_gain":0.0,"max_hp_loss":0.0,"gold_gain":0.0,"event_name":"Wheel of Change","player_choice":"Damaged","floor":20.0,"gold_loss":0.0,"damage_taken":10.0}],"is_beta":false,"boss_relics":[{"not_picked":["Busted Crown","Velvet Choker"],"picked":"Ectoplasm"},{"not_picked":["SlaversCollar","Runic Pyramid"],"picked":"Philosopher\u0027s Stone"}],"items_purged_floors":[3,30],"is_endless":false,"potions_floor_spawned":[6,8,10,11,12,18,19,21],"killed_by":"Transient","ascension_level":20}}