{"host":"rgcz6yx3duq0lh14","time":1608836463,"event":{"mods":["ATMod(à¢‡ıMod)","AchievementEnabler","Act Like it!","Aspiration","Astrologer","BaseMod","CapriCore","Chen","Colored Map","Decade(â§è¨ñæ)","Friendly Minions","Gensokyo","GungeonMod","Hallownest","Hermit","Jedi Mod","KinomotoSakuraMod(ñÿîVñ{?)","Koishi","Luminous","Mari Mod (Legacy)","Mari\u0027s V1 Patch","MarisaÅiñ∂âJÅ@ñÇóùçπÅj","Minty Spire (QoL Compilation)","MostiFishMod","Pale of the Ancients","Permanent Neow","Prisma Mod","Quick Restart","RemiliaÅiÂQïƒ‰ª?Åj","Replay The Spire","Robot Space Explorer","RumiaBox-òIïƒ?ìIê_îÈ·¥éq","Spicy Shops","StSLib","The Animator","The Bug Knight","The Cursed","The Dragon Tamer","The Gatherer","The Immortal","The Mystic","The Poker Player","The Runesmith","The Senshi","The Servant 0.9.4","TheWitcher","YoumuÅiç∞ÈÆódöÎÅj","Åy?ï˚ìÒéü?çÏÅzî™â]éámod","Åy?ï®?îvÅzREMEMod"],"gold_per_floor":[416,429,115,115,15,42,54,54,54,54,84,84,99,117,117,117,117],"floor_reached":16,"playtime":845,"items_purged":["theSenshi:SailorBlock","theSenshi:SailorKick"],"score":115,"play_id":"07c19081-2db7-4307-a2b0-f2495fefe5f7","local_time":"20201225030103","is_ascension_mode":true,"campfire_choices":[{"data":"RobotSpaceExplorer:Exploration","floor":8.0,"key":"SMITH"},{"data":"theSenshi:IWillPunishYou","floor":10.0,"key":"SMITH"},{"data":"theSenshi:Sidestep","floor":12.0,"key":"SMITH"},{"data":"theSenshi:MoonGorgeousMeditation","floor":15,"key":"SMITH"}],"circlet_count":0,"master_deck":["theSenshi:SailorKick","theSenshi:SailorKick","theSenshi:SailorKick","theSenshi:SailorBlock","theSenshi:SailorBlock","theSenshi:SailorBlock","theSenshi:RoseThrow","theSenshi:MoonPrismPowerMakeUp","AT_ChampionStep","theSenshi:MoonsReflection","theSenshi:MoonTiaraMagic","theSenshi:Sidestep+1","theSenshi:YouCanTalk","theSenshi:MoonCrystalPowerMakeUp","theSenshi:IWillPunishYou+1","theSenshi:MoonSpiralHeartAttack","theSenshi:MoonGorgeousMeditation+1"],"relics":["theSenshi:TransformationBroochRelic","DaveBox","AT_ATBox","REME_ComplimentaryCards","Old Coin","SynthV:TestCard","Gensokyo:OccultBall","DemoMod:GreenGuonStone","DemoMod:PoisonVial","DemoMod:GlassGuonStoneRelic","Ccalipers"],"acts_visited":["Gensokyo:Gensokyo"],"potions_floor_usage":[],"damage_taken":[{"damage":0.0,"enemies":"Gensokyo:3_Fairies","floor":1.0,"turns":7.0},{"damage":0.0,"enemies":"Gensokyo:Python","floor":2.0,"turns":4.0},{"damage":40.0,"enemies":"Gensokyo:Cirno","floor":6.0,"turns":6.0},{"damage":0.0,"enemies":"Gensokyo:2_Kodama","floor":7.0,"turns":5.0},{"damage":27.0,"enemies":"Gensokyo:Aya","floor":11.0,"turns":13.0},{"damage":4.0,"enemies":"Gensokyo:VengefulSpirit","floor":13.0,"turns":4.0},{"damage":8,"enemies":"Gensokyo:3_Kodama","floor":14,"turns":6},{"damage":10,"enemies":"Gensokyo:Yukari","floor":16,"turns":3}],"seed_played":"4174521719211739221","potions_obtained":[{"floor":2.0,"key":"Weak Potion"},{"floor":13.0,"key":"Ancient Potion"}],"is_trial":false,"path_per_floor":["M","M","$","?","$","E","M","R","T","R","E","R","M","M","R","B"],"character_chosen":"THE_SENSHI","items_purchased":["theSenshi:Sidestep","theSenshi:YouCanTalk","theSenshi:MoonCrystalPowerMakeUp"],"campfire_rested":0,"item_purchase_floors":[3,3,3],"current_hp_per_floor":[68,68,68,68,68,28,28,28,28,28,13,13,9,7,7,0,0],"gold":117,"neow_bonus":"RANDOM_COLORLESS_2","is_daily":false,"chose_seed":false,"campfire_upgraded":4,"win_rate":0.0,"timestamp":1608836463,"path_taken":["M","M","$","?","$","E","M","R","T","R","E","R","M","M","R","BOSS"],"items_purchased_type":["Card","Card","Card"],"build_version":"2020-12-22","purchased_purges":2,"victory":false,"max_hp_per_floor":[68,68,68,68,68,68,68,68,68,68,68,68,68,68,68,68,68],"card_choices":[{"not_picked":["Magnetism","Thinking Ahead"],"picked":"Secret Technique","floor":0.0},{"not_picked":["theSenshi:EncouragingSpeech","theSenshi:TuxedoMaskAssists"],"picked":"theSenshi:MoonsReflection","floor":1.0},{"not_picked":["theSenshi:LateForSchool","theSenshi:SailorUranusAssists","theSenshi:SailorMarsAssists","theSenshi:SailorChibiMoonAssists"],"picked":"theSenshi:MoonTiaraMagic","floor":2.0},{"not_picked":["theSenshi:TallSilhouette","theSenshi:SailorPlanetPower","theSenshi:TuxedoSmokingBomber","theSenshi:MoonTwilightFlash"],"picked":"theSenshi:IWillPunishYou","floor":6.0},{"not_picked":["theSenshi:UranusStrength","theSenshi:MoonPunch","theSenshi:MoonTiaraMagic","theSenshi:TuxedoSmokingBomber","theSenshi:NeptunesGrace"],"picked":"SKIP","floor":7.0},{"not_picked":["theSenshi:OdangoHead","theSenshi:PlutosSolemnity","theSenshi:Sidestep","theSenshi:MoonTwilightFlash"],"picked":"theSenshi:MoonSpiralHeartAttack","floor":11.0},{"not_picked":["theSenshi:MoonsReflection","theSenshi:DramaticEntrance","theSenshi:MoonTiaraMagic","theSenshi:LunaWiseMentor","theSenshi:MoonKick"],"picked":"SKIP","floor":13.0},{"not_picked":["theSenshi:HesSoDreamy","theSenshi:SailorChibiMoonAssists","theSenshi:Sidestep","theSenshi:SchoolBag"],"picked":"theSenshi:MoonGorgeousMeditation","floor":14}],"player_experience":946942,"relics_obtained":[{"floor":1.0,"key":"SynthV:TestCard"},{"floor":6.0,"key":"DemoMod:GreenGuonStone"},{"floor":11.0,"key":"DemoMod:PoisonVial"},{"floor":14,"key":"Ccalipers"}],"event_choices":[],"is_beta":false,"boss_relics":[],"items_purged_floors":[3,5],"is_endless":false,"potions_floor_spawned":[2,13],"killed_by":"Gensokyo:Yukari","ascension_level":1}}