{"host":"lpze9ywvzk5bsxql","time":1608809277,"event":{"mods":["2.2 Compatiblity","BaseMod","Bestiary","Better Third Choice","Colored Map","Downfall","Hermit","Ironclad Rager","Minty Spire (QoL Compilation)","Replay The Spire","StSLib","The Cursed","The Hierophant","The Servant 0.9.4"],"gold_per_floor":[119,48,63,63,77,77,104,104,104,122,122,148,148,66,66,171,171,188,238,349,361,386,398,444,456,468,303,303,328,185,205,205,306,306,319,330,330,378,378,378,281,281,281,281,315,90,123,154,154,255,255,266,178,192,192,212,212,243,243,243,243,272,12,12,25,25,121,121,132,132,142,160,160,160,220,220,246,246,246,279,296,326,326,428,428,448,448,496,496,496,496,29,48,81,95,95,124,124,143,143,246,246,258,258,258,274,274,274,284,309,340,215,246,108,108,108,108,108,108,108,108,108,108,33,33,22,22,22,22,74,74,74,74,74,171,171,171,171,171,171,171,171,171,171,171,171,171,110,110,110,110,210,210,224,299,299,299,313,313,338,352,352,352,352,352,202,202,202,298,298,308,308,318,83,83,83,83,114,114,114,114,114,114,114,114,209,209,223,223],"floor_reached":188,"playtime":13623,"items_purged":["Voices","Shame","Shame","Strike_S","Strike_S","Normality","Delirium","ReplayTheSpireMod:Restless Dread","Delirium","Pain","RealityMarble"],"score":5737,"play_id":"4c5bd060-f9f4-4437-9594-ef27d9a45bb3","local_time":"20201224122757","is_ascension_mode":false,"campfire_choices":[{"data":"KidneyShot","floor":6.0,"key":"SMITH"},{"floor":8.0,"key":"REST"},{"data":"SilverBlades","floor":11.0,"key":"SMITH"},{"floor":15.0,"key":"REST"},{"floor":23.0,"key":"REST"},{"floor":25.0,"key":"REST"},{"data":"MurderousAura","floor":28.0,"key":"SMITH"},{"floor":32.0,"key":"REST"},{"floor":40.0,"key":"REST"},{"floor":42.0,"key":"REST"},{"floor":49.0,"key":"REST"},{"data":"BestPractice","floor":57.0,"key":"SMITH"},{"floor":66.0,"key":"REST"},{"data":"Pain","floor":74.0,"key":"PURGE"},{"data":"Strike_S","floor":76.0,"key":"PURGE"},{"floor":79.0,"key":"DIG"},{"floor":83.0,"key":"REST"},{"floor":91.0,"key":"DIG"},{"floor":98.0,"key":"DIG"},{"data":"FanOfKnives","floor":100.0,"key":"SMITH"},{"floor":108.0,"key":"DIG"},{"data":"Burn","floor":115.0,"key":"PURGE"},{"data":"SilverBlades","floor":125.0,"key":"SMITH"},{"data":"Shame","floor":134.0,"key":"PURGE"},{"data":"SurpressingFire","floor":142.0,"key":"SMITH"},{"floor":144.0,"key":"REST"},{"floor":151.0,"key":"DIG"},{"floor":168,"key":"REST"},{"data":"Apotheosis","floor":185,"key":"SMITH"}],"circlet_count":1,"master_deck":["KidneyShot+1","Exchange+1","Defy","SilverBlades+1","SilverBlades+1","Reset+1","Moonlight","FanOfKnives+1","MurderousAura+1","BottledTime","Decay","Misdirection","Rearm+1","GearUp","GearUp","Moonlight+1","Barrier","Foresight+1","BestPractice+1","BestPractice+1","Barrier+1","SurpressingFire+1","Decay","Starlight+1","ReplayTheSpireMod:Faulty Equipment","Sickly","CommonCold","Contraction","Starlight","Injury","Revamp+1","BottledTime+1","Advance+1","Decay","Starlight+1","FlawlessForm","StarChef","Moonlight+1","SurpressingFire+1","Decay","KidneyShot","CommonCold","AbeCurse","BottledTime","SurpressingFire","Apotheosis+1","Sickly"],"relics":["SplendidAttire","Gambling Chip","Shuriken","Mirror","WingedGreaves","Sozu","Ring of Greed","MawBank","Membership Card","Ring of Searing","Matryoshka","Lizard Tail","PreservedInsect","HornCleat","ReplayTheSpireMod:TigerMarble","Mercury Hourglass","Tiny Chest","Fusion Hammer","champ:DeflectingBracers","Bottled Lightning","MealTicket","StrikeDummy","Pen Nib","Du-Vu Doll","Juzu Bracelet","Replay:Multitool","Replay:Ancient Bell","Art of War","Replay:Bottled Eggs","Thread and Needle","WarpedTongs","The Courier","Odd Mushroom","Lantern","Kunai","MutagenicStrength","Onion Ring","Replay:Ringing Soul","Cursed Key","Ginger","Akabeko","Blood Vial","Pantograph","Bottled Flame","ReplayTheSpireMod:Shallot","Replay:Baseball","SacredBark","ReplayFunnel","Blue Doll","War Paint","Replay:Bronze Core","Replay:Bottled Flurry","InkBottle","Black Star","Circlet","Anchor","SlaversCollar","Toy Ornithopter","Garlic","Bronze Scales","TungstenRod","Replay:Grab Bag","ChewingGum","Abe\u0027s Treasure","Pandora\u0027s Box","Empty Cage","Replay:Rubber Ducky","Enchiridion","Ice Cream","Mummified Hand"],"acts_visited":["Exordium","TheCity","TheBeyond","Exordium","TheCity","TheBeyond","Exordium","TheCity","TheBeyond","TheCity","TheBeyond"],"potions_floor_usage":[],"damage_taken":[{"damage":3.0,"enemies":"Jaw Worm","floor":1.0,"turns":6.0},{"damage":1.0,"enemies":"Cultist","floor":3.0,"turns":4.0},{"damage":0.0,"enemies":"Small Slimes","floor":5.0,"turns":5.0},{"damage":21.0,"enemies":"3 Sentries","floor":7.0,"turns":11.0},{"damage":2.0,"enemies":"Exordium Wildlife","floor":10.0,"turns":6.0},{"damage":13.0,"enemies":"Lagavulin","floor":12.0,"turns":5.0},{"damage":17.0,"enemies":"Hexaghost","floor":16.0,"turns":7.0},{"damage":25.0,"enemies":"3 Byrds","floor":18.0,"turns":4.0},{"damage":5.0,"enemies":"Shell Parasite","floor":22.0,"turns":3.0},{"damage":31.0,"enemies":"Slavers","floor":24.0,"turns":5.0},{"damage":0.0,"enemies":"Gremlin Leader","floor":29.0,"turns":5.0},{"damage":2.0,"enemies":"Centurion and Healer","floor":31.0,"turns":4.0},{"damage":16.0,"enemies":"Champ","floor":33.0,"turns":7.0},{"damage":3.0,"enemies":"3 Darklings","floor":35.0,"turns":4.0},{"damage":16.0,"enemies":"3 Shapes","floor":36.0,"turns":3.0},{"damage":52.0,"enemies":"2 Orb Walkers","floor":38.0,"turns":5.0},{"damage":14.0,"enemies":"Giant Head","floor":45.0,"turns":5.0},{"damage":10.0,"enemies":"Nemesis","floor":47.0,"turns":5.0},{"damage":10.0,"enemies":"Giant Head","floor":48.0,"turns":5.0},{"damage":20.0,"enemies":"Donu and Deca","floor":50.0,"turns":6.0},{"damage":2.0,"enemies":"Jaw Worm","floor":52.0,"turns":2.0},{"damage":1.0,"enemies":"2 Louse","floor":54.0,"turns":2.0},{"damage":0.0,"enemies":"Small Slimes","floor":56.0,"turns":2.0},{"damage":4.0,"enemies":"Lagavulin","floor":58.0,"turns":3.0},{"damage":0.0,"enemies":"The Mushroom Lair","floor":62.0,"turns":3.0},{"damage":20.0,"enemies":"2 Fungi Beasts","floor":65.0,"turns":3.0},{"damage":0.0,"enemies":"Slime Boss","floor":67.0,"turns":5.0},{"damage":0.0,"enemies":"Shell Parasite","floor":69.0,"turns":1.0},{"damage":0.0,"enemies":"2 Thieves","floor":71.0,"turns":1.0},{"damage":0.0,"enemies":"Snecko","floor":72.0,"turns":2.0},{"damage":0.0,"enemies":"Gremlin Leader","floor":77.0,"turns":1.0},{"damage":41.0,"enemies":"Slavers","floor":80.0,"turns":3.0},{"damage":2.0,"enemies":"3 Cultists","floor":81.0,"turns":3.0},{"damage":0.0,"enemies":"Gremlin Leader","floor":82.0,"turns":3.0},{"damage":0.0,"enemies":"Automaton","floor":84.0,"turns":6.0},{"damage":18.0,"enemies":"3 Darklings","floor":86.0,"turns":2.0},{"damage":0.0,"enemies":"2 Orb Walkers","floor":88.0,"turns":2.0},{"damage":0.0,"enemies":"3 Shapes","floor":90.0,"turns":1.0},{"damage":0.0,"enemies":"Sphere and 2 Shapes","floor":93.0,"turns":1.0},{"damage":0.0,"enemies":"Reptomancer","floor":94.0,"turns":2.0},{"damage":0.0,"enemies":"Jaw Worm Horde","floor":95.0,"turns":1.0},{"damage":0.0,"enemies":"R_Hoarder","floor":97.0,"turns":1.0},{"damage":10.0,"enemies":"Maw","floor":99.0,"turns":4.0},{"damage":63.0,"enemies":"Donu and Deca","floor":101.0,"turns":6.0},{"damage":0.0,"enemies":"Cultist","floor":103.0,"turns":1.0},{"damage":0.0,"enemies":"2 Louse","floor":106.0,"turns":1.0},{"damage":0.0,"enemies":"Jaw Worm","floor":109.0,"turns":1.0},{"damage":0.0,"enemies":"Lagavulin","floor":110.0,"turns":1.0},{"damage":0.0,"enemies":"Gremlin Nob","floor":111.0,"turns":1.0},{"damage":0.0,"enemies":"Lagavulin","floor":113.0,"turns":1.0},{"damage":0.0,"enemies":"Red Slaver","floor":116.0,"turns":1.0},{"damage":0.0,"enemies":"The Guardian","floor":118.0,"turns":2.0},{"damage":0.0,"enemies":"2 Thieves","floor":120.0,"turns":1.0},{"damage":0.0,"enemies":"Shell Parasite","floor":123.0,"turns":1.0},{"damage":0.0,"enemies":"Slavers","floor":127.0,"turns":1.0},{"damage":0.0,"enemies":"Gremlin Leader","floor":128.0,"turns":1.0},{"damage":0.0,"enemies":"Automaton","floor":135.0,"turns":5.0},{"damage":0.0,"enemies":"Orb Walker","floor":137.0,"turns":1.0},{"damage":0.0,"enemies":"2 Orb Walkers","floor":138.0,"turns":1.0},{"damage":0.0,"enemies":"3 Shapes","floor":140.0,"turns":1.0},{"damage":0.0,"enemies":"Transient","floor":143.0,"turns":5.0},{"damage":0.0,"enemies":"R_Hoarder","floor":145.0,"turns":3.0},{"damage":0.0,"enemies":"4 Shapes","floor":147.0,"turns":1.0},{"damage":3.0,"enemies":"Maw","floor":149.0,"turns":2.0},{"damage":16.0,"enemies":"Donu and Deca","floor":152.0,"turns":5.0},{"damage":0,"enemies":"2 Louse","floor":154,"turns":1},{"damage":0,"enemies":"3 Sentries","floor":157,"turns":1},{"damage":0,"enemies":"Cultist","floor":158,"turns":2},{"damage":0,"enemies":"Lagavulin","floor":160,"turns":1},{"damage":0,"enemies":"Small Slimes","floor":161,"turns":1},{"damage":1,"enemies":"3 Sentries","floor":162,"turns":1},{"damage":0,"enemies":"Exordium Thugs","floor":164,"turns":1},{"damage":0,"enemies":"The Guardian","floor":169,"turns":3},{"damage":0,"enemies":"Shell Parasite","floor":171,"turns":1},{"damage":0,"enemies":"Spheric Guardian","floor":173,"turns":1},{"damage":0,"enemies":"Replay:Snechameleon","floor":178,"turns":1},{"damage":0,"enemies":"Book of Stabbing","floor":179,"turns":2},{"damage":0,"enemies":"Colosseum Slavers","floor":181,"turns":2},{"damage":0,"enemies":"Colosseum Nobs","floor":181,"turns":1},{"damage":0,"enemies":"3 Cultists","floor":184,"turns":4},{"damage":0,"enemies":"Champ","floor":186,"turns":4},{"damage":6,"enemies":"3 Shapes","floor":188,"turns":4}],"seed_played":"9088724718781398894","potions_obtained":[{"floor":3.0,"key":"Doom Potion"},{"floor":7.0,"key":"Fire Potion"},{"floor":10.0,"key":"Dexterity Potion"},{"floor":16.0,"key":"Block Potion"}],"is_trial":true,"path_per_floor":["M","$","M","?","M","R","E","R","T","M","R","E","?","$","R","B",null,"M","?","?","T","M","R","E","R","T","$","R","E","$","M","R","B",null,"M","M","?","?","T","R","$","R","T","?","E","$","E","E","R","B",null,"M","$","M","?","M","R","E","?","T","R","?","$","?","M","R","B",null,"M","?","M","M","?","R","?","R","E","?","R","E","M","E","R","B",null,"M","?","?","?","M","R","$","M","E","M","$","E","R","M","R","B",null,"M","?","?","M","?","R","M","E","E","$","E","$","R","M","R","B",null,"M","?","?","M","?","R","$","E","E","$","R","?","$","?","R","B",null,"M","?","?","M","?","R","M","R","E","R","M","$","M","?","R","B",null,"M","?","?","?","M","R","E","M","E","?","M","R","$","?","R","B",null,"M","?","M","$","?","?","?","E","E","R","?","?","?","M","R","B",null,"M"],"character_chosen":"THE_SERVANT","items_purchased":["SilverBlades","FanOfKnives","GearUp","ReplayTheSpireMod:TigerMarble","Moonlight","Foresight","Tiny Chest","SurpressingFire","Du-Vu Doll","Lantern","Kunai","Blood Vial","Pantograph","Bottled Flame","ReplayTheSpireMod:Shallot","SurpressingFire","Anchor","Apotheosis"],"campfire_rested":12,"item_purchase_floors":[2,14,27,27,27,30,30,41,46,63,63,92,92,92,92,126,148,174],"current_hp_per_floor":[62,62,61,61,61,61,40,59,59,57,57,44,32,32,51,34,65,40,40,40,40,35,54,23,42,42,42,42,42,42,40,59,43,65,62,46,46,32,32,51,65,65,65,65,51,65,55,45,64,44,65,63,65,64,64,64,64,60,60,60,65,65,65,70,50,70,70,70,70,70,70,70,70,70,70,70,70,57,57,19,17,20,44,47,84,66,66,66,66,66,66,80,80,83,86,86,86,86,76,76,26,89,89,83,86,88,91,91,93,95,98,98,98,98,98,98,98,98,98,98,98,98,101,101,101,104,104,104,104,107,107,107,110,110,110,110,110,110,113,113,113,113,113,113,113,113,113,113,110,110,110,109,116,116,105,105,106,107,116,116,116,115,115,116,116,116,77,94,107,116,116,116,116,116,88,88,76,77,78,95,97,97,97,98,98,111,116,110,110],"gold":223,"neow_bonus":"","is_daily":false,"chose_seed":false,"campfire_upgraded":8,"win_rate":0.0,"timestamp":1608809277,"path_taken":["M","$","M","?","?","R","E","R","T","M","R","E","?","?","R","BOSS","M","?","?","?","?","R","E","R","T","$","R","E","$","?","R","BOSS","M","M","?","?","?","R","$","R","T","?","E","$","E","E","R","BOSS","M","?","M","?","M","R","E","?","T","R","?","$","?","M","R","BOSS","M","?","M","M","?","R","?","R","E","?","R","E","M","E","R","BOSS","M","?","?","?","M","R","?","M","E","M","$","E","R","M","R","BOSS","M","?","?","M","?","R","M","E","E","$","E","$","R","M","R","BOSS","M","?","?","M","?","R","$","E","E","$","R","?","?","?","R","BOSS","M","?","?","M","?","R","M","R","E","R","M","$","M","?","R","BOSS","M","?","?","?","M","R","E","M","E","?","M","R","$","?","R","BOSS","M","?","M","$","?","?","?","E","E","R","?","?","?","M","R","BOSS","M"],"items_purchased_type":["Card","Card","Card","Relic","Card","Card","Relic","Card","Relic","Relic","Relic","Relic","Relic","Relic","Relic","Card","Relic","Card"],"build_version":"2020-12-22","purchased_purges":11,"victory":false,"max_hp_per_floor":[65,65,65,65,65,65,65,65,65,65,65,65,65,65,65,65,65,65,65,65,65,65,65,65,65,65,65,65,65,65,65,65,65,65,65,65,65,65,65,65,65,65,65,65,65,65,65,65,65,65,65,65,65,65,65,65,65,65,65,65,65,65,65,70,70,70,70,70,70,70,70,70,70,70,70,70,70,75,75,78,78,81,81,84,84,84,80,80,80,80,80,80,80,83,86,86,86,86,86,86,89,89,89,89,92,92,95,95,95,95,98,98,98,98,98,98,98,98,98,98,98,98,101,101,101,104,104,104,104,107,107,107,110,110,110,110,110,110,113,113,113,113,113,113,113,113,113,113,113,113,113,116,116,116,116,116,116,116,116,116,116,116,116,116,116,116,116,116,116,116,116,116,116,116,116,116,116,116,116,116,116,116,116,116,116,116,116,116,116],"card_choices":[{"not_picked":["StarChef","Replace"],"picked":"Defy","floor":1.0},{"not_picked":["Comet","InstantArmor"],"picked":"SilverBlades","floor":3.0},{"not_picked":["SilverBlades","MoonPhase"],"picked":"Rewind","floor":5.0},{"not_picked":["Rewind","Hightail"],"picked":"Reset","floor":7.0},{"not_picked":["Snipe","Starlight"],"picked":"Moonlight","floor":10.0},{"not_picked":["Rearm","Defy"],"picked":"Starlight","floor":12.0},{"not_picked":["Dilation","Initiator"],"picked":"MurderousAura","floor":16.0},{"not_picked":["DoubleEdge","Spin"],"picked":"BottledTime","floor":18.0},{"not_picked":["Gouge+1","Desolation"],"picked":"Misdirection","floor":22.0},{"not_picked":["Manipulate","BottledTime+1"],"picked":"Rearm","floor":24.0},{"not_picked":["Rewind","DoubleEdge"],"picked":"Barrier","floor":29.0},{"not_picked":["GearUp","Comet"],"picked":"BestPractice","floor":31.0},{"not_picked":["FanOfKnives","Alleviate"],"picked":"RealityMarble","floor":35.0},{"not_picked":["Starlight","Barrier"],"picked":"BestPractice+1","floor":36.0},{"not_picked":["StarChef","Reset+1"],"picked":"Barrier+1","floor":38.0},{"not_picked":["Replace+1","Rewind"],"picked":"Starlight+1","floor":45.0},{"not_picked":["Spin+1","BottledTime","ShatteredReality"],"picked":"SKIP","floor":47.0},{"not_picked":["ShatteredReality","Foresight+1","Alleviate+1"],"picked":"SKIP","floor":48.0},{"not_picked":["ForgedInTime","Initiator"],"picked":"Sunlight","floor":50.0},{"not_picked":["hermit:ImpendingDoom","Replay:Hysterical Blindness"],"picked":"Delirium","floor":51.0},{"not_picked":["Spreading Infection","Shame"],"picked":"Sickly","floor":51.0},{"not_picked":["Hallucinations","Looming Evil"],"picked":"CommonCold","floor":51.0},{"not_picked":["Ricochet","Desolation","TimeWarp"],"picked":"SKIP","floor":52.0},{"not_picked":["BottledTime","Initiator","Unruled"],"picked":"SKIP","floor":54.0},{"not_picked":["Unruled","Rewind","BottledTime"],"picked":"SKIP","floor":56.0},{"not_picked":["ReturningBlade","Read","Rewind"],"picked":"SKIP","floor":58.0},{"not_picked":["Spin","ShatteredReality"],"picked":"Contraction","floor":62.0},{"not_picked":["Moondial","ShatteredReality"],"picked":"Starlight","floor":65.0},{"not_picked":["Potential+1","ShatteredReality"],"picked":"Revamp+1","floor":69.0},{"not_picked":["TimeWarp","Barrier","Sabotage"],"picked":"SKIP","floor":71.0},{"not_picked":["ReturningBlade","ShatteredReality","Starlight"],"picked":"SKIP","floor":72.0},{"not_picked":["RealityMarble","Rearm","BottledTime"],"picked":"SKIP","floor":77.0},{"not_picked":["Unruled","Snipe"],"picked":"BottledTime+1","floor":80.0},{"not_picked":["Sunlight","DoubleEdge","ShiftingGears+1"],"picked":"SKIP","floor":81.0},{"not_picked":["Shuttle","Potential+1"],"picked":"Advance+1","floor":82.0},{"not_picked":["Ricochet","Collapse","Alleviate+1"],"picked":"SKIP","floor":86.0},{"not_picked":["ShatteredReality","Revamp","Ricochet+1"],"picked":"SKIP","floor":90.0},{"not_picked":["MoonPhase+1","Potential","SilverBlades"],"picked":"SKIP","floor":93.0},{"not_picked":["Sunlight","Barrier","SilverBlades+1"],"picked":"SKIP","floor":94.0},{"not_picked":["Replace+1","Ricochet"],"picked":"Starlight+1","floor":95.0},{"not_picked":["Potential+1","Rearm","PendulumOfEternity"],"picked":"SKIP","floor":97.0},{"not_picked":["Rearm+1","ShatteredReality","Defy+1"],"picked":"SKIP","floor":99.0},{"not_picked":["Barrier","ReturningBlade","Defy"],"picked":"SKIP","floor":103.0},{"not_picked":["Rewind","SilverBlades","ShatteredReality"],"picked":"SKIP","floor":106.0},{"not_picked":["ShatteredReality","Shuttle","Desolation"],"picked":"SKIP","floor":109.0},{"not_picked":["TheWorld","DoubleEdge","Starlight"],"picked":"SKIP","floor":110.0},{"not_picked":["Snipe","SpecialFormula"],"picked":"StarChef","floor":111.0},{"not_picked":["WasteNot","Shuttle","StarChef"],"picked":"SKIP","floor":113.0},{"not_picked":["StarChef","Advance","Rearm"],"picked":"SKIP","floor":116.0},{"not_picked":["Moonlight","Advance+1","SpecialFormula"],"picked":"SKIP","floor":120.0},{"not_picked":["Alleviate","Potential+1"],"picked":"Moonlight+1","floor":123.0},{"not_picked":["DualDimension","FloweringNight","InstantArmor"],"picked":"SKIP","floor":127.0},{"not_picked":["Spin","Starlight","Replace"],"picked":"SKIP","floor":128.0},{"not_picked":["Rearm+1","TimeWarp","Rewind+1"],"picked":"SKIP","floor":137.0},{"not_picked":["BestPractice","MoonPhase+1","Luminosity+1"],"picked":"SKIP","floor":140.0},{"not_picked":["Alleviate","Luminosity","Barrier+1"],"picked":"SKIP","floor":143.0},{"not_picked":["Starlight+1","Sabotage+1","Defy+1"],"picked":"SKIP","floor":145.0},{"not_picked":["Alleviate+1","Gouge+1","Replace+1"],"picked":"SKIP","floor":147.0},{"not_picked":["Read","ShiftingGears","Potential+1"],"picked":"SKIP","floor":149.0},{"not_picked":["Potential","Shuttle","Moondial"],"picked":"SKIP","floor":154},{"not_picked":["Defy","Potential","ShatteredReality"],"picked":"SKIP","floor":158},{"not_picked":["Ricochet","Collapse","Unruled"],"picked":"SKIP","floor":160},{"not_picked":["TimeWarp","Deny","BottledTime"],"picked":"SKIP","floor":161},{"not_picked":["Gouge","Rearm","InstantArmor"],"picked":"SKIP","floor":162},{"not_picked":["ShatteredReality","Defy","Solidify"],"picked":"SKIP","floor":164},{"not_picked":["Foresight","DoubleEdge","Moonlight"],"picked":"SKIP","floor":171},{"not_picked":["Spin+1","Defy+1","Rewind"],"picked":"SKIP","floor":173},{"not_picked":["Rewind","Spin","WasteNot+1"],"picked":"SKIP","floor":178},{"not_picked":["Luminosity","MoonPhase","Reset"],"picked":"SKIP","floor":179},{"not_picked":["Sabotage+1","Revamp","ShiftingGears+1"],"picked":"SKIP","floor":184},{"not_picked":["Replace+1","Potential","MoonPhase"],"picked":"SKIP","floor":188}],"player_experience":306774,"relics_obtained":[{"floor":7.0,"key":"Gambling Chip"},{"floor":9.0,"key":"Shuriken"},{"floor":12.0,"key":"Mirror"},{"floor":19.0,"key":"Ring of Greed"},{"floor":19.0,"key":"MawBank"},{"floor":19.0,"key":"Membership Card"},{"floor":19.0,"key":"Ring of Searing"},{"floor":21.0,"key":"Matryoshka"},{"floor":24.0,"key":"Lizard Tail"},{"floor":26.0,"key":"PreservedInsect"},{"floor":26.0,"key":"HornCleat"},{"floor":29.0,"key":"Mercury Hourglass"},{"floor":38.0,"key":"champ:DeflectingBracers"},{"floor":39.0,"key":"Bottled Lightning"},{"floor":39.0,"key":"MealTicket"},{"floor":43.0,"key":"StrikeDummy"},{"floor":45.0,"key":"Pen Nib"},{"floor":47.0,"key":"Juzu Bracelet"},{"floor":48.0,"key":"Replay:Multitool"},{"floor":60.0,"key":"The Courier"},{"floor":62.0,"key":"Odd Mushroom"},{"floor":75.0,"key":"Onion Ring"},{"floor":79.0,"key":"Replay:Ringing Soul"},{"floor":88.0,"key":"Ginger"},{"floor":91.0,"key":"Akabeko"},{"floor":98.0,"key":"Replay:Baseball"},{"floor":108.0,"key":"War Paint"},{"floor":138.0,"key":"Dead Branch"},{"floor":157,"key":"Toy Ornithopter"},{"floor":177,"key":"Enchiridion"},{"floor":181,"key":"Ice Cream"},{"floor":181,"key":"Mummified Hand"}],"event_choices":[{"cards_removed":["Strike_S"],"damage_healed":0.0,"max_hp_gain":0.0,"max_hp_loss":0.0,"gold_gain":0.0,"event_name":"Wheel of Change","player_choice":"Card Removal","floor":4.0,"gold_loss":0.0,"damage_taken":0.0},{"damage_healed":0.0,"max_hp_gain":0.0,"max_hp_loss":0.0,"gold_gain":0.0,"event_name":"betterThird:BetterScrap","player_choice":"Relic ","floor":13.0,"gold_loss":0.0,"damage_taken":12.0,"cards_obtained":["ReplayTheSpireMod:Omega Cannon"]},{"damage_healed":0.0,"max_hp_gain":0.0,"max_hp_loss":0.0,"gold_gain":99.0,"event_name":"betterThird:BetterNest","player_choice":"Steal","floor":20.0,"gold_loss":0.0,"damage_taken":0.0},{"damage_healed":0.0,"max_hp_gain":0.0,"max_hp_loss":0.0,"gold_gain":0.0,"event_name":"Tomb of Lord Red Mask","player_choice":"Ignored","floor":37.0,"gold_loss":0.0,"damage_taken":0.0},{"damage_healed":0.0,"max_hp_gain":0.0,"max_hp_loss":0.0,"gold_gain":0.0,"event_name":"Mysterious Sphere","player_choice":"Fight","floor":38.0,"gold_loss":0.0,"damage_taken":0.0},{"damage_healed":0.0,"max_hp_gain":0.0,"max_hp_loss":0.0,"gold_gain":0.0,"event_name":"Wheel of Change","player_choice":"Cursed","floor":44.0,"gold_loss":0.0,"damage_taken":0.0,"cards_obtained":["Decay"]},{"damage_healed":0.0,"max_hp_gain":0.0,"max_hp_loss":0.0,"gold_gain":0.0,"event_name":"Accursed Blacksmith","player_choice":"Rummage","floor":59.0,"gold_loss":0.0,"damage_taken":0.0,"relics_obtained":["WarpedTongs"],"cards_obtained":["Pain"]},{"damage_healed":0.0,"max_hp_gain":0.0,"max_hp_loss":0.0,"gold_gain":0.0,"event_name":"Mushrooms","player_choice":"Fought Mushrooms","floor":62.0,"gold_loss":0.0,"damage_taken":0.0},{"damage_healed":0.0,"max_hp_gain":5.0,"max_hp_loss":0.0,"gold_gain":0.0,"event_name":"Big Fish","player_choice":"Donut","floor":64.0,"gold_loss":0.0,"damage_taken":0.0},{"damage_healed":0.0,"max_hp_gain":0.0,"max_hp_loss":0.0,"gold_gain":0.0,"event_name":"Vampires","player_choice":"Ignored","floor":70.0,"gold_loss":0.0,"damage_taken":0.0},{"damage_healed":0.0,"max_hp_gain":0.0,"max_hp_loss":0.0,"gold_gain":0.0,"event_name":"Drug Dealer","player_choice":"Inject Mutagens","floor":73.0,"gold_loss":0.0,"damage_taken":0.0,"relics_obtained":["MutagenicStrength"]},{"damage_healed":0.0,"max_hp_gain":5.0,"max_hp_loss":0.0,"gold_gain":0.0,"event_name":"Forgotten Altar","player_choice":"Shed Blood","floor":78.0,"gold_loss":0.0,"damage_taken":18.0},{"damage_healed":0.0,"max_hp_gain":0.0,"max_hp_loss":4.0,"gold_gain":0.0,"event_name":"Winding Halls","player_choice":"Max HP","floor":87.0,"gold_loss":0.0,"damage_taken":0.0},{"damage_healed":0.0,"max_hp_gain":0.0,"max_hp_loss":0.0,"gold_gain":0.0,"event_name":"Mysterious Sphere","player_choice":"Fight","floor":88.0,"gold_loss":0.0,"damage_taken":0.0},{"cards_removed":["Rewind"],"damage_healed":0.0,"max_hp_gain":0.0,"max_hp_loss":0.0,"gold_gain":0.0,"event_name":"Falling","player_choice":"Removed Skill","floor":89.0,"gold_loss":0.0,"damage_taken":0.0},{"damage_healed":0.0,"max_hp_gain":0.0,"max_hp_loss":0.0,"gold_gain":1.0,"event_name":"betterThird:BetterScrap","player_choice":"Relic Relic ","floor":104.0,"gold_loss":0.0,"damage_taken":6.0,"cards_obtained":["All For One"]},{"damage_healed":83.0,"max_hp_gain":0.0,"max_hp_loss":89.0,"gold_gain":0.0,"event_name":"betterThird:BetterShining","player_choice":"Embrace Burn","floor":105.0,"gold_loss":0.0,"damage_taken":0.0},{"damage_healed":0.0,"max_hp_gain":0.0,"max_hp_loss":0.0,"gold_gain":0.0,"event_name":"Match and Keep!","player_choice":"1 cards matched","floor":107.0,"gold_loss":0.0,"damage_taken":0.0,"cards_obtained":["FlawlessForm"]},{"damage_healed":0.0,"max_hp_gain":0.0,"max_hp_loss":0.0,"gold_gain":0.0,"event_name":"Golden Shrine","player_choice":"Ignored","floor":117.0,"gold_loss":0.0,"damage_taken":0.0},{"cards_removed":["Defend_S"],"damage_healed":0.0,"max_hp_gain":0.0,"max_hp_loss":0.0,"gold_gain":0.0,"event_name":"betterThird:BetterWriting","player_choice":"Elegance","floor":121.0,"gold_loss":0.0,"damage_taken":0.0},{"damage_healed":0.0,"max_hp_gain":0.0,"max_hp_loss":0.0,"gold_gain":0.0,"event_name":"Cursed Tome","player_choice":"Ignored","floor":122.0,"gold_loss":0.0,"damage_taken":0.0},{"cards_removed":["Gouge"],"damage_healed":0.0,"max_hp_gain":0.0,"max_hp_loss":0.0,"gold_gain":0.0,"event_name":"Beggar","player_choice":"Gave Gold","floor":124.0,"gold_loss":75.0,"damage_taken":0.0},{"damage_healed":0.0,"max_hp_gain":0.0,"max_hp_loss":0.0,"gold_gain":0.0,"event_name":"The Mausoleum","player_choice":"Opened","floor":131.0,"gold_loss":0.0,"damage_taken":0.0,"relics_obtained":["Replay:Bottled Flurry"]},{"damage_healed":0.0,"max_hp_gain":0.0,"max_hp_loss":0.0,"gold_gain":0.0,"event_name":"Addict","player_choice":"Stole Relic","floor":133.0,"gold_loss":0.0,"damage_taken":0.0,"relics_obtained":["InkBottle"],"cards_obtained":["Shame"]},{"damage_healed":0.0,"max_hp_gain":0.0,"max_hp_loss":0.0,"gold_gain":0.0,"event_name":"Mysterious Sphere","player_choice":"Fight","floor":138.0,"gold_loss":0.0,"damage_taken":0.0},{"damage_healed":0.0,"max_hp_gain":0.0,"max_hp_loss":0.0,"gold_gain":0.0,"event_name":"Match and Keep!","player_choice":"1 cards matched","floor":139.0,"gold_loss":0.0,"damage_taken":0.0,"cards_obtained":["KidneyShot"]},{"damage_healed":0.0,"max_hp_gain":0.0,"max_hp_loss":0.0,"gold_gain":0.0,"event_name":"Tomb of Lord Red Mask","player_choice":"Ignored","floor":141.0,"gold_loss":0.0,"damage_taken":0.0},{"damage_healed":0.0,"max_hp_gain":0.0,"max_hp_loss":0.0,"gold_gain":0.0,"event_name":"SensoryStone","player_choice":"Memory 1","floor":150.0,"gold_loss":0.0,"damage_taken":0.0},{"damage_healed":0,"gold_gain":75,"player_choice":"Gold","damage_taken":11,"max_hp_gain":0,"max_hp_loss":0,"event_name":"betterThird:BetterGoop","floor":155,"gold_loss":0},{"damage_healed":0,"gold_gain":0,"player_choice":"Ignored","damage_taken":0,"max_hp_gain":0,"max_hp_loss":0,"event_name":"Golden Shrine","floor":156,"gold_loss":0},{"damage_healed":0,"gold_gain":0,"player_choice":"Searched \u00272\u0027 times","damage_taken":0,"max_hp_gain":0,"max_hp_loss":0,"event_name":"Dead Adventurer","floor":157,"gold_loss":0},{"cards_removed":["Sunlight"],"damage_healed":0,"gold_gain":0,"player_choice":"Gave Card","damage_taken":0,"relics_obtained":["Garlic"],"max_hp_gain":0,"max_hp_loss":0,"event_name":"WeMeetAgain","floor":163,"gold_loss":0},{"damage_healed":0,"gold_gain":1,"player_choice":"Relic Relic ","damage_taken":39,"max_hp_gain":0,"max_hp_loss":0,"event_name":"betterThird:BetterScrap","floor":167,"gold_loss":0,"cards_obtained":["Toxin Wave"]},{"cards_removed":["ReplayTheSpireMod:Splinters"],"damage_healed":0,"gold_gain":0,"player_choice":"Purged","damage_taken":0,"max_hp_gain":0,"max_hp_loss":0,"event_name":"Purifier","floor":172,"gold_loss":0},{"damage_healed":0,"gold_gain":0,"player_choice":"Shed Blood","damage_taken":29,"max_hp_gain":5,"max_hp_loss":0,"event_name":"Forgotten Altar","floor":175,"gold_loss":0},{"damage_healed":0,"gold_gain":0,"player_choice":"Stole Relic","damage_taken":0,"relics_obtained":["Replay:Rubber Ducky"],"max_hp_gain":0,"max_hp_loss":0,"event_name":"Addict","floor":176,"gold_loss":0,"cards_obtained":["Shame"]},{"damage_healed":0,"gold_gain":0,"player_choice":"Obtained Book","damage_taken":16,"max_hp_gain":0,"max_hp_loss":0,"event_name":"Cursed Tome","floor":177,"gold_loss":0},{"damage_healed":0,"gold_gain":0,"player_choice":"Fight","damage_taken":0,"max_hp_gain":0,"max_hp_loss":0,"event_name":"Colosseum","floor":181,"gold_loss":0},{"damage_healed":0,"gold_gain":0,"player_choice":"Fought Nobs","damage_taken":0,"max_hp_gain":0,"max_hp_loss":0,"event_name":"Colosseum","floor":181,"gold_loss":0},{"cards_removed":["Shame"],"damage_healed":0,"gold_gain":0,"player_choice":"Elegance","damage_taken":0,"max_hp_gain":0,"max_hp_loss":0,"event_name":"betterThird:BetterWriting","floor":182,"gold_loss":0},{"damage_healed":0,"gold_gain":0,"player_choice":"Ignored","damage_taken":0,"max_hp_gain":0,"max_hp_loss":0,"event_name":"Ghosts","floor":183,"gold_loss":0}],"is_beta":false,"boss_relics":[{"not_picked":["StoneMask","SlaversCollar"],"picked":"Sozu"},{"not_picked":["Pandora\u0027s Box","Ring of Chaos"],"picked":"Fusion Hammer"},{"not_picked":["Snecko Heart","MysterySword"],"picked":"Replay:Ancient Bell"},{"not_picked":["Centennial Puzzle","Regal Pillow"],"picked":"Art of War"},{"not_picked":["Onion Ring","Replay:WaspNest"],"picked":"Replay:Bottled Eggs"},{"not_picked":["StoneCalendar","Girya"],"picked":"Thread and Needle"},{"not_picked":["Runic Pyramid","Busted Crown"],"picked":"SplendidAttire"},{"not_picked":["Astrolabe","Abe\u0027s Treasure"],"picked":"Cursed Key"},{"not_picked":["Painkiller Herb","Runic Dome"],"picked":"SacredBark"},{"not_picked":["Kintsugi","ReplayTheSpireMod:Onyx Gauntlets"],"picked":"Replay:Bronze Core"},{"not_picked":["MysterySword","Pandora\u0027s Box"],"picked":"Black Star"},{"not_picked":["Snecko Eye","Ring of Chaos"],"picked":"SlaversCollar"},{"not_picked":["Philosopher\u0027s Stone","MysterySword"],"picked":"Replay:Grab Bag"},{"not_picked":["Runic Dome","ReplayTheSpireMod:DimensionalGlitch"],"picked":"ChewingGum"},{"not_picked":["Coffee Dripper","Painkiller Herb"],"picked":"Abe\u0027s Treasure"},{"not_picked":["Ring of Chaos","Snecko Eye"],"picked":"Pandora\u0027s Box"},{"not_picked":["Kintsugi","Astrolabe"],"picked":"Empty Cage"},{"not_picked":["Tiny House","Snecko Heart","Velvet Choker"]}],"items_purged_floors":[27,30,41,46,53,63,92,112,114,166,174],"is_endless":true,"potions_floor_spawned":[3,7,10,16,18,22,31,36,47,48,58,62,67,69,72,77,86,93,101,106,111,116,118,120,127,138,143,147,149,157,160,161,169,179,181,181,188],"killed_by":"3 Shapes","ascension_level":0}}