{"host":"85gsg7iislfawqi4","time":1608815689,"event":{"mods":["AchievementEnabler","Aspiration","BaseMod","Beaked The Cultist","Better Altar","Better Match","Better Note","Better Sensory Stone","Better Skull","Better Third Choice","BetterRewards","CCEM","Colored Map","Conspire","Downfall","GifTheSpireLib","Googly Eyes","Highlight Path","Hubris","Infinite Spire","Minty Spire (QoL Compilation)","Permanent Neow","Replay The Spire","Robot Space Explorer","Spicy Shops","StSLib","Stuff the Spire","Unceasing Turn Reminder"],"gold_per_floor":[111,111,111,125,145,180,180,190,190,203,378,378,412,432,432,535,535,509,784,784,784,802,802,815,815,838,871,200,214,314,314,387,489,489,506,516,526,573,275,307,307,307,330,330,330,347,376,376,376,376,376,376,231,259,259,259],"floor_reached":55,"playtime":4380,"items_purged":["Regret","Doubt"],"score":878,"play_id":"4fb4063a-bf35-457f-b1c5-a1edf366d7f2","local_time":"20201224141449","is_ascension_mode":false,"campfire_choices":[{"data":"RobotSpaceExplorer:DroneSwarm","floor":7,"key":"SMITH"},{"data":"RobotSpaceExplorer:Fix","floor":15,"key":"SMITH"},{"data":"StuffTheSpire:CopiaOfFamine","floor":23,"key":"SMITH"},{"data":"RobotSpaceExplorer:TrailblazerForm","floor":25,"key":"SMITH"},{"data":"RobotSpaceExplorer:Explosion","floor":41,"key":"SMITH"},{"data":"RobotSpaceExplorer:StarDust","floor":45,"key":"SMITH"},{"floor":49,"key":"RECALL"},{"data":"RobotSpaceExplorer:Multitool","floor":52,"key":"SMITH"}],"circlet_count":0,"master_deck":["RobotSpaceExplorer:Strike","RobotSpaceExplorer:Strike","RobotSpaceExplorer:Strike","RobotSpaceExplorer:Strike","RobotSpaceExplorer:Defend","RobotSpaceExplorer:Defend","RobotSpaceExplorer:Defend","RobotSpaceExplorer:Scan","RobotSpaceExplorer:MiniLasers","RobotSpaceExplorer:SurgingStrike","infinitespire:Starlight+1","RobotSpaceExplorer:GearShield","RobotSpaceExplorer:ShovelStrike","RobotSpaceExplorer:DroneSwarm+1","RobotSpaceExplorer:PowerCollector","RobotSpaceExplorer:MiniDrones","RobotSpaceExplorer:Fix+1","RobotSpaceExplorer:TrailblazerForm+1","RobotSpaceExplorer:SurgingStrike","StuffTheSpire:CopiaOfFamine+1","RobotSpaceExplorer:StunGrenade","RobotSpaceExplorer:StarDust+1","RobotSpaceExplorer:Explosion+1","RobotSpaceExplorer:FranticSearch+1","RobotSpaceExplorer:PowerCollector","RobotSpaceExplorer:GearShield","RobotSpaceExplorer:DoubleFind+1","RobotSpaceExplorer:Pulsar+1","RobotSpaceExplorer:Multitool+1","RobotSpaceExplorer:Multitool"],"relics":["RobotSpaceExplorer:RoboCore","aspiration:Nostalgia","m_GuardianBlood","Orichalcum","CCEMRelics:GrindingGear","Shuriken","Ancient Tea Set","conspire:RoyalGoblet","Vajra","Boot","Chemical X","CCEMRelics:GrapeVine","StuffTheSpire:ForceGauntlet","Replay:Wanted Poster","Replay:PocketPolymizer","Philosopher\u0027s Stone","CCEMRelics:D6","StuffTheSpire:Experiment12","Oddly Smooth Stone","Incense Burner","CCEMRelics:FryingPan","ReplayTheSpireMod:Lightbulb","hubris:Icosahedron","infinitespire:Lucky Rock","ReplayTheSpireMod:TigerMarble","CCEMRelics:TechnogenicHelmet"],"acts_visited":["Exordium","TheCity","TheBeyond","TheEnding"],"potions_floor_usage":[33,33,38,38,40,55],"damage_taken":[{"damage":0,"enemies":"2 Louse","floor":1,"turns":3},{"damage":4,"enemies":"Jaw Worm","floor":4,"turns":2},{"damage":0,"enemies":"Small Slimes","floor":5,"turns":3},{"damage":29,"enemies":"Gremlin Nob","floor":6,"turns":5},{"damage":0,"enemies":"Blue Slaver","floor":8,"turns":4},{"damage":0,"enemies":"Gremlin Gang","floor":10,"turns":4},{"damage":16,"enemies":"Lagavulin","floor":13,"turns":6},{"damage":4,"enemies":"Large Slime","floor":14,"turns":5},{"damage":35,"enemies":"The Guardian","floor":16,"turns":10},{"damage":28,"enemies":"2 Thieves","floor":18,"turns":5},{"damage":2,"enemies":"Shell Parasite","floor":22,"turns":7},{"damage":2,"enemies":"conspire:HollyBat","floor":24,"turns":10},{"damage":4,"enemies":"Book of Stabbing","floor":27,"turns":7},{"damage":0,"enemies":"Snake Plant","floor":29,"turns":4},{"damage":0,"enemies":"Champ","floor":33,"turns":8},{"damage":0,"enemies":"3 Shapes","floor":35,"turns":2},{"damage":0,"enemies":"Orb Walker","floor":36,"turns":4},{"damage":8,"enemies":"4 Shapes","floor":37,"turns":3},{"damage":5,"enemies":"2 Orb Walkers","floor":38,"turns":3},{"damage":0,"enemies":"Giant Head","floor":40,"turns":8},{"damage":0,"enemies":"Maw","floor":46,"turns":6},{"damage":18,"enemies":"R_Hoarder","floor":47,"turns":7},{"damage":2,"enemies":"Donu and Deca","floor":50,"turns":8},{"damage":1,"enemies":"Shield and Spear","floor":54,"turns":4},{"damage":96,"enemies":"The Heart","floor":55,"turns":9}],"seed_played":"5006637690252263620","potions_obtained":[{"floor":4,"key":"Swift Potion"},{"floor":5,"key":"LifebloodPotion"},{"floor":10,"key":"RobotSpaceExplorer:RecyclePotion"},{"floor":13,"key":"BlessingOfTheForge"},{"floor":33,"key":"Adrenaline Potion"},{"floor":35,"key":"sneckomod:MuddlingPotion"},{"floor":54,"key":"GamblersBrew"}],"is_trial":false,"path_per_floor":["M","?","?","M","M","E","R","M","T","M","?","?","E","M","R","B",null,"M","?","?","?","M","R","M","R","T","E","$","M","AVR","?","R_BF","B",null,"M","M","M","?","$","E","R","?","T","?","R","M","E","T","R","B",null,"R","$","E","B"],"character_chosen":"RobotSpaceExplorer","items_purchased":["Chemical X","CCEMRelics:GrapeVine","StuffTheSpire:ForceGauntlet","RobotSpaceExplorer:StarDust","StuffTheSpire:Experiment12","Oddly Smooth Stone","ReplayTheSpireMod:TigerMarble"],"campfire_rested":0,"item_purchase_floors":[28,28,28,28,39,39,53],"current_hp_per_floor":[75,56,56,68,75,52,52,68,68,75,75,75,65,75,75,66,75,74,74,74,54,75,75,75,75,75,75,75,75,75,75,75,75,75,75,75,75,75,75,75,75,75,75,75,75,75,63,63,63,75,75,75,75,75,0,0],"gold":259,"neow_bonus":"NOSTALGIA","is_daily":false,"chose_seed":false,"campfire_upgraded":7,"win_rate":0.0,"timestamp":1608815689,"path_taken":["M","?","?","M","M","E","R","M","T","M","?","?","E","M","R","BOSS","M","?","?","?","M","R","M","R","T","E","$","M","AVR","?","R_BF","BOSS","M","M","M","?","$","E","R","?","T","?","R","M","E","?","R","BOSS","R","$","E","BOSS"],"items_purchased_type":["Relic","Relic","Relic","Card","Relic","Relic","Relic"],"build_version":"2020-12-22","purchased_purges":2,"victory":false,"max_hp_per_floor":[75,75,75,75,75,75,75,75,75,75,75,75,75,75,75,75,75,75,75,75,75,75,75,75,75,75,75,75,75,75,75,75,75,75,75,75,75,75,75,75,75,75,75,75,75,75,75,75,75,75,75,75,75,75,75,75],"card_choices":[{"not_picked":["RobotSpaceExplorer:ScrapToss","Twin Strike"],"picked":"RobotSpaceExplorer:SurgingStrike","floor":1},{"not_picked":["hubris:Rewind","infinitespire:SealOfDarkness+"],"picked":"infinitespire:Starlight","floor":2},{"not_picked":["RobotSpaceExplorer:FranticSearch","RobotSpaceExplorer:Counterblock"],"picked":"RobotSpaceExplorer:GearShield","floor":4},{"not_picked":["RobotSpaceExplorer:Counterblock","RobotSpaceExplorer:GlueSpray"],"picked":"RobotSpaceExplorer:ShovelStrike","floor":5},{"not_picked":["RobotSpaceExplorer:ExhaustFan","RobotSpaceExplorer:Comet"],"picked":"RobotSpaceExplorer:DroneSwarm","floor":6},{"not_picked":["Body Slam","RobotSpaceExplorer:Probe"],"picked":"RobotSpaceExplorer:PowerCollector","floor":8},{"not_picked":["RobotSpaceExplorer:SwiftStep","Thunderclap"],"picked":"RobotSpaceExplorer:MiniDrones","floor":10},{"not_picked":["RobotSpaceExplorer:SwiftStep","RobotSpaceExplorer:ShovelStrike","RobotSpaceExplorer:GlueShot"],"picked":"SKIP","floor":13},{"not_picked":["RobotSpaceExplorer:MakeshiftVolley","RobotSpaceExplorer:SurgingStrike"],"picked":"RobotSpaceExplorer:Fix","floor":14},{"not_picked":["RobotSpaceExplorer:Arsenal","RobotSpaceExplorer:Comet"],"picked":"RobotSpaceExplorer:TrailblazerForm","floor":16},{"not_picked":["RobotSpaceExplorer:SurgingShield","RobotSpaceExplorer:Ammunition"],"picked":"RobotSpaceExplorer:SurgingStrike","floor":18},{"not_picked":["RobotSpaceExplorer:ImprovisedAttack","RobotSpaceExplorer:MiniDrones"],"picked":"RobotSpaceExplorer:StunGrenade","floor":22},{"not_picked":["RobotSpaceExplorer:SlimeMissile","RobotSpaceExplorer:Reload","RobotSpaceExplorer:LuckyStrike"],"picked":"SKIP","floor":24},{"not_picked":["RobotSpaceExplorer:ShovelStrike","RobotSpaceExplorer:Ammunition","RobotSpaceExplorer:ChargingLaser"],"picked":"SKIP","floor":27},{"not_picked":["RobotSpaceExplorer:ExhaustFan","RobotSpaceExplorer:SlimeMissile","RobotSpaceExplorer:Electroshield"],"picked":"SKIP","floor":29},{"not_picked":["RobotSpaceExplorer:Probe+1","RobotSpaceExplorer:StunGrenade"],"picked":"RobotSpaceExplorer:FranticSearch+1","floor":35},{"not_picked":["RobotSpaceExplorer:SurgingShield","RobotSpaceExplorer:ShockKick"],"picked":"RobotSpaceExplorer:PowerCollector","floor":36},{"not_picked":["RobotSpaceExplorer:Probe+1","RobotSpaceExplorer:FrostMissile"],"picked":"RobotSpaceExplorer:GearShield","floor":37},{"not_picked":["RobotSpaceExplorer:GlueShot","RobotSpaceExplorer:SwiftStep"],"picked":"RobotSpaceExplorer:Exploration","floor":38},{"not_picked":["RobotSpaceExplorer:Counterblock+1","RobotSpaceExplorer:ShockKick"],"picked":"RobotSpaceExplorer:DoubleFind+1","floor":40},{"not_picked":["RobotSpaceExplorer:Ammunition+1","RobotSpaceExplorer:ToxicBomb"],"picked":"RobotSpaceExplorer:Pulsar+1","floor":46},{"not_picked":["RobotSpaceExplorer:Electroshield","RobotSpaceExplorer:Discharger"],"picked":"RobotSpaceExplorer:Multitool","floor":47},{"not_picked":["RobotSpaceExplorer:Probe+1","RobotSpaceExplorer:SurgingStrike"],"picked":"RobotSpaceExplorer:Multitool","floor":54}],"player_experience":323265,"relics_obtained":[{"floor":3,"key":"Orichalcum"},{"floor":6,"key":"CCEMRelics:GrindingGear"},{"floor":9,"key":"Shuriken"},{"floor":13,"key":"Ancient Tea Set"},{"floor":26,"key":"Vajra"},{"floor":27,"key":"Boot"},{"floor":38,"key":"CCEMRelics:D6"},{"floor":40,"key":"Incense Burner"},{"floor":40,"key":"CCEMRelics:FryingPan"},{"floor":43,"key":"ReplayTheSpireMod:Lightbulb"},{"floor":47,"key":"infinitespire:Lucky Rock"},{"floor":54,"key":"CCEMRelics:TechnogenicHelmet"}],"event_choices":[{"damage_healed":0,"gold_gain":175,"player_choice":"AGREE","damage_taken":203,"max_hp_gain":0,"max_hp_loss":0,"event_name":"betterThird:BetterSerpent","floor":11,"gold_loss":0},{"damage_healed":0,"gold_gain":275,"player_choice":"Desecrate","damage_taken":0,"max_hp_gain":0,"max_hp_loss":0,"event_name":"Golden Shrine","floor":19,"gold_loss":0,"cards_obtained":["Regret"]},{"damage_healed":0,"gold_gain":0,"player_choice":"Ignored","damage_taken":0,"max_hp_gain":0,"max_hp_loss":0,"event_name":"betterNote:BetterNote","floor":20,"gold_loss":0,"cards_obtained":["Guardian:Orbwalk"]},{"damage_healed":0,"gold_gain":0,"player_choice":"Ignored","damage_taken":0,"max_hp_gain":0,"max_hp_loss":0,"event_name":"Ghosts","floor":31,"gold_loss":0},{"damage_healed":0,"gold_gain":0,"player_choice":"Fight","damage_taken":0,"max_hp_gain":0,"max_hp_loss":0,"event_name":"Mysterious Sphere","floor":38,"gold_loss":0}],"is_beta":false,"boss_relics":[{"not_picked":["Sozu","RobotSpaceExplorer:Reprocessor"],"picked":"conspire:RoyalGoblet"},{"not_picked":["beaked:SacredDeck","aspiration:FutureDiary"],"picked":"Philosopher\u0027s Stone"}],"items_purged_floors":[28,30],"is_endless":false,"potions_floor_spawned":[4,5,10,13,22,29,33,35,36,54],"killed_by":"The Heart","ascension_level":0}}