{"host":"baymyijz6sxaqj5s","time":1608792960,"event":{"mods":["AchievementEnabler","BaseMod","Colored Map","Colored Powertips","DeckTracker","KOR Keyword Fix","Keyboard Shortcuts","Minty Spire (QoL Compilation)","Quick Restart","StSLib","SuperFastMode"],"gold_per_floor":[112,130,205,219,219,219,219,219,219,67,77,89,118,128,128,128,128],"floor_reached":16,"playtime":386,"items_purged":[],"score":107,"play_id":"ce3f0527-c54b-4607-b366-dd0ef739fba8","local_time":"20201224155600","is_ascension_mode":true,"campfire_choices":[{"data":"Bloodletting","floor":6,"key":"SMITH"},{"data":"Ghostly Armor","floor":8,"key":"SMITH"},{"data":"Flame Barrier","floor":15,"key":"SMITH"}],"circlet_count":0,"master_deck":["Strike_R","Strike_R","Strike_R","Strike_R","Strike_R","Defend_R","Defend_R","Defend_R","Defend_R","Bash","Bloodletting+1","Entrench+1","Ghostly Armor+1","Flame Barrier+1","Inflame","Twin Strike","Shrug It Off"],"relics":["Burning Blood","Bird Faced Urn","Paper Frog"],"acts_visited":["Exordium"],"potions_floor_usage":[13,16],"damage_taken":[{"damage":7,"enemies":"Small Slimes","floor":1,"turns":3},{"damage":6,"enemies":"Jaw Worm","floor":2,"turns":4},{"damage":1,"enemies":"Cultist","floor":4,"turns":3},{"damage":1,"enemies":"Exordium Wildlife","floor":11,"turns":4},{"damage":0,"enemies":"2 Fungi Beasts","floor":12,"turns":4},{"damage":15,"enemies":"Gremlin Nob","floor":13,"turns":5},{"damage":12,"enemies":"3 Louse","floor":14,"turns":4},{"damage":77,"enemies":"Slime Boss","floor":16,"turns":13}],"seed_played":"6377876888575998066","potions_obtained":[{"floor":1,"key":"GamblersBrew"},{"floor":2,"key":"PowerPotion"},{"floor":11,"key":"LiquidBronze"}],"is_trial":false,"path_per_floor":["M","M","?","M","?","R","?","R","T","$","M","M","E","M","R","B"],"character_chosen":"IRONCLAD","items_purchased":["Flame Barrier","Inflame"],"campfire_rested":0,"item_purchase_floors":[10,10],"current_hp_per_floor":[87,87,76,81,81,81,81,81,81,81,88,88,79,75,75,0,0],"gold":128,"neow_bonus":"TEN_PERCENT_HP_BONUS","is_daily":false,"chose_seed":false,"campfire_upgraded":3,"win_rate":0.0,"timestamp":1608792960,"path_taken":["M","M","?","M","?","R","?","R","T","$","M","?","E","M","R","BOSS"],"items_purchased_type":["Card","Card"],"build_version":"2020-12-22","purchased_purges":0,"victory":false,"max_hp_per_floor":[88,88,88,88,88,88,88,88,88,88,88,88,88,88,88,88,88],"card_choices":[{"not_picked":["Dropkick","Warcry"],"picked":"Bloodletting","floor":1},{"not_picked":["Evolve","Combust"],"picked":"Entrench","floor":2},{"not_picked":["Twin Strike","Dropkick"],"picked":"Ghostly Armor","floor":4},{"not_picked":["Shockwave","Bloodletting","Burning Pact"],"picked":"SKIP","floor":11},{"not_picked":["Flex","Burning Pact"],"picked":"Twin Strike","floor":12},{"not_picked":["Sword Boomerang","Metallicize"],"picked":"Shrug It Off","floor":13},{"not_picked":["Warcry","Exhume","Headbutt"],"picked":"SKIP","floor":14}],"player_experience":210305,"relics_obtained":[{"floor":9,"key":"Bird Faced Urn"},{"floor":13,"key":"Paper Frog"}],"event_choices":[{"damage_healed":0,"gold_gain":75,"player_choice":"Gather Gold","damage_taken":11,"max_hp_gain":0,"max_hp_loss":0,"event_name":"World of Goop","floor":3,"gold_loss":0},{"damage_healed":0,"gold_gain":0,"player_choice":"Grow","damage_taken":0,"max_hp_gain":0,"max_hp_loss":0,"event_name":"Living Wall","floor":5,"gold_loss":0,"cards_upgraded":["Entrench"]},{"damage_healed":0,"gold_gain":0,"player_choice":"0 cards matched","damage_taken":0,"max_hp_gain":0,"max_hp_loss":0,"event_name":"Match and Keep!","floor":7,"gold_loss":0,"cards_obtained":[]}],"is_beta":false,"boss_relics":[],"items_purged_floors":[],"is_endless":false,"potions_floor_spawned":[1,2,11],"killed_by":"Slime Boss","ascension_level":1}}