{"host":"fhwr1fuluf6086fh","time":1608785093,"event":{"mods":["2.2 Compatiblity","Act Like it!","BaseMod","Elementarium","Hermit","Minty Spire (QoL Compilation)","Robot Space Explorer","StSLib","The Blue Laboratory","The Dragon Tamer","The Factory","The Hierophant","TheLocksmith"],"gold_per_floor":[115,133,147,165,240,272,347,367,367,58,58,110,128,146,146,184,184,205,220,28,93,115,115,115,133,208,240,43,111,134,161,161,248,248,276,58,58,0,0,110,110,139,185,210,225,225,225,248,248,238],"floor_reached":51,"playtime":4760,"items_purged":["hierophant:Strike_Hierophant"],"score":836,"play_id":"77ff7273-eb0c-4ed3-aec4-7ed0bc3e7f68","local_time":"20201223234453","is_ascension_mode":false,"campfire_choices":[{"floor":11,"key":"REST"},{"data":"hierophant:LocustPlague","floor":15,"key":"SMITH"},{"data":"hierophant:SolarFlare","floor":23,"key":"SMITH"},{"data":"hierophant:MorningPrayer","floor":32,"key":"SMITH"},{"data":"hierophant:Levitation","floor":41,"key":"SMITH"},{"floor":49,"key":"REST"}],"circlet_count":0,"master_deck":["hierophant:Strike_Hierophant","hierophant:Strike_Hierophant","hierophant:Strike_Hierophant","hierophant:Punish","hierophant:Defend_Hierophant","hierophant:Defend_Hierophant","hierophant:Defend_Hierophant","hierophant:Defend_Hierophant","hierophant:ChurchCoffers","hierophant:OrnateBuckler","hierophant:MorningPrayer+1","hierophant:LocustPlague+1","hierophant:FlamingChariot","hierophant:SolarFlare+1","hierophant:Mercenaries","hierophant:Bribe+1","hierophant:FieryStrike+1","hierophant:Zeal+1","hierophant:Smite+1","hierophant:LocustPlague+1","hierophant:FaithHealing","hierophant:FieryStrike+1","hierophant:FlamingChariot+1","hierophant:Purify+1","hierophant:MorningPrayer+1","hierophant:MorningPrayer","hierophant:Community","hierophant:MorningPrayer","hierophant:OrnateJavelin+1","hierophant:Alms","hierophant:Levitation+1","hierophant:HammerAndAnvil+1","hierophant:LocustPlague+1","Regret","Regret","hierophant:Repentance+1","hierophant:FieryStrike+1"],"relics":["hierophant:PropheticMaskRelic","Centennial Puzzle","Molten Egg 2","hierophant:DonationBoxRelic","Darkstone Periapt","Snecko Eye","Bronze Scales","Ornamental Fan","Matryoshka","Art of War","Torii","Cursed Key","DollysMirror","Red Mask","Letter Opener","Happy Flower","Toxic Egg 2","Juzu Bracelet","War Paint","Strawberry"],"acts_visited":["Exordium","TheCity","TheBeyond"],"potions_floor_usage":[6,6,27,33,50],"damage_taken":[{"damage":0,"enemies":"2 Louse","floor":1,"turns":2},{"damage":1,"enemies":"Cultist","floor":2,"turns":4},{"damage":0,"enemies":"Small Slimes","floor":3,"turns":3},{"damage":0,"enemies":"3 Louse","floor":4,"turns":2},{"damage":30,"enemies":"Gremlin Nob","floor":6,"turns":4},{"damage":0,"enemies":"Looter","floor":8,"turns":2},{"damage":1,"enemies":"3 Sentries","floor":12,"turns":5},{"damage":0,"enemies":"Blue Slaver","floor":13,"turns":2},{"damage":0,"enemies":"Large Slime","floor":14,"turns":2},{"damage":7,"enemies":"Hexaghost","floor":16,"turns":4},{"damage":5,"enemies":"Chosen","floor":18,"turns":3},{"damage":0,"enemies":"Spheric Guardian","floor":19,"turns":2},{"damage":0,"enemies":"Snake Plant","floor":21,"turns":1},{"damage":0,"enemies":"3 Cultists","floor":22,"turns":3},{"damage":0,"enemies":"Centurion and Healer","floor":25,"turns":2},{"damage":8,"enemies":"Book of Stabbing","floor":27,"turns":2},{"damage":1,"enemies":"Gremlin Leader","floor":29,"turns":3},{"damage":1,"enemies":"Snake Plant","floor":30,"turns":2},{"damage":0,"enemies":"3 Cultists","floor":31,"turns":3},{"damage":9,"enemies":"Champ","floor":33,"turns":5},{"damage":0,"enemies":"3 Shapes","floor":35,"turns":4},{"damage":6,"enemies":"Giant Head","floor":40,"turns":5},{"damage":4,"enemies":"Orb Walker","floor":42,"turns":2},{"damage":15,"enemies":"Nemesis","floor":44,"turns":9},{"damage":6,"enemies":"Spire Growth","floor":45,"turns":2},{"damage":4,"enemies":"Transient","floor":48,"turns":5},{"damage":12,"enemies":"Donu and Deca","floor":50,"turns":4}],"seed_played":"-8503163061084638867","potions_obtained":[{"floor":1,"key":"AttackPotion"},{"floor":2,"key":"blueLaboratory:LouseDecoction"},{"floor":13,"key":"Ancient Potion"},{"floor":16,"key":"blueLaboratory:SavagePotion"},{"floor":19,"key":"Explosive Potion"},{"floor":22,"key":"FearPotion"},{"floor":24,"key":"Energy Potion"},{"floor":30,"key":"Block Potion"},{"floor":31,"key":"EntropicBrew"},{"floor":33,"key":"SpeedPotion"},{"floor":42,"key":"Strength Potion"}],"is_trial":false,"path_per_floor":["M","M","M","M","?","E","?","M","T","$","R","E","M","M","R","B",null,"M","M","$","M","M","R","?","M","T","E","$","E","M","M","R","B",null,"M","$","?","?","T","E","R","M","T","E","M","?","?","M","R","B",null],"character_chosen":"HIEROPHANT","items_purchased":["hierophant:DonationBoxRelic","hierophant:Bribe","hierophant:FlamingChariot+1","Bronze Scales","hierophant:MorningPrayer","Art of War","DollysMirror"],"campfire_rested":2,"item_purchase_floors":[10,10,20,20,28,28,36],"current_hp_per_floor":[82,81,81,81,70,40,32,32,32,32,56,55,55,55,55,48,82,77,77,77,77,77,77,77,77,77,69,69,68,67,67,67,58,82,82,82,78,78,84,78,78,74,80,72,66,66,66,62,91,79],"gold":238,"neow_bonus":"TEN_PERCENT_HP_BONUS","is_daily":false,"chose_seed":false,"campfire_upgraded":4,"win_rate":0.0,"timestamp":1608785093,"path_taken":["M","M","M","M","?","E","?","M","T","$","R","E","M","?","R","BOSS","M","M","$","M","M","R","?","M","T","E","$","E","M","M","R","BOSS","M","?","?","?","?","E","R","?","T","E","M","?","?","M","R","BOSS"],"items_purchased_type":["Relic","Card","Card","Relic","Card","Relic","Relic"],"build_version":"2020-12-22","purchased_purges":1,"victory":true,"max_hp_per_floor":[82,82,82,82,82,82,82,82,82,82,82,82,82,82,82,82,82,82,82,82,82,82,82,82,82,82,82,82,82,82,82,82,82,82,82,82,78,78,84,84,84,84,90,97,97,97,97,97,97,97],"card_choices":[{"not_picked":["hierophant:Patience","hierophant:PassingBell"],"picked":"hierophant:OrnateBuckler","floor":1},{"not_picked":["hierophant:AuricShield","hierophant:EyeForCoin"],"picked":"hierophant:MorningPrayer","floor":2},{"not_picked":["hierophant:Smite","hierophant:RecallFunds"],"picked":"hierophant:LocustPlague","floor":3},{"not_picked":["hierophant:Encroach","hierophant:AuricBeam"],"picked":"hierophant:FlamingChariot","floor":4},{"not_picked":["hierophant:FieryStrike","hierophant:Mercenaries"],"picked":"hierophant:SolarFlare","floor":6},{"not_picked":["hierophant:CoinFling","hierophant:Doubloon"],"picked":"hierophant:Mercenaries","floor":8},{"not_picked":["hierophant:Empathy","hierophant:OrnateBuckler"],"picked":"hierophant:FieryStrike+1","floor":12},{"not_picked":["hierophant:MirrorShield","hierophant:OrnateBuckler"],"picked":"hierophant:Zeal+1","floor":13},{"not_picked":["hierophant:Remorse+1","hierophant:PassingBell+1"],"picked":"hierophant:Smite+1","floor":14},{"not_picked":["hierophant:DivineIntervention","hierophant:Batter+1"],"picked":"hierophant:LocustPlague+1","floor":16},{"not_picked":["hierophant:SealAway+1","hierophant:Upheaval+1"],"picked":"hierophant:FaithHealing","floor":18},{"not_picked":["hierophant:Alms+1","hierophant:Encroach"],"picked":"hierophant:FieryStrike+1","floor":19},{"not_picked":["hierophant:Doubloon","hierophant:PassingBell+1"],"picked":"hierophant:Purify+1","floor":21},{"not_picked":["hierophant:PassingBell+1","hierophant:Zeal+1"],"picked":"hierophant:MorningPrayer","floor":22},{"not_picked":["hierophant:Smite+1","hierophant:FieryStrike+1"],"picked":"hierophant:MorningPrayer","floor":25},{"not_picked":["hierophant:HolyVerse","hierophant:ThreeLashes+1"],"picked":"hierophant:Community","floor":27},{"not_picked":["hierophant:Encroach","hierophant:Remorse+1"],"picked":"hierophant:OrnateJavelin+1","floor":29},{"not_picked":["hierophant:Exaltation","hierophant:RepressedViolence+1","hierophant:AuricBeam+1"],"picked":"SKIP","floor":30},{"not_picked":["hierophant:AuricBeam+1","hierophant:Chorus"],"picked":"hierophant:Alms","floor":31},{"not_picked":["hierophant:BulkyChest","hierophant:Determination"],"picked":"hierophant:Levitation","floor":33},{"not_picked":["hierophant:Remorse+1","hierophant:Encroach"],"picked":"hierophant:HammerAndAnvil+1","floor":35},{"not_picked":["hierophant:Zeal+1","hierophant:ConvertCurrency+1","hierophant:PristineSoul+1"],"picked":"SKIP","floor":40},{"not_picked":["hierophant:AuricShield+1","hierophant:CoinFling+1","hierophant:DisplayOfPower+1"],"picked":"SKIP","floor":42},{"not_picked":["hierophant:Doubloon+1","hierophant:Smite+1"],"picked":"hierophant:Repentance+1","floor":44},{"not_picked":["hierophant:Encroach+1","hierophant:Doubloon+1","hierophant:ConvertCurrency+1"],"picked":"SKIP","floor":45},{"not_picked":["hierophant:HolyVerse+1","hierophant:HammerAndAnvil+1"],"picked":"hierophant:FieryStrike+1","floor":48}],"player_experience":794758,"relics_obtained":[{"floor":6,"key":"Centennial Puzzle"},{"floor":9,"key":"Molten Egg 2"},{"floor":12,"key":"Darkstone Periapt"},{"floor":26,"key":"Ornamental Fan"},{"floor":27,"key":"Matryoshka"},{"floor":29,"key":"Torii"},{"floor":39,"key":"Letter Opener"},{"floor":39,"key":"Happy Flower"},{"floor":40,"key":"Toxic Egg 2"},{"floor":43,"key":"Juzu Bracelet"},{"floor":43,"key":"War Paint"},{"floor":44,"key":"Strawberry"}],"event_choices":[{"damage_healed":0,"gold_gain":75,"player_choice":"Gather Gold","damage_taken":11,"max_hp_gain":0,"max_hp_loss":0,"event_name":"World of Goop","floor":5,"gold_loss":0},{"damage_healed":0,"gold_gain":75,"player_choice":"Touch","damage_taken":8,"max_hp_gain":0,"max_hp_loss":0,"event_name":"FaceTrader","floor":7,"gold_loss":0},{"damage_healed":0,"gold_gain":0,"player_choice":"Got Potions","damage_taken":0,"max_hp_gain":0,"max_hp_loss":0,"event_name":"Lab","floor":24,"gold_loss":0},{"damage_healed":0,"gold_gain":0,"player_choice":"Max HP","damage_taken":0,"max_hp_gain":0,"max_hp_loss":4,"event_name":"Winding Halls","floor":37,"gold_loss":0},{"damage_healed":0,"gold_gain":0,"player_choice":"Paid","damage_taken":0,"relics_obtained":["Red Mask"],"max_hp_gain":0,"max_hp_loss":0,"event_name":"Tomb of Lord Red Mask","floor":38,"gold_loss":58},{"damage_healed":0,"gold_gain":0,"player_choice":"Memory 1","damage_taken":0,"max_hp_gain":0,"max_hp_loss":0,"event_name":"SensoryStone","floor":46,"gold_loss":0},{"damage_healed":0,"gold_gain":0,"player_choice":"Ignored","damage_taken":0,"max_hp_gain":0,"max_hp_loss":0,"event_name":"SecretPortal","floor":47,"gold_loss":0}],"is_beta":false,"boss_relics":[{"not_picked":["Ectoplasm","SacredBark"],"picked":"Snecko Eye"},{"not_picked":["Runic Pyramid","Busted Crown"],"picked":"Cursed Key"}],"items_purged_floors":[36],"is_endless":false,"potions_floor_spawned":[1,2,13,16,19,22,30,31,33,42,48],"ascension_level":0}}