{"host":"ejwrda5cjllq8zfn","time":1608817882,"event":{"mods":["2.2 Compatiblity","Act Like it!","Astrologer","BaseMod","Challenge The Spire","Colored Map","Colored Powertips","Defuse TimeMaze Blight","Energized Spire","Hermit","Highlight Path","Hubris","Infinite Spire","Lobotomy","Mad Scientist","Marisa????????","Minty Spire (QoL Compilation)","Random Character Button","Replay The Spire","StSLib","SuperFastMode","The Bladedancer","The Cursed","The Gatherer","The Jungle","The Mystic","The Spell Scribe","Unceasing Turn Reminder","vexMod"],"gold_per_floor":[119,135,13,13,13,41,41,56,56,56,70,70,82,102,102,197,197,216,226,226,226,22,41,69,84,84,115,192,192,192,192,192,297,297,311,286,286,286,304,304,333,333,333,333,358,358,370,370,370,370,370],"floor_reached":50,"playtime":1530,"items_purged":["Strike_MRS","Defend_MRS","Strike_MRS"],"score":610,"play_id":"befaad89-6264-41c9-89d9-c07dcf62d8a3","local_time":"20201224145122","is_ascension_mode":false,"campfire_choices":[{"data":"BlazeAway","floor":7.0,"key":"SMITH"},{"data":"AlicesGift","floor":10,"key":"SMITH"},{"floor":15,"key":"DIG"},{"floor":29,"key":"REST"},{"data":"PowerUp","floor":32,"key":"SMITH"},{"data":"UpSweep","floor":40,"key":"SMITH"},{"floor":42,"key":"REST"},{"data":"GrandCross","floor":44,"key":"SMITH"},{"floor":49,"key":"REST"}],"circlet_count":0,"master_deck":["Strike_MRS","Defend_MRS","Defend_MRS+1","MasterSpark+1","UpSweep+1","OortCloud+1","BlazeAway+1","AlicesGift+1","SporeBomb","PowerUp+1","GrandCross+1","PowerUp+1","TreasureHunter+1","Wraith","MaximisePower","PowerUp"],"relics":["MiniHakkero","ReplayTheSpireMod:Ring of Sloth","Bottled Flame","infinitespire:Beetle Shell","Singing Bowl","ChewingGum","theJungle:SpiritDisease","hubris:ToyBattleship","Spirit Poop","Juzu Bracelet","Lantern","Lee\u0027s Waffle","SacredBark","Sundial","Bag of Marbles","Replay:Mystery Machine","infinitespire:Eraser","Smiling Mask","hubris:Icosahedron"],"acts_visited":["Exordium","Exordium","TheBeyond"],"potions_floor_usage":[16,16,19,23,25,33],"damage_taken":[{"damage":0.0,"enemies":"2 Louse","floor":1.0,"turns":2.0},{"damage":11.0,"enemies":"Jaw Worm","floor":2.0,"turns":2.0},{"damage":8.0,"enemies":"Replay:BlueRogue","floor":6.0,"turns":5.0},{"damage":2.0,"enemies":"Small Slimes","floor":8.0,"turns":2.0},{"damage":0,"enemies":"Blue Slaver","floor":11,"turns":2},{"damage":0,"enemies":"3 Louse","floor":13,"turns":1},{"damage":0,"enemies":"Exordium Wildlife","floor":14,"turns":1},{"damage":12,"enemies":"Slime Boss","floor":16,"turns":6},{"damage":4,"enemies":"theJungle:MUSHROOMGANG","floor":18,"turns":5},{"damage":4,"enemies":"theJungle:Flameango_and_Byrd","floor":19,"turns":3},{"damage":1,"enemies":"theJungle:Lyon","floor":23,"turns":3},{"damage":7,"enemies":"theJungle:Cassacara","floor":24,"turns":3},{"damage":32,"enemies":"theJungle:2_Flameangoes","floor":25,"turns":4},{"damage":4,"enemies":"theJungle:MamaSnecko","floor":27,"turns":4},{"damage":5,"enemies":"theJungle:FunGuy","floor":33,"turns":3},{"damage":7,"enemies":"Orb Walker","floor":35,"turns":2},{"damage":17,"enemies":"3 Shapes","floor":39,"turns":2},{"damage":25,"enemies":"Giant Head","floor":41,"turns":6},{"damage":38,"enemies":"R_Hoarder","floor":45,"turns":5},{"damage":32,"enemies":"Writhing Mass","floor":47,"turns":3},{"damage":57,"enemies":"Awakened One","floor":50,"turns":3}],"seed_played":"234946635609979788","potions_obtained":[{"floor":1.0,"key":"ShroomBrew"},{"floor":6.0,"key":"AttackPotion"},{"floor":14,"key":"EssenceOfSteel"},{"floor":18,"key":"DistilledChaos"},{"floor":23,"key":"Fruit Juice"},{"floor":24,"key":"BottledSpark"},{"floor":27,"key":"Ancient Potion"},{"floor":28,"key":"Venom Potion"},{"floor":28,"key":"DistilledChaos"},{"floor":33,"key":"GamblersBrew"}],"is_trial":false,"path_per_floor":["M","M","$","?","?","E","R","M","T","R","M","$","M","M","R_BF","B",null,"M","M","?","?","$","M","E","M","T","E","?","R","AVR","?","R","B",null,"M","?","?","?","M","R","E","R","T","R","E","?","M","?","R","B"],"character_chosen":"MARISA","items_purchased":["SporeBomb","PowerUp","GrandCross"],"campfire_rested":3,"item_purchase_floors":[3,22,22],"current_hp_per_floor":[75,64,64,64,49,41,41,39,39,39,39,39,39,39,39,29,77,75,73,73,73,73,77,72,42,42,40,6,34,101,101,101,96,101,96,96,96,96,81,81,58,90,90,90,52,52,20,20,52,0,0],"gold":370,"neow_bonus":"RANDOM_EVENT","is_daily":false,"chose_seed":false,"campfire_upgraded":5,"win_rate":0.0,"timestamp":1608817882,"path_taken":["M","M","$","?","?","E","R","M","T","R","M","$","M","M","R_BF","BOSS","M","M","?","?","?","M","E","?","T","E","?","R","AVR","?","R","BOSS","M","?","?","?","M","R","E","R","T","R","E","?","M","?","R","BOSS"],"items_purchased_type":["Card","Card","Card"],"build_version":"2020-12-22","purchased_purges":3,"victory":false,"max_hp_per_floor":[75,75,75,75,75,75,75,75,75,75,75,75,75,75,75,77,77,79,81,81,81,81,86,88,90,90,92,94,94,101,101,101,101,101,103,103,103,103,105,105,107,107,107,107,107,107,107,107,107,107,107],"card_choices":[{"not_picked":["DeepEcoloBomb","MagicChant"],"picked":"BlazeAway","floor":1.0},{"not_picked":["WitchOfGreed","GravityBeat"],"picked":"AlicesGift","floor":2.0},{"not_picked":["GravityBeat","GalacticHalo","BinaryStars"],"picked":"SKIP","floor":6.0},{"not_picked":["AsteroidBelt","ChargingUp","MilkyWay"],"picked":"SKIP","floor":8.0},{"not_picked":["DragonMeteor","GrandCross","OpenUniverse"],"picked":"SKIP","floor":11},{"not_picked":["SprinkleStarSeal","GasGiant","StarlightTyphoon"],"picked":"SKIP","floor":13},{"not_picked":["DC","AsteroidBelt","SporeBomb"],"picked":"SKIP","floor":14},{"not_picked":["BinaryStars","FinalSpark","AbsoluteMagnitude"],"picked":"Singing Bowl","floor":16},{"not_picked":["AsteroidBelt+1","DarkMatter+1","LuminesStrike"],"picked":"Singing Bowl","floor":18},{"not_picked":["Occultation+1","PropBag","ShootingEcho"],"picked":"Singing Bowl","floor":19},{"not_picked":["UnstableBomb","OrrerysSun+1"],"picked":"PowerUp+1","floor":23},{"not_picked":["Acceleration","DoubleSpark","SuperPerseids+1"],"picked":"Singing Bowl","floor":24},{"not_picked":["GalacticHalo","DoubleSpark","SprinkleStarSeal"],"picked":"Singing Bowl","floor":25},{"not_picked":["Occultation","CollectingQuirk","AsteroidBelt"],"picked":"Singing Bowl","floor":27},{"not_picked":["DragonMeteor","MilkyWay","EnergyRecoil"],"picked":"Singing Bowl","floor":28},{"not_picked":["FinalSpark","StarDustReverie"],"picked":"TreasureHunter","floor":33},{"not_picked":["GrandCross+1","Occultation+1","6A+1"],"picked":"Singing Bowl","floor":35},{"not_picked":["MysteriousBeam+1","Acceleration","MagicChant+1"],"picked":"Singing Bowl","floor":39},{"not_picked":["GravityBeat+1","LuminesStrike","FinalSpark"],"picked":"Singing Bowl","floor":41},{"not_picked":["MysteriousBeam","GalacticHalo+1"],"picked":"MaximisePower","floor":45},{"not_picked":["StarBarrage+1","UnstableBomb+1"],"picked":"PowerUp","floor":47}],"player_experience":164619,"relics_obtained":[{"floor":4.0,"key":"ReplayTheSpireMod:Ring of Sloth"},{"floor":6.0,"key":"Bottled Flame"},{"floor":9,"key":"infinitespire:Beetle Shell"},{"floor":15,"key":"Singing Bowl"},{"floor":24,"key":"hubris:ToyBattleship"},{"floor":26,"key":"Spirit Poop"},{"floor":27,"key":"Juzu Bracelet"},{"floor":28,"key":"Lantern"},{"floor":41,"key":"Bag of Marbles"},{"floor":41,"key":"Replay:Mystery Machine"},{"floor":43,"key":"infinitespire:Eraser"},{"floor":45,"key":"Smiling Mask"}],"event_choices":[{"damage_healed":0.0,"max_hp_gain":0.0,"max_hp_loss":0.0,"gold_gain":0.0,"event_name":"Shining Light","player_choice":"Entered Light","floor":5.0,"gold_loss":0.0,"damage_taken":15.0,"cards_upgraded":["MasterSpark","Defend_MRS"]},{"damage_healed":0,"gold_gain":0,"player_choice":"Forge","damage_taken":0,"max_hp_gain":0,"max_hp_loss":0,"event_name":"Accursed Blacksmith","floor":37,"gold_loss":0,"cards_upgraded":["TreasureHunter"]},{"damage_healed":0,"gold_gain":0,"player_choice":"Ignored","damage_taken":0,"max_hp_gain":0,"max_hp_loss":0,"event_name":"OrinTheCat","floor":38,"gold_loss":0},{"damage_healed":0,"gold_gain":0,"player_choice":"Ignored","damage_taken":0,"max_hp_gain":0,"max_hp_loss":0,"event_name":"Tomb of Lord Red Mask","floor":46,"gold_loss":0}],"is_beta":false,"boss_relics":[{"not_picked":["hubris:BlackHole","hubris:TerracottaHorce"],"picked":"ChewingGum"},{"not_picked":["Tiny House","Runic Dome"],"picked":"SacredBark"}],"items_purged_floors":[3,22,30],"is_endless":false,"potions_floor_spawned":[1,6,14,18,23,24,27,33,47],"killed_by":"Awakened One","ascension_level":0}}