{"host":"34dziau2azxd7ce3","time":1608814962,"event":{"mods":["ATMod(°¢èªMod)","Act Like it!","BaseMod","Minty Spire (QoL Compilation)","Replay The Spire","Robot Space Explorer","RumiaBox-Â¶Ã×æ«µÄÉñÃØºÐ×Ó","StSLib","SuperFastMode","TestMod","¡¾ÒÅÎï¿¨ÅÆ¡¿REMEMod"],"gold_per_floor":[119,132,132,57,77,77,77,77,77,77,77,95,115,115,126,126,126,225,225,243,243,96,112,125,151,168,168,168,178,34,60,75,107,107,204,204,204],"floor_reached":36,"playtime":2195,"items_purged":["RobotSpaceExplorer:Defend"],"score":864,"play_id":"eb281e62-c8b8-441d-b810-4e39c8377287","local_time":"20201224210242","is_ascension_mode":false,"campfire_choices":[{"data":"AT_FamilyPortrait","floor":6.0,"key":"SMITH"},{"data":"RobotSpaceExplorer:FreezeRay","floor":9.0,"key":"SMITH"},{"data":"RobotSpaceExplorer:Pulsar","floor":14.0,"key":"SMITH"},{"floor":17.0,"key":"RECALL"}],"circlet_count":0,"master_deck":["RobotSpaceExplorer:Strike","RobotSpaceExplorer:Strike","RobotSpaceExplorer:Strike","RobotSpaceExplorer:Strike","RobotSpaceExplorer:Defend","RobotSpaceExplorer:Scan","RobotSpaceExplorer:MiniLasers","Glass Knife","AT_FamilyPortrait+1","RobotSpaceExplorer:PowerCollector","RobotSpaceExplorer:FreezeRay+1","RobotSpaceExplorer:Pulsar+1","RobotSpaceExplorer:ScrapMissile","RobotSpaceExplorer:Probe","Ghostly","Ghostly","Ghostly","Ghostly","Ghostly","RobotSpaceExplorer:Blaster","RobotSpaceExplorer:ScrapMissile","RobotSpaceExplorer:PowerGlove","RobotSpaceExplorer:Comet","RobotSpaceExplorer:Multitool"],"relics":["RobotSpaceExplorer:RoboCore","testmod-TestBox","REME_ComplimentaryCards","AT_ATBox","testmod-ChristmasGift","NeowsBlessing","ReplayTheSpireMod:Ring of Exchange","Ring of Peace","RobotSpaceExplorer:ClockworkSextant","AT_TrinityForce","REME_CardOfGreed","testmod-ThousandKnives","Replay:Baseball","MagicDraw4","AT_SpeedBoots","Simple Rune","Bottled Tornado","RobotSpaceExplorer:Reprocessor"],"acts_visited":["Exordium","TheCity","TheBeyond"],"potions_floor_usage":[],"damage_taken":[{"damage":0.0,"enemies":"2 Louse","floor":1.0,"turns":1.0},{"damage":0.0,"enemies":"Cultist","floor":2.0,"turns":1.0},{"damage":0.0,"enemies":"Jaw Worm","floor":5.0,"turns":1.0},{"damage":5.0,"enemies":"Lots of Slimes","floor":12.0,"turns":4.0},{"damage":0.0,"enemies":"Blue Slaver","floor":13.0,"turns":4.0},{"damage":0.0,"enemies":"3 Louse","floor":15.0,"turns":4.0},{"damage":0.0,"enemies":"Slime Boss","floor":18.0,"turns":5.0},{"damage":0.0,"enemies":"Chosen","floor":20.0,"turns":3.0},{"damage":2.0,"enemies":"2 Thieves","floor":23.0,"turns":3.0},{"damage":0.0,"enemies":"Centurion and Healer","floor":24.0,"turns":5.0},{"damage":6.0,"enemies":"Replay:Snechameleon","floor":25.0,"turns":6.0},{"damage":0.0,"enemies":"Sentry and Sphere","floor":26.0,"turns":1.0},{"damage":0,"enemies":"Cultist and Chosen","floor":29,"turns":4},{"damage":0,"enemies":"REME_1_Revenger","floor":31,"turns":4},{"damage":0,"enemies":"Snecko","floor":32,"turns":2},{"damage":0,"enemies":"Gremlin Leader","floor":33,"turns":3},{"damage":0,"enemies":"Pondfish","floor":35,"turns":5}],"seed_played":"-6385765591586046737","potions_obtained":[{"floor":5.0,"key":"Block Potion"},{"floor":12.0,"key":"testmod-SpacePotion"},{"floor":20.0,"key":"Block Potion"},{"floor":23.0,"key":"ColorlessPotion"}],"is_trial":false,"path_per_floor":["M","M","?","$","M","R","PTL","PTL","R","?","T","M","M","R","M","?","R","B",null,"M","?","$","M","M","E","M","?","T","M","$","E","M","E","R","B",null],"character_chosen":"RobotSpaceExplorer","items_purchased":["REME_CardOfGreed","AT_SpeedBoots"],"campfire_rested":0,"item_purchase_floors":[22,30],"current_hp_per_floor":[75,75,75,75,75,75,75,75,75,75,75,73,75,75,75,75,75,75,75,75,37,37,37,37,34,37,37,37,37,37,37,37,37,37,37,37,37],"gold":204,"neow_bonus":"THREE_ENEMY_KILL","is_daily":false,"chose_seed":false,"campfire_upgraded":3,"win_rate":0.0,"timestamp":1608814962,"path_taken":["M","M","?","?","M","R","PTL","PTL","R","?","T","?","M","R","?","?","R","BOSS","M","?","$","M","M","E","M","?","T","M","$","E","?","E","R","BOSS"],"items_purchased_type":["Relic","Relic"],"build_version":"2020-12-22","purchased_purges":1,"victory":false,"max_hp_per_floor":[75,75,75,75,75,75,75,75,75,75,75,75,75,75,75,75,75,75,75,75,37,37,37,37,37,37,37,37,37,37,37,37,37,37,37,37,37],"card_choices":[{"not_picked":["RobotSpaceExplorer:ShockKick","RobotSpaceExplorer:ImprovisedAttack"],"picked":"RobotSpaceExplorer:PowerCollector","floor":1.0},{"not_picked":["RobotSpaceExplorer:Counterblock","RobotSpaceExplorer:LaserBurst"],"picked":"RobotSpaceExplorer:FreezeRay","floor":2.0},{"not_picked":["RobotSpaceExplorer:MetalStrike","RobotSpaceExplorer:FranticSearch"],"picked":"RobotSpaceExplorer:Pulsar","floor":5.0},{"not_picked":["RobotSpaceExplorer:BlastShield","RobotSpaceExplorer:DoubleBlock"],"picked":"RobotSpaceExplorer:ScrapMissile","floor":12.0},{"not_picked":["RobotSpaceExplorer:Counterblock","RobotSpaceExplorer:GlueSpray","RobotSpaceExplorer:SwiftStep"],"picked":"SKIP","floor":13.0},{"not_picked":["RobotSpaceExplorer:SurgingShield","RobotSpaceExplorer:MiniDrones","RobotSpaceExplorer:SwiftStep"],"picked":"SKIP","floor":15.0},{"not_picked":["RobotSpaceExplorer:Explosion","RobotSpaceExplorer:ChargingLaser"],"picked":"RobotSpaceExplorer:Exploration","floor":18.0},{"not_picked":["RobotSpaceExplorer:FranticSearch+1","RobotSpaceExplorer:Counterblock"],"picked":"RobotSpaceExplorer:Probe","floor":20.0},{"not_picked":["RobotSpaceExplorer:Discharger+1","RobotSpaceExplorer:FreezeRay","RobotSpaceExplorer:ImprovisedAttack"],"picked":"SKIP","floor":23.0},{"not_picked":["RobotSpaceExplorer:Counterblock","RobotSpaceExplorer:StunGrenade"],"picked":"RobotSpaceExplorer:Blaster","floor":24.0},{"not_picked":["RobotSpaceExplorer:SwiftStep+1","RobotSpaceExplorer:GlueShot"],"picked":"RobotSpaceExplorer:ScrapMissile","floor":25.0},{"not_picked":["RobotSpaceExplorer:SelfCleaning+1","RobotSpaceExplorer:Probe","RobotSpaceExplorer:MetalStrike"],"picked":"SKIP","floor":26.0},{"not_picked":["RobotSpaceExplorer:GlueShot+1","RobotSpaceExplorer:ScrapToss"],"picked":"RobotSpaceExplorer:PowerGlove","floor":29},{"not_picked":["RobotSpaceExplorer:ScrapShield+1","RobotSpaceExplorer:MetalStrike+1","RobotSpaceExplorer:Ammunition+1"],"picked":"SKIP","floor":31},{"not_picked":["RobotSpaceExplorer:MetalStrike","RobotSpaceExplorer:SwiftStep","RobotSpaceExplorer:Discharger"],"picked":"SKIP","floor":32},{"not_picked":["RobotSpaceExplorer:ScrapMissile","RobotSpaceExplorer:IronShell+1","RobotSpaceExplorer:PlasmaMissile"],"picked":"SKIP","floor":33},{"not_picked":["RobotSpaceExplorer:Blaster","RobotSpaceExplorer:ChargingLaser"],"picked":"RobotSpaceExplorer:Multitool","floor":35}],"player_experience":636122,"relics_obtained":[{"floor":10.0,"key":"ReplayTheSpireMod:Ring of Exchange"},{"floor":10.0,"key":"Ring of Peace"},{"floor":25.0,"key":"testmod-ThousandKnives"},{"floor":28.0,"key":"Replay:Baseball"},{"floor":29,"key":"MagicDraw4"},{"floor":31,"key":"Simple Rune"},{"floor":33,"key":"Bottled Tornado"}],"event_choices":[{"cards_removed":["RobotSpaceExplorer:Defend"],"damage_healed":0.0,"max_hp_gain":0.0,"max_hp_loss":0.0,"gold_gain":0.0,"event_name":"Purifier","player_choice":"Purged","floor":3.0,"gold_loss":0.0,"damage_taken":0.0},{"damage_healed":0.0,"max_hp_gain":0.0,"max_hp_loss":0.0,"gold_gain":0.0,"event_name":"Dead Adventurer","player_choice":"Searched \u00271\u0027 times","floor":16.0,"gold_loss":0.0,"damage_taken":0.0,"relics_obtained":["RobotSpaceExplorer:ClockworkSextant"]},{"damage_healed":0.0,"max_hp_gain":0.0,"max_hp_loss":38.0,"gold_gain":0.0,"event_name":"Ghosts","player_choice":"Became a Ghost","floor":21.0,"gold_loss":0.0,"damage_taken":0.0,"cards_obtained":["Ghostly","Ghostly","Ghostly","Ghostly","Ghostly"]},{"damage_healed":0.0,"max_hp_gain":0.0,"max_hp_loss":0.0,"gold_gain":0.0,"event_name":"Lab","player_choice":"Got Potions","floor":27.0,"gold_loss":0.0,"damage_taken":0.0}],"is_beta":false,"boss_relics":[{"not_picked":["Kintsugi","Empty Cage"],"picked":"AT_TrinityForce"},{"not_picked":["OrangePellets","Snecko Eye"],"picked":"RobotSpaceExplorer:Reprocessor"}],"items_purged_floors":[4],"is_endless":false,"potions_floor_spawned":[5,12,13,20,23,24,26],"ascension_level":0}}