{"host":"q2w38dhfq52ibupz","time":1608808970,"event":{"mods":["AchievementEnabler","BaseMod","Defuse TimeMaze Blight","Minty Spire (QoL Compilation)","Rare Cards Sparkle","StSLib"],"gold_per_floor":[137,147,147,72,147,180,180,180,180,80,113,143,143,161,161,258,258,296,147,147,2,2,2,19,19,19,80,80,108,149,192,192,291,291,340,36,36,51,66,66,84,94,94,94,94],"floor_reached":44,"playtime":5349,"items_purged":["BowlingBash","ThirdEye","BowlingBash","Swivel"],"score":436,"play_id":"f339e61e-7d4f-458e-a233-a9f42223dfd3","local_time":"20201224112250","daily_mods":["SealedDeck","Heirloom"],"is_ascension_mode":false,"campfire_choices":[{"data":"Perseverance","floor":7,"key":"SMITH"},{"data":"ForeignInfluence","floor":15,"key":"SMITH"},{"data":"Wish","floor":23,"key":"SMITH"},{"floor":28,"key":"REST"},{"floor":32,"key":"REST"},{"floor":40,"key":"REST"}],"circlet_count":0,"master_deck":["WreathOfFlame","Study","Consecrate","Consecrate","ForeignInfluence+1","ForeignInfluence","Prostrate","Perseverance+1","CutThroughFate","Protect","DeusExMachina","CutThroughFate","Wish+1","EmptyBody","ClearTheMind","ClearTheMind","ClearTheMind+1","EmptyBody","Judgement","Perseverance","Devotion","Worship+1","Consecrate","Jack Of All Trades","Bandage Up","Metamorphosis","ForeignInfluence+1","Parasite","EmptyBody","CutThroughFate","Prostrate","Collect+1"],"relics":["PureWater","Mango","Gambling Chip","Regal Pillow","Prayer Wheel","Matryoshka","VioletLotus","Sling","Juzu Bracelet","Ornamental Fan","Torii","Red Mask","StoneCalendar","Runic Pyramid","Art of War","Yang"],"acts_visited":["Exordium","TheCity","TheBeyond"],"potions_floor_usage":[24,29,30,39,39],"damage_taken":[{"damage":4,"enemies":"Cultist","floor":1,"turns":3},{"damage":7,"enemies":"Jaw Worm","floor":2,"turns":3},{"damage":7,"enemies":"3 Sentries","floor":6,"turns":5},{"damage":17,"enemies":"Lagavulin","floor":11,"turns":5},{"damage":0,"enemies":"2 Louse","floor":12,"turns":2},{"damage":0,"enemies":"Lots of Slimes","floor":14,"turns":1},{"damage":7,"enemies":"Slime Boss","floor":16,"turns":6},{"damage":16,"enemies":"2 Thieves","floor":18,"turns":4},{"damage":2,"enemies":"Shell Parasite","floor":24,"turns":7},{"damage":23,"enemies":"Masked Bandits","floor":27,"turns":5},{"damage":40,"enemies":"Book of Stabbing","floor":29,"turns":8},{"damage":22,"enemies":"Snecko","floor":30,"turns":6},{"damage":15,"enemies":"3 Cultists","floor":31,"turns":5},{"damage":54,"enemies":"Automaton","floor":33,"turns":12},{"damage":35,"enemies":"Orb Walker","floor":35,"turns":4},{"damage":22,"enemies":"3 Darklings","floor":38,"turns":3},{"damage":12,"enemies":"Writhing Mass","floor":39,"turns":6},{"damage":25,"enemies":"Transient","floor":41,"turns":6},{"damage":31,"enemies":"Maw","floor":42,"turns":7}],"seed_played":"5542132606781622733","potions_obtained":[{"floor":6,"key":"LiquidMemories"},{"floor":12,"key":"Ancient Potion"},{"floor":16,"key":"EssenceOfSteel"},{"floor":24,"key":"FairyPotion"},{"floor":27,"key":"FairyPotion"},{"floor":29,"key":"Block Potion"},{"floor":38,"key":"EssenceOfSteel"}],"is_trial":true,"path_per_floor":["M","M","?","$","?","E","R","?","T","$","E","M","?","M","R","B",null,"M","$","?","$","?","R","M","?","T","?","R","E","M","M","R","B",null,"M","$","?","M","M","R","M","M","T","M"],"character_chosen":"WATCHER","items_purchased":["ClearTheMind","Sling","Consecrate","SkillPotion","Block Potion"],"campfire_rested":3,"item_purchase_floors":[19,21,36,36,36],"current_hp_per_floor":[82,75,68,68,57,50,50,47,47,47,30,30,86,86,86,79,86,70,70,70,70,70,70,68,68,68,45,85,45,23,8,48,25,86,51,51,41,19,11,51,30,3,3,0,0],"gold":94,"neow_bonus":"","is_daily":false,"chose_seed":false,"campfire_upgraded":3,"win_rate":0.0,"timestamp":1608808970,"path_taken":["M","M","?","$","?","E","R","?","T","$","E","M","?","?","R","BOSS","M","?","?","$","?","R","M","?","T","?","R","E","M","M","R","BOSS","M","$","?","M","M","R","M","M","T","M"],"items_purchased_type":["Card","Relic","Card","Potion","Potion"],"build_version":"2020-12-22","purchased_purges":4,"victory":false,"max_hp_per_floor":[86,86,86,86,86,86,86,86,86,86,86,86,86,86,86,86,86,86,86,86,86,86,86,86,86,86,86,86,86,86,86,86,86,86,86,86,86,86,86,86,86,86,86,86,86],"card_choices":[{"not_picked":["Crescendo","Conclude"],"picked":"Study","floor":1},{"not_picked":["PathToVictory","FlyingSleeves"],"picked":"Perseverance","floor":2},{"not_picked":["WheelKick","ClearTheMind"],"picked":"Swivel","floor":6},{"not_picked":["Consecrate","JustLucky"],"picked":"CutThroughFate","floor":11},{"not_picked":["CrushJoints","ThirdEye"],"picked":"Protect","floor":12},{"not_picked":["FlurryOfBlows","Meditate","BowlingBash"],"picked":"SKIP","floor":12},{"not_picked":["Consecrate","MentalFortress"],"picked":"DeusExMachina","floor":14},{"not_picked":["CarveReality","CrushJoints"],"picked":"CutThroughFate","floor":14},{"not_picked":["DeusExMachina","Establishment"],"picked":"Wish","floor":16},{"not_picked":["FlyingSleeves","WindmillStrike"],"picked":"EmptyBody","floor":18},{"not_picked":["JustLucky+1","Halt","Consecrate"],"picked":"SKIP","floor":18},{"not_picked":["CarveReality","Meditate+1"],"picked":"ClearTheMind+1","floor":24},{"not_picked":["JustLucky","DeceiveReality+1","Study"],"picked":"SKIP","floor":24},{"not_picked":["SashWhip","EmptyFist"],"picked":"EmptyBody","floor":27},{"not_picked":["PathToVictory","WreathOfFlame"],"picked":"Judgement","floor":29},{"not_picked":["FearNoEvil","BowlingBash"],"picked":"Perseverance","floor":30},{"not_picked":["MentalFortress","Wallop","SandsOfTime+1"],"picked":"SKIP","floor":30},{"not_picked":["Indignation","Meditate","WheelKick+1"],"picked":"SKIP","floor":31},{"not_picked":["EmptyBody","BattleHymn+1","FlyingSleeves+1"],"picked":"SKIP","floor":31},{"not_picked":["MasterReality","SpiritShield"],"picked":"Devotion","floor":33},{"not_picked":["FollowUp","EmptyBody"],"picked":"Worship+1","floor":35},{"not_picked":["WaveOfTheHand+1","Fasting2","Evaluate+1"],"picked":"SKIP","floor":35},{"not_picked":["Dark Shackles","Mayhem"],"picked":"Jack Of All Trades","floor":37},{"not_picked":["Mind Blast","Trip"],"picked":"Bandage Up","floor":37},{"not_picked":["Impatience","Dark Shackles"],"picked":"Metamorphosis","floor":37},{"not_picked":["EmptyMind","Halt+1"],"picked":"ForeignInfluence+1","floor":38},{"not_picked":["Wallop+1","JustLucky+1","Adaptation+1"],"picked":"SKIP","floor":38},{"not_picked":["EmptyFist","DeceiveReality+1"],"picked":"EmptyBody","floor":39},{"not_picked":["FlurryOfBlows","Protect+1","ThirdEye"],"picked":"SKIP","floor":39},{"not_picked":["ThirdEye","PathToVictory+1"],"picked":"CutThroughFate","floor":41},{"not_picked":["Halt","Protect+1","CrushJoints"],"picked":"SKIP","floor":41},{"not_picked":["SashWhip+1","Evaluate"],"picked":"Prostrate","floor":42},{"not_picked":["Crescendo+1","Consecrate"],"picked":"Collect+1","floor":42}],"player_experience":110916,"relics_obtained":[{"floor":6,"key":"Gambling Chip"},{"floor":9,"key":"Prayer Wheel"},{"floor":11,"key":"Matryoshka"},{"floor":26,"key":"Ornamental Fan"},{"floor":26,"key":"Torii"},{"floor":27,"key":"Red Mask"},{"floor":29,"key":"StoneCalendar"},{"floor":43,"key":"Art of War"},{"floor":43,"key":"Yang"}],"event_choices":[{"cards_removed":["Study"],"damage_healed":0,"gold_gain":0,"player_choice":"Card Removal","damage_taken":7,"max_hp_gain":0,"max_hp_loss":0,"event_name":"Golden Wing","floor":3,"gold_loss":0},{"damage_healed":0,"gold_gain":75,"player_choice":"Gather Gold","damage_taken":11,"max_hp_gain":0,"max_hp_loss":0,"event_name":"World of Goop","floor":5,"gold_loss":0},{"damage_healed":0,"gold_gain":0,"player_choice":"Success","damage_taken":3,"relics_obtained":["Regal Pillow"],"max_hp_gain":0,"max_hp_loss":0,"event_name":"Scrap Ooze","floor":8,"gold_loss":0},{"damage_healed":56,"gold_gain":0,"player_choice":"Full Heal","damage_taken":0,"max_hp_gain":0,"max_hp_loss":0,"event_name":"Wheel of Change","floor":13,"gold_loss":0},{"damage_healed":0,"gold_gain":0,"player_choice":"Read","damage_taken":0,"max_hp_gain":0,"max_hp_loss":0,"event_name":"The Library","floor":20,"gold_loss":0,"cards_obtained":["ClearTheMind"]},{"damage_healed":0,"gold_gain":0,"player_choice":"Opened","damage_taken":0,"relics_obtained":["Juzu Bracelet"],"max_hp_gain":0,"max_hp_loss":0,"event_name":"The Mausoleum","floor":22,"gold_loss":0},{"damage_healed":0,"gold_gain":0,"player_choice":"Fought Bandits","damage_taken":0,"max_hp_gain":0,"max_hp_loss":0,"event_name":"Masked Bandits","floor":27,"gold_loss":0},{"damage_healed":0,"gold_gain":0,"player_choice":"Memory 3","damage_taken":10,"max_hp_gain":0,"max_hp_loss":0,"event_name":"SensoryStone","floor":37,"gold_loss":0}],"is_beta":false,"boss_relics":[{"not_picked":["Ectoplasm","Philosopher\u0027s Stone"],"picked":"VioletLotus"},{"not_picked":["Astrolabe","Sozu"],"picked":"Runic Pyramid"}],"items_purged_floors":[4,10,19,36],"is_endless":true,"potions_floor_spawned":[6,12,16,24,27,29,38],"killed_by":"4 Shapes","ascension_level":0}}