{"host":"unahupgi85cj6bxp","time":1608839232,"event":{"mods":["Act Like it!","Aspiration","BaseMod","Card Forge","Conspire","Downfall","Energized Spire","Hubris","Infinite Spire","Minty Spire (QoL Compilation)","Replay The Spire","StSLib","The Animator"],"gold_per_floor":[114,114,163,175,9,9,9],"floor_reached":6,"playtime":923,"items_purged":[],"score":34,"play_id":"9def177a-c984-4528-9c55-a8f9c58b3623","local_time":"20201224114712","is_ascension_mode":false,"campfire_choices":[],"circlet_count":0,"master_deck":["animator:Strike_Konosuba","animator:Defend_Konosuba","animator:Strike","animator:Strike","animator:Strike","animator:Defend","animator:Defend","animator:Defend","animator:Kazuma","animator:Aqua","animator:RoyMustang","animator:DolaRiku","animator:LizardPriest","animator:LizardPriest","animator:TakanashiRikka","animator:Zero","animator:TanyaDegurechaff"],"relics":["animator:LivingPicture","animator:TheMissingPiece","Hammer of Thor","Seething Fire","Anvil of the Gods","animator:PurgingStone","ReplayTheSpireMod:TigerMarble","ReplayTheSpireMod:ShopPack"],"acts_visited":["Exordium"],"potions_floor_usage":[],"damage_taken":[{"damage":0,"enemies":"Jaw Worm","floor":1,"turns":8},{"damage":7,"enemies":"Cultist","floor":4,"turns":5},{"damage":69,"enemies":"Lagavulin","floor":6,"turns":13}],"seed_played":"-902943974532751910","potions_obtained":[],"is_trial":false,"path_per_floor":["M","?","T","M","$","E"],"character_chosen":"THE_ANIMATOR","items_purchased":["ReplayTheSpireMod:ShopPack","animator:LizardPriest"],"campfire_rested":0,"item_purchase_floors":[5,5],"current_hp_per_floor":[72,72,72,67,67,0,0],"gold":9,"neow_bonus":"TEN_PERCENT_HP_BONUS","is_daily":false,"chose_seed":false,"campfire_upgraded":0,"win_rate":0.0,"timestamp":1608839232,"path_taken":["M","?","?","M","?","E"],"items_purchased_type":["Relic","Card"],"build_version":"2020-12-22","purchased_purges":0,"victory":false,"max_hp_per_floor":[72,72,72,72,72,72,72],"card_choices":[{"not_picked":["animator:Sloth","animator:Spearman"],"picked":"animator:RoyMustang","floor":1},{"not_picked":["animator:Geryuganshoop","animator:SilverFang"],"picked":"animator:DolaRiku","floor":4},{"not_picked":["animator:TanyaDegurechaff","animator:Kira"],"picked":"animator:TakanashiRikka","floor":5},{"not_picked":["animator:Urushihara","animator:KotoriKanbe"],"picked":"animator:Zero","floor":5},{"not_picked":["animator:Kagari","animator:HououinKyouma"],"picked":"animator:TanyaDegurechaff","floor":5}],"player_experience":807637,"relics_obtained":[{"floor":3,"key":"ReplayTheSpireMod:TigerMarble"}],"event_choices":[{"damage_healed":0,"gold_gain":0,"player_choice":"Leave","damage_taken":0,"max_hp_gain":0,"max_hp_loss":0,"event_name":"The Cleric","floor":2,"gold_loss":0}],"is_beta":false,"boss_relics":[],"items_purged_floors":[],"is_endless":false,"potions_floor_spawned":[],"killed_by":"Lagavulin","ascension_level":0}}