{"host":"kiauivt48syq9iz6","time":1608776824,"event":{"mods":["BaseMod","Conspire","Downfall","Hermit","Minty Spire (QoL Compilation)","Replay The Spire","SIMod","StSLib","The Animator","The Construct","The Cursed","The Runesmith","The Servant 0.9.4"],"gold_per_floor":[113,1,1,14,64,64,17,17,17,44,44,68,68,34,34,174,174,206,237,11,17,17],"floor_reached":21,"playtime":783,"items_purged":[],"score":167,"play_id":"a1a8d40c-6622-4cda-86a4-85a284e67086","local_time":"20201223192704","is_ascension_mode":false,"campfire_choices":[{"data":"hermit:FlashPowder","floor":6,"key":"SMITH"},{"floor":11,"key":"REST"},{"floor":13,"key":"REST"},{"data":"hermit:TakeAim","floor":15,"key":"SMITH"}],"circlet_count":0,"master_deck":["hermit:Strike_Hermit","hermit:Strike_Hermit","hermit:Strike_Hermit","hermit:Strike_Hermit","hermit:Defend_Hermit","hermit:Defend_Hermit","hermit:Defend_Hermit","hermit:Snapshot","hermit:Covet","hermit:Purgatory","hermit:Enervate","hermit:EyeOfTheStorm","hermit:FlashPowder+1","hermit:TrackingShot","hermit:Dive","hermit:Glare","hermit:TakeAim+1","hermit:Combo","sneckomod:Bewildered","hermit:Roughhouse","hermit:Determination","TheCursedMod:Dregs","hermit:Vantage","hermit:Cheat","hermit:Dive","hermit:EternalForm","hermit:HoleUp","hermit:TakeCover+1","hermit:ItchyTrigger+1"],"relics":["hermit:Momento","Golden Idol","Ring of Greed","Replay:Bandana","Replay:Wax Seal","Garlic","SlaversCollar","Orrery"],"acts_visited":["Exordium","TheCity"],"potions_floor_usage":[10,19,21],"damage_taken":[{"damage":1,"enemies":"Cultist","floor":1,"turns":3},{"damage":0,"enemies":"2 Louse","floor":4,"turns":2},{"damage":25,"enemies":"Jaw Worm","floor":10,"turns":2},{"damage":0,"enemies":"2 Fungi Beasts","floor":12,"turns":4},{"damage":28,"enemies":"Hexaghost","floor":16,"turns":14},{"damage":12,"enemies":"Chosen","floor":18,"turns":9},{"damage":32,"enemies":"Spheric Guardian","floor":19,"turns":8},{"damage":32,"enemies":"Centurion and Healer","floor":21,"turns":1}],"seed_played":"1924979097106389448","potions_obtained":[{"floor":4,"key":"ColorlessPotion"},{"floor":12,"key":"EssenceOfSteel"},{"floor":18,"key":"Explosive Potion"}],"is_trial":false,"path_per_floor":["M","$","?","M","?","R","$","?","T","M","R","M","R","$","R","B",null,"M","M","$","M"],"character_chosen":"HERMIT","items_purchased":["hermit:EyeOfTheStorm","hermit:FlashPowder","hermit:Dive","hermit:Combo","hermit:Cheat","Orrery"],"campfire_rested":2,"item_purchase_floors":[2,2,7,14,20,20],"current_hp_per_floor":[74,74,56,56,56,56,56,56,56,31,53,53,75,75,75,47,75,63,31,31,0,0],"gold":17,"neow_bonus":"TRANSFORM_CARD","is_daily":false,"chose_seed":false,"campfire_upgraded":2,"win_rate":0.0,"timestamp":1608776824,"path_taken":["M","?","?","M","?","R","?","?","T","M","R","M","R","$","R","BOSS","M","M","$","M"],"items_purchased_type":["Card","Card","Card","Card","Card","Relic"],"build_version":"2020-12-22","purchased_purges":0,"victory":false,"max_hp_per_floor":[75,75,75,75,75,75,75,75,75,75,75,75,75,75,75,75,75,75,75,75,75,75],"card_choices":[{"not_picked":["hermit:Ricochet","hermit:SprayPray"],"picked":"hermit:Enervate","floor":1},{"not_picked":["hermit:SprayPray","hermit:Dive"],"picked":"hermit:TrackingShot","floor":4},{"not_picked":["hermit:SprayPray","hermit:Snipe"],"picked":"hermit:Glare","floor":10},{"not_picked":["hermit:Midnight","hermit:NoHoldsBarred"],"picked":"hermit:TakeAim","floor":12},{"not_picked":["hermit:FromBeyond","hermit:RoundhouseKick"],"picked":"hermit:Roughhouse","floor":16},{"not_picked":["hermit:Feint","hermit:Coalescence+1"],"picked":"hermit:Determination","floor":18},{"not_picked":["hermit:PistolWhip","hermit:HighCaliber"],"picked":"hermit:Vantage","floor":19},{"not_picked":["hermit:Misfire","hermit:TrackingShot"],"picked":"hermit:Dive","floor":20},{"not_picked":["hermit:HighCaliber","hermit:Snipe+1"],"picked":"hermit:EternalForm","floor":20},{"not_picked":["hermit:Feint","hermit:Dive"],"picked":"hermit:HoleUp","floor":20},{"not_picked":["hermit:Midnight","hermit:WideOpen"],"picked":"hermit:TakeCover+1","floor":20},{"not_picked":["hermit:Enervate","hermit:HeroicBravado"],"picked":"hermit:ItchyTrigger+1","floor":20}],"player_experience":38929,"relics_obtained":[{"floor":5,"key":"Ring of Greed"},{"floor":5,"key":"Replay:Bandana"},{"floor":5,"key":"Replay:Wax Seal"},{"floor":9,"key":"Garlic"}],"event_choices":[{"damage_healed":0,"gold_gain":0,"player_choice":"Take Damage","damage_taken":18,"relics_obtained":["Golden Idol"],"max_hp_gain":0,"max_hp_loss":0,"event_name":"Golden Idol","floor":3,"gold_loss":0},{"damage_healed":0,"gold_gain":0,"player_choice":"Leave","damage_taken":0,"max_hp_gain":0,"max_hp_loss":0,"event_name":"conspire:Investor","floor":8,"gold_loss":0}],"is_beta":false,"boss_relics":[{"not_picked":["SacredBark","Coffee Dripper"],"picked":"SlaversCollar"}],"items_purged_floors":[],"is_endless":false,"potions_floor_spawned":[4,12,18],"killed_by":"Centurion and Healer","ascension_level":0}}