{"host":"07tcb8n8jdavk3gs","time":1608785066,"event":{"mods":["BaseMod","Colored Map","Hermit","Marisa????????","Minty Spire (QoL Compilation)","StSLib","The Animator","The Cursed","The Servant 0.9.4"],"gold_per_floor":[118,118,136,31,31,31,74,54,133,133,150,164,179,179,179,257,257,274,324,334,334,334],"floor_reached":21,"playtime":1302,"items_purged":[],"score":313,"play_id":"bfb86fba-2ee0-459c-ab02-988bc583ab3b","local_time":"20201223224426","is_ascension_mode":true,"campfire_choices":[{"floor":6,"key":"REST"},{"floor":10,"key":"REST"},{"data":"animator:Kuroyukihime","floor":15,"key":"SMITH"}],"circlet_count":0,"master_deck":["AscendersBane","animator:Strike_AccelWorld","animator:Defend_AccelWorld","animator:Strike","animator:Strike","animator:Strike","animator:Defend","animator:Defend","animator:Defend","animator:Kuroyukihime+1","animator:LimeBell","animator:Shigure","animator:HighElfArcher","animator:CrowleyEusford","animator:FielNirvalen","animator:TsurugaMeisai","animator:Mikaela","animator:Eve"],"relics":["animator:LivingPicture","animator:TheMissingPiece","Bottled Flame","Omamori","Mummified Hand","Singing Bowl","Black Star"],"acts_visited":["Exordium","TheCity"],"potions_floor_usage":[7,13,16,21],"damage_taken":[{"damage":9,"enemies":"Cultist","floor":1,"turns":6},{"damage":12,"enemies":"Jaw Worm","floor":3,"turns":4},{"damage":21,"enemies":"Lagavulin","floor":7,"turns":10},{"damage":3,"enemies":"Small Slimes","floor":11,"turns":4},{"damage":1,"enemies":"Blue Slaver","floor":12,"turns":5},{"damage":0,"enemies":"3 Louse","floor":13,"turns":3},{"damage":30,"enemies":"The Guardian","floor":16,"turns":13},{"damage":32,"enemies":"Chosen","floor":18,"turns":5},{"damage":24,"enemies":"Spheric Guardian","floor":20,"turns":6},{"damage":6,"enemies":"Snecko","floor":21,"turns":3}],"seed_played":"-4369359711166553949","potions_obtained":[{"floor":1,"key":"PowerPotion"},{"floor":7,"key":"AttackPotion"},{"floor":8,"key":"LiquidBronze"},{"floor":13,"key":"FearPotion"},{"floor":18,"key":"animator:GrowthPotion"}],"is_trial":false,"path_per_floor":["M","T","M","$","?","R","E","?","T","R","M","M","M","?","R","B",null,"M","?","M","M"],"character_chosen":"THE_ANIMATOR","items_purchased":["animator:CrowleyEusford","animator:FielNirvalen"],"campfire_rested":2,"item_purchase_floors":[4,4],"current_hp_per_floor":[51,51,39,39,4,23,2,2,2,21,18,19,21,44,44,14,56,26,26,4,0,0],"gold":334,"neow_bonus":"TEN_PERCENT_HP_BONUS","is_daily":false,"chose_seed":false,"campfire_upgraded":1,"win_rate":0.0,"timestamp":1608785066,"path_taken":["M","?","M","$","?","R","E","?","T","R","M","M","?","?","R","BOSS","M","?","?","M"],"items_purchased_type":["Card","Card"],"build_version":"2020-12-22","purchased_purges":0,"victory":false,"max_hp_per_floor":[66,66,66,66,66,66,66,66,66,66,66,68,70,70,70,70,70,72,72,74,74,74],"card_choices":[{"not_picked":["animator:DolaSchwi","animator:Tyuule"],"picked":"animator:Shigure","floor":1},{"not_picked":["animator:Ara","animator:Priestess"],"picked":"animator:HighElfArcher","floor":3},{"not_picked":["animator:Tet","animator:Lu"],"picked":"animator:TsurugaMeisai","floor":7},{"not_picked":["animator:CrowleyEusford","animator:Shinoa"],"picked":"animator:Mikaela","floor":11},{"not_picked":["animator:HighElfArcher","animator:Shiro","animator:ChaikaBohdan"],"picked":"Singing Bowl","floor":12},{"not_picked":["animator:TukaLunaMarceau","animator:Ain","animator:Tyuule"],"picked":"Singing Bowl","floor":13},{"not_picked":["animator:Sora","animator:SwordMaiden"],"picked":"animator:Eve","floor":16},{"not_picked":["animator:Jibril","animator:Ain","animator:Shigure"],"picked":"Singing Bowl","floor":18},{"not_picked":["animator:AcuraTooru","animator:Gillette","animator:Guy"],"picked":"Singing Bowl","floor":20}],"player_experience":911161,"relics_obtained":[{"floor":2,"key":"Bottled Flame"},{"floor":7,"key":"Mummified Hand"},{"floor":9,"key":"Singing Bowl"}],"event_choices":[{"damage_healed":0,"gold_gain":0,"player_choice":"Success","damage_taken":35,"relics_obtained":["Omamori"],"max_hp_gain":0,"max_hp_loss":0,"event_name":"Scrap Ooze","floor":5,"gold_loss":0},{"damage_healed":0,"gold_gain":0,"player_choice":"Bought 1 Potion","damage_taken":0,"max_hp_gain":0,"max_hp_loss":0,"event_name":"The Woman in Blue","floor":8,"gold_loss":0},{"damage_healed":23,"gold_gain":0,"player_choice":"Banana","damage_taken":0,"max_hp_gain":0,"max_hp_loss":0,"event_name":"Big Fish","floor":14,"gold_loss":0},{"damage_healed":0,"gold_gain":100,"player_choice":"Bet on Murderer","damage_taken":0,"max_hp_gain":0,"max_hp_loss":0,"event_name":"The Joust","floor":19,"gold_loss":50}],"is_beta":false,"boss_relics":[{"not_picked":["animator:RacePiece","Velvet Choker"],"picked":"Black Star"}],"items_purged_floors":[],"is_endless":false,"potions_floor_spawned":[1,7,13,18],"killed_by":"Snecko","ascension_level":15}}