{"host":"12piqfhmdln9x2la","time":1608774375,"event":{"mods":["2.2 Compatiblity","AchievementEnabler","BaseMod","BetterRewards","Colored Powertips","Minty Spire (QoL Compilation)","Quick Restart","SuperFastMode"],"gold_per_floor":[119,119,17,192,192,223,223,256,256,256,297,59,59,103,103,231,231,254,268,268,268,287,287,312,312,312,312,343,361,389,408,408,408,408],"floor_reached":33,"playtime":600,"items_purged":["Regret"],"score":442,"play_id":"6e3dcf11-510a-44e3-a64a-929f51405998","local_time":"20201224104615","is_ascension_mode":true,"campfire_choices":[{"data":"Armaments","floor":7,"key":"SMITH"},{"data":"Heavy Blade","floor":13,"key":"SMITH"},{"data":"Doubt","floor":15,"key":"PURGE"},{"data":"Flex","floor":23,"key":"SMITH"},{"data":"Strike_R","floor":25,"key":"PURGE"},{"data":"Spot Weakness","floor":32,"key":"SMITH"}],"circlet_count":0,"master_deck":["Strike_R","Strike_R","Strike_R","Strike_R","Defend_R","Defend_R","Defend_R","Defend_R","Bash","Heavy Blade+1","Armaments+1","Sword Boomerang","Flex+1","Spot Weakness+1","Thunderclap+1","Immolate+1","Flex+1","Heavy Blade+1","Cleave+1","Twin Strike+1"],"relics":["Burning Blood","NeowsBlessing","Bird Faced Urn","Bloody Idol","Red Skull","Singing Bowl","Meat on the Bone","Regal Pillow","Molten Egg 2","Peace Pipe","Black Star","Vajra","Pantograph","Bottled Lightning","Oddly Smooth Stone","Anchor","Darkstone Periapt","Kunai"],"acts_visited":["Exordium","TheCity"],"potions_floor_usage":[22,22,24,33],"damage_taken":[{"damage":0,"enemies":"2 Louse","floor":1,"turns":1},{"damage":0,"enemies":"Gremlin Nob","floor":6,"turns":2},{"damage":0,"enemies":"Lagavulin","floor":8,"turns":1},{"damage":23,"enemies":"3 Sentries","floor":11,"turns":7},{"damage":18,"enemies":"Gremlin Nob","floor":14,"turns":4},{"damage":62,"enemies":"The Guardian","floor":16,"turns":9},{"damage":45,"enemies":"Chosen","floor":18,"turns":5},{"damage":28,"enemies":"2 Thieves","floor":19,"turns":3},{"damage":30,"enemies":"Snecko","floor":22,"turns":5},{"damage":18,"enemies":"Gremlin Leader","floor":24,"turns":3},{"damage":25,"enemies":"Book of Stabbing","floor":28,"turns":3},{"damage":16,"enemies":"Snake Plant","floor":29,"turns":3},{"damage":8,"enemies":"Gremlin Leader","floor":30,"turns":3},{"damage":19,"enemies":"Centurion and Healer","floor":31,"turns":3},{"damage":111,"enemies":"Automaton","floor":33,"turns":6}],"seed_played":"7952731177168597556","potions_obtained":[{"floor":8,"key":"FearPotion"},{"floor":14,"key":"FairyPotion"},{"floor":16,"key":"HeartOfIron"},{"floor":18,"key":"Energy Potion"},{"floor":24,"key":"Swift Potion"}],"is_trial":false,"path_per_floor":["M","?","$","?","?","E","R","E","T","?","E","$","R","E","R","B",null,"M","M","?","?","M","R","E","R","T","?","E","M","E","M","R","B"],"character_chosen":"IRONCLAD","items_purchased":["Armaments","Molten Egg 2"],"campfire_rested":0,"item_purchase_floors":[3,12],"current_hp_per_floor":[80,80,80,80,60,66,66,72,72,72,55,55,55,55,55,42,80,53,43,43,43,38,38,43,43,43,43,41,50,67,59,59,0,0],"gold":408,"neow_bonus":"THREE_ENEMY_KILL","is_daily":false,"chose_seed":false,"campfire_upgraded":4,"win_rate":0.0,"timestamp":1608774375,"path_taken":["M","?","$","?","?","E","R","E","T","?","E","$","R","E","R","BOSS","M","?","?","?","M","R","E","R","T","?","E","?","E","M","R","BOSS"],"items_purchased_type":["Card","Relic"],"build_version":"2020-12-22","purchased_purges":1,"victory":false,"max_hp_per_floor":[80,80,80,80,80,80,80,80,80,80,80,80,80,80,80,80,80,80,80,80,80,82,82,82,82,82,82,82,84,86,86,86,86,86],"card_choices":[{"not_picked":["Warcry","Sword Boomerang"],"picked":"Heavy Blade","floor":1},{"not_picked":["Dual Wield","Dark Embrace"],"picked":"Sword Boomerang","floor":6},{"not_picked":["Wild Strike","True Grit"],"picked":"Flex","floor":8},{"not_picked":["Wild Strike","Shrug It Off"],"picked":"Spot Weakness","floor":11},{"not_picked":["Havoc","Hemokinesis+1"],"picked":"Thunderclap+1","floor":14},{"not_picked":["Fiend Fire+1","Exhume"],"picked":"Immolate+1","floor":16},{"not_picked":["Iron Wave+1","Hemokinesis+1"],"picked":"Flex+1","floor":18},{"not_picked":["Thunderclap+1","Warcry"],"picked":"Infernal Blade","floor":19},{"not_picked":["Clothesline+1","Impervious","Disarm"],"picked":"Singing Bowl","floor":22},{"not_picked":["Burning Pact","Headbutt+1"],"picked":"Heavy Blade+1","floor":24},{"not_picked":["Havoc","Juggernaut"],"picked":"Cleave+1","floor":28},{"not_picked":["Perfected Strike+1","Iron Wave+1","Body Slam+1"],"picked":"Singing Bowl","floor":29},{"not_picked":["Clothesline+1","Body Slam+1","True Grit"],"picked":"Singing Bowl","floor":30},{"not_picked":["Sever Soul+1","Body Slam+1"],"picked":"Twin Strike+1","floor":31}],"player_experience":112660,"relics_obtained":[{"floor":6,"key":"Red Skull"},{"floor":8,"key":"Singing Bowl"},{"floor":9,"key":"Meat on the Bone"},{"floor":11,"key":"Regal Pillow"},{"floor":14,"key":"Peace Pipe"},{"floor":24,"key":"Vajra"},{"floor":24,"key":"Pantograph"},{"floor":26,"key":"Bottled Lightning"},{"floor":28,"key":"Oddly Smooth Stone"},{"floor":28,"key":"Anchor"},{"floor":30,"key":"Darkstone Periapt"},{"floor":30,"key":"Kunai"}],"event_choices":[{"damage_healed":0,"gold_gain":0,"player_choice":"Box","damage_taken":0,"relics_obtained":["Bird Faced Urn"],"max_hp_gain":0,"max_hp_loss":0,"event_name":"Big Fish","floor":2,"gold_loss":0,"cards_obtained":["Regret"]},{"damage_healed":0,"gold_gain":175,"player_choice":"AGREE","damage_taken":0,"max_hp_gain":0,"max_hp_loss":0,"event_name":"Liars Game","floor":4,"gold_loss":0,"cards_obtained":["Doubt"]},{"damage_healed":0,"gold_gain":0,"player_choice":"Take Damage","damage_taken":20,"relics_obtained":["Golden Idol"],"max_hp_gain":0,"max_hp_loss":0,"event_name":"Golden Idol","floor":5,"gold_loss":0},{"damage_healed":0,"gold_gain":0,"player_choice":"Bought 0 Potions","damage_taken":0,"max_hp_gain":0,"max_hp_loss":0,"event_name":"The Woman in Blue","floor":10,"gold_loss":0},{"damage_healed":0,"gold_gain":0,"player_choice":"Gave Idol","damage_taken":0,"relics_obtained":["Bloody Idol"],"max_hp_gain":0,"max_hp_loss":0,"event_name":"Forgotten Altar","floor":20,"relics_lost":["Golden Idol"],"gold_loss":0},{"cards_removed":["Infernal Blade"],"damage_healed":0,"gold_gain":0,"player_choice":"Elegance","damage_taken":0,"max_hp_gain":0,"max_hp_loss":0,"event_name":"Back to Basics","floor":21,"gold_loss":0},{"damage_healed":0,"gold_gain":0,"player_choice":"0 cards matched","damage_taken":0,"max_hp_gain":0,"max_hp_loss":0,"event_name":"Match and Keep!","floor":27,"gold_loss":0,"cards_obtained":[]}],"is_beta":false,"boss_relics":[{"not_picked":["SacredBark","Velvet Choker"],"picked":"Black Star"}],"items_purged_floors":[3],"is_endless":false,"potions_floor_spawned":[8,14,16,18,24],"killed_by":"Automaton","ascension_level":2}}