{"host":"xm9adsgm4dq1zj57","time":1608822594,"event":{"mods":["AchievementEnabler","BaseMod","Colored Map","DeckTracker","Highlight Path","Keyboard Shortcuts","Minty Spire (QoL Compilation)","Permanent Neow","Quick Restart","Rare Cards Sparkle","Slay-I","StSLib","SuperFastMode"],"gold_per_floor":[109,123,123,140,159,159,159],"floor_reached":6,"playtime":368,"items_purged":[],"score":76,"play_id":"717a5fa9-f679-401c-a8b8-46196c52c0f2","local_time":"20201225000954","is_ascension_mode":true,"campfire_choices":[],"circlet_count":0,"master_deck":["AscendersBane","Strike_G","Strike_G","Strike_G","Strike_G","Defend_G","Defend_G","Defend_G","Defend_G","Survivor","Neutralize","Masterful Stab","Acrobatics","Tactician","Crippling Poison"],"relics":["Ring of the Snake"],"acts_visited":["Exordium"],"potions_floor_usage":[6],"damage_taken":[{"damage":24.0,"enemies":"Jaw Worm","floor":1.0,"turns":11.0},{"damage":4.0,"enemies":"Cultist","floor":2.0,"turns":4.0},{"damage":0.0,"enemies":"Small Slimes","floor":4.0,"turns":3.0},{"damage":9.0,"enemies":"Blue Slaver","floor":5.0,"turns":3.0},{"damage":27,"enemies":"Lagavulin","floor":6,"turns":6}],"seed_played":"1297689154273493895","potions_obtained":[{"floor":2.0,"key":"Strength Potion"}],"is_trial":false,"path_per_floor":["M","M","?","M","M","E"],"character_chosen":"THE_SILENT","items_purchased":[],"campfire_rested":0,"item_purchase_floors":[],"current_hp_per_floor":[35,31,31,31,22,0,0],"gold":159,"neow_bonus":"REMOVE_CARD","is_daily":false,"chose_seed":false,"campfire_upgraded":0,"win_rate":0.0,"timestamp":1608822594,"path_taken":["M","M","?","?","M","E"],"items_purchased_type":[],"build_version":"2020-12-22","purchased_purges":0,"victory":false,"max_hp_per_floor":[66,66,66,66,66,66,66],"card_choices":[{"not_picked":["Slice","Reflex"],"picked":"Masterful Stab","floor":1.0},{"not_picked":["Concentrate","Deflect"],"picked":"Acrobatics","floor":2.0},{"not_picked":["Heel Hook","Blade Dance"],"picked":"Tactician","floor":4.0},{"not_picked":["Dash","Flying Knee"],"picked":"Crippling Poison","floor":5.0}],"player_experience":951333,"relics_obtained":[],"event_choices":[{"cards_removed":["Defend_G"],"damage_healed":0.0,"max_hp_gain":0.0,"max_hp_loss":0.0,"gold_gain":0.0,"event_name":"Bonfire Elementals","player_choice":"Offered Basic","floor":3.0,"gold_loss":0.0,"damage_taken":0.0}],"is_beta":false,"boss_relics":[],"items_purged_floors":[],"is_endless":false,"potions_floor_spawned":[2],"killed_by":"Lagavulin","ascension_level":20}}