{"host":"Jackie","time":1608774480,"event":{"mods":["BaseMod","Highlight Path","Minty Spire (QoL Compilation)","Relic Stats","Slay the Relics Exporter","StSLib","Twitch Decklist"],"gold_per_floor":[111,4,14,29,47,72,72,72,72],"floor_reached":8,"playtime":560,"items_purged":[],"score":116,"play_id":"7923e368-9c96-4d84-b9e5-b60d62f55f2f","local_time":"20201223174800","is_ascension_mode":true,"campfire_choices":[{"floor":7,"key":"REST"}],"circlet_count":0,"master_deck":["AscendersBane","Strike_G","Strike_G","Strike_G","Strike_G","Strike_G","Defend_G","Defend_G","Defend_G","Defend_G","Defend_G","Survivor","Neutralize","Dodge and Roll","Dagger Throw","Dagger Spray","Skewer","Bouncing Flask"],"relics":["Ring of the Snake","Bottled Lightning"],"acts_visited":["Exordium"],"potions_floor_usage":[6,8],"damage_taken":[{"damage":6,"enemies":"Cultist","floor":1,"turns":5},{"damage":0,"enemies":"2 Louse","floor":3,"turns":5},{"damage":0,"enemies":"Small Slimes","floor":4,"turns":3},{"damage":0,"enemies":"Exordium Wildlife","floor":5,"turns":3},{"damage":54,"enemies":"Lagavulin","floor":6,"turns":7},{"damage":29,"enemies":"3 Sentries","floor":8,"turns":4}],"seed_played":"7891881849224425281","potions_obtained":[{"floor":6,"key":"Swift Potion"}],"is_trial":false,"path_per_floor":["M","$","M","M","M","E","R","E"],"character_chosen":"THE_SILENT","items_purchased":["Dagger Throw","CunningPotion"],"campfire_rested":1,"item_purchase_floors":[2,2],"current_hp_per_floor":[59,59,59,59,59,5,26,0,0],"gold":72,"neow_bonus":"TEN_PERCENT_HP_BONUS","is_daily":false,"chose_seed":false,"campfire_upgraded":0,"win_rate":0.0,"timestamp":1608774480,"path_taken":["M","$","M","M","M","E","R","E"],"items_purchased_type":["Card","Potion"],"build_version":"2020-12-18","purchased_purges":0,"victory":false,"max_hp_per_floor":[72,72,72,72,72,72,72,72,72],"relic_stats":{"counters":[6,27],"obtain_stats":[{"Bottled Lightning":6,"Ring of the Snake":0},{"Bottled Lightning":5,"Ring of the Snake":0},{"Bottled Lightning":23,"Ring of the Snake":0}],"Ring of the Snake":[12]},"card_choices":[{"not_picked":["Deflect","Distraction"],"picked":"Dodge and Roll","floor":1},{"not_picked":["Endless Agony","Leg Sweep"],"picked":"Dagger Spray","floor":3},{"not_picked":["Poisoned Stab","Cloak And Dagger"],"picked":"Skewer","floor":4},{"not_picked":["Endless Agony","Dodge and Roll","Slice"],"picked":"SKIP","floor":5},{"not_picked":["Calculated Gamble","Skewer"],"picked":"Bouncing Flask","floor":6}],"player_experience":2129459,"relics_obtained":[{"floor":6,"key":"Bottled Lightning"}],"event_choices":[],"is_beta":true,"boss_relics":[],"items_purged_floors":[],"is_endless":false,"potions_floor_spawned":[6],"killed_by":"3 Sentries","ascension_level":20}}