{"host":"fs9fti79x98y0ceq","time":1608800821,"event":{"mods":["AchievementEnabler","BaseMod","Colored Map","Custom Start","DeckTracker","Hermit","KOR Keyword Fix","Minty Spire (QoL Compilation)","Relic Stats","StSLib","SuperFastMode","everything is the same but u backflip on backflip"],"gold_per_floor":[112,62,62,62,62,390,406,331,331,348,375,401,401,184,184,184,184],"floor_reached":16,"playtime":385,"items_purged":["Strike_B","Defend_B"],"score":223,"play_id":"944b0b88-3d65-43c7-ae1f-a9a0481c1767","local_time":"20201224180701","is_ascension_mode":true,"campfire_choices":[{"data":"Zap","floor":13.0,"key":"SMITH"},{"data":"Blizzard","floor":15.0,"key":"SMITH"}],"circlet_count":0,"master_deck":["AscendersBane","Strike_B","Strike_B","Defend_B","Defend_B","Zap+1","Dualcast","Electrodynamics","Coolheaded","Blizzard+1","Melter"],"relics":["Cracked Core","NeowsBlessing","Vajra","Old Coin","Symbiotic Virus","Anchor"],"acts_visited":["Exordium"],"potions_floor_usage":[16,16],"damage_taken":[{"damage":0.0,"enemies":"Cultist","floor":1.0,"turns":1.0},{"damage":0.0,"enemies":"3 Sentries","floor":6.0,"turns":1.0},{"damage":0.0,"enemies":"Small Slimes","floor":7.0,"turns":1.0},{"damage":11.0,"enemies":"2 Louse","floor":10.0,"turns":2.0},{"damage":17.0,"enemies":"Lagavulin","floor":11.0,"turns":8.0},{"damage":13,"enemies":"Hexaghost","floor":16,"turns":7}],"seed_played":"8102847112974030948","potions_obtained":[{"floor":7.0,"key":"FearPotion"},{"floor":10.0,"key":"SneckoOil"}],"is_trial":false,"path_per_floor":["M","?","?","?","$","E","M","$","T","M","E","T","R","$","R","B"],"character_chosen":"DEFECT","items_purchased":["Blizzard","Melter"],"campfire_rested":0,"item_purchase_floors":[14,14],"current_hp_per_floor":[64,64,57,39,39,39,39,39,39,28,11,11,11,11,11,0,0],"gold":184,"neow_bonus":"THREE_ENEMY_KILL","is_daily":false,"chose_seed":false,"campfire_upgraded":2,"win_rate":0.0,"timestamp":1608800821,"path_taken":["M","?","?","?","$","E","M","$","T","?","E","?","R","?","R","BOSS"],"items_purchased_type":["Card","Card"],"build_version":"2020-12-22","purchased_purges":2,"victory":false,"max_hp_per_floor":[71,71,71,71,71,71,71,71,71,71,71,71,71,71,71,71,71],"relic_stats":{"counters":[6,20],"obtain_stats":[{"Anchor":11,"NeowsBlessing":0,"Vajra":4,"Cracked Core":0,"Symbiotic Virus":9,"Old Coin":6},{"Anchor":5,"NeowsBlessing":0,"Vajra":1,"Cracked Core":0,"Symbiotic Virus":3,"Old Coin":2},{"Anchor":13,"NeowsBlessing":0,"Vajra":1,"Cracked Core":0,"Symbiotic Virus":3,"Old Coin":2}]},"card_choices":[{"not_picked":["Go for the Eyes","Streamline","Steam"],"picked":"SKIP","floor":1.0},{"not_picked":["Skim","Conserve Battery"],"picked":"Electrodynamics","floor":6.0},{"not_picked":["Conserve Battery","Loop","Consume"],"picked":"SKIP","floor":7.0},{"not_picked":["Stack","Cold Snap"],"picked":"Coolheaded","floor":10.0},{"not_picked":["Reinforced Body","Double Energy","Coolheaded"],"picked":"SKIP","floor":11.0}],"player_experience":411119,"relics_obtained":[{"floor":6.0,"key":"Old Coin"},{"floor":9.0,"key":"Symbiotic Virus"},{"floor":11.0,"key":"Anchor"}],"event_choices":[{"cards_removed":["Strike_B"],"damage_healed":0.0,"max_hp_gain":0.0,"max_hp_loss":0.0,"gold_gain":0.0,"event_name":"The Cleric","player_choice":"Card Removal","floor":2.0,"gold_loss":50.0,"damage_taken":0.0},{"cards_removed":["Defend_B"],"damage_healed":0.0,"max_hp_gain":0.0,"max_hp_loss":0.0,"gold_gain":0.0,"event_name":"Golden Wing","player_choice":"Card Removal","floor":3.0,"gold_loss":0.0,"damage_taken":7.0},{"damage_healed":0.0,"max_hp_gain":0.0,"max_hp_loss":0.0,"gold_gain":0.0,"event_name":"Scrap Ooze","player_choice":"Success","floor":4.0,"gold_loss":0.0,"damage_taken":18.0,"relics_obtained":["Vajra"]}],"is_beta":false,"boss_relics":[],"items_purged_floors":[8,14],"is_endless":false,"potions_floor_spawned":[7,10],"killed_by":"Hexaghost","ascension_level":14}}