{"host":"u1ja96cwu1wu8jpx","time":1608844353,"event":{"mods":["BaseMod","Better Match","Colored Map","Minty Spire (QoL Compilation)","Permanent Neow","StSLib"],"gold_per_floor":[114,133,148,148,164,195,212,243,317,328,38,38,38,49,49,154,154,164,179,139,151,6,37,47,72,72,100,2,30,30,47,47,147,147,160,176,226,237,9,44,56,68,133,145,185,197,244,272,284,296,308,320,9,41,41],"floor_reached":56,"playtime":8679,"items_purged":["Eruption+1"],"score":1506,"play_id":"b52f4a87-1f53-4b95-a14e-f6e175e5d58a","local_time":"20201224161233","is_ascension_mode":true,"campfire_choices":[{"data":"Devotion","floor":13,"key":"SMITH"},{"floor":15,"key":"REST"},{"floor":32,"key":"REST"},{"floor":41,"key":"RECALL"},{"data":"Establishment","floor":46,"key":"SMITH"},{"data":"Omniscience","floor":49,"key":"SMITH"},{"data":"Devotion","floor":52,"key":"SMITH"}],"circlet_count":0,"master_deck":["Defend_P","Defend_P","Vigilance","WheelKick","ReachHeaven","LikeWater","ThirdEye+1","Fasting2+1","Prostrate","Prostrate","Devotion+1","Worship","Nirvana","Devotion+1","CurseOfTheBell","Wallop","Conclude","Protect+1","ThirdEye","Evaluate+1","JustLucky","Omniscience+1","Bite","Bite","Bite","Bite","Bite","Nirvana","Establishment+1","JustLucky+1","DeceiveReality+1","Nirvana+1","Brilliance","Wireheading","Perseverance+1","DeceiveReality","Devotion"],"relics":["PureWater","Oddly Smooth Stone","Akabeko","Letter Opener","Damaru","Calling Bell","Ancient Tea Set","Gremlin Horn","Gambling Chip","Sling","Bird Faced Urn","Potion Belt","Pear","MealTicket","Black Star","Prayer Wheel","Yang","MawBank","Strawberry","Question Card","PreservedInsect","Vajra","HornCleat","Lizard Tail","Bag of Marbles"],"acts_visited":["Exordium","TheCity","TheBeyond","TheEnding"],"potions_floor_usage":[5,7,23,23,24,25,29,31,40,55,55,55,55],"damage_taken":[{"damage":0,"enemies":"Small Slimes","floor":1,"turns":2},{"damage":0,"enemies":"Cultist","floor":2,"turns":2},{"damage":0,"enemies":"Jaw Worm","floor":3,"turns":3},{"damage":1,"enemies":"Exordium Thugs","floor":5,"turns":4},{"damage":0,"enemies":"Lagavulin","floor":6,"turns":7},{"damage":2,"enemies":"Lots of Slimes","floor":7,"turns":4},{"damage":28,"enemies":"Gremlin Nob","floor":8,"turns":4},{"damage":0,"enemies":"Looter","floor":10,"turns":3},{"damage":0,"enemies":"2 Fungi Beasts","floor":14,"turns":3},{"damage":24,"enemies":"Hexaghost","floor":16,"turns":5},{"damage":20,"enemies":"Spheric Guardian","floor":18,"turns":4},{"damage":14,"enemies":"2 Thieves","floor":19,"turns":4},{"damage":0,"enemies":"3 Cultists","floor":21,"turns":2},{"damage":15,"enemies":"Gremlin Leader","floor":23,"turns":4},{"damage":15,"enemies":"Centurion and Healer","floor":24,"turns":4},{"damage":16,"enemies":"Book of Stabbing","floor":25,"turns":5},{"damage":0,"enemies":"Gremlin Leader","floor":27,"turns":5},{"damage":30,"enemies":"Slavers","floor":29,"turns":7},{"damage":0,"enemies":"Chosen and Byrds","floor":31,"turns":4},{"damage":1,"enemies":"Champ","floor":33,"turns":12},{"damage":16,"enemies":"Orb Walker","floor":35,"turns":5},{"damage":16,"enemies":"3 Shapes","floor":36,"turns":7},{"damage":3,"enemies":"Mind Bloom Boss Battle","floor":37,"turns":6},{"damage":27,"enemies":"Jaw Worm Horde","floor":38,"turns":4},{"damage":46,"enemies":"Reptomancer","floor":40,"turns":6},{"damage":19,"enemies":"Giant Head","floor":45,"turns":8},{"damage":40,"enemies":"Reptomancer","floor":47,"turns":7},{"damage":26,"enemies":"Maw","floor":48,"turns":8},{"damage":9,"enemies":"Time Eater","floor":50,"turns":8},{"damage":20,"enemies":"Shield and Spear","floor":54,"turns":5},{"damage":136,"enemies":"The Heart","floor":55,"turns":12}],"seed_played":"835237891159603926","potions_obtained":[{"floor":1,"key":"Regen Potion"},{"floor":2,"key":"AttackPotion"},{"floor":5,"key":"Explosive Potion"},{"floor":8,"key":"DistilledChaos"},{"floor":16,"key":"EssenceOfSteel"},{"floor":19,"key":"EntropicBrew"},{"floor":23,"key":"AttackPotion"},{"floor":33,"key":"BlessingOfTheForge"},{"floor":35,"key":"Dexterity Potion"},{"floor":37,"key":"AttackPotion"},{"floor":38,"key":"Regen Potion"},{"floor":45,"key":"StancePotion"}],"is_trial":false,"path_per_floor":["M","M","M","?","M","E","M","E","T","M","$","?","R","M","R","B",null,"M","M","?","M","$","E","M","E","T","E","$","E","?","M","R","B",null,"M","M","?","M","$","E","R","?","T","$","E","R","E","M","R","B",null,"R","$","E","B",null],"character_chosen":"WATCHER","items_purchased":["Damaru","Devotion","Worship","Sling","JustLucky","Brilliance","Wireheading","HornCleat","BlessingOfTheForge","DeceiveReality"],"campfire_rested":2,"item_purchase_floors":[11,11,11,22,28,39,39,53,53,53],"current_hp_per_floor":[65,65,65,65,64,64,62,34,34,34,34,34,34,34,53,29,65,45,31,31,31,31,28,19,9,19,23,23,5,5,17,39,66,75,66,70,75,58,73,45,45,45,45,60,72,72,64,70,70,82,82,82,82,76,35],"gold":41,"neow_bonus":"TRANSFORM_TWO_CARDS","is_daily":false,"chose_seed":false,"campfire_upgraded":4,"win_rate":0.0,"timestamp":1608844353,"path_taken":["M","M","M","?","M","E","M","E","T","?","$","?","R","M","R","BOSS","M","M","?","M","$","E","?","E","T","E","$","E","?","M","R","BOSS","M","M","?","M","$","E","R","?","T","?","E","R","E","M","R","BOSS","R","$","E","BOSS"],"items_purchased_type":["Relic","Card","Card","Relic","Card","Card","Card","Relic","Potion","Card"],"build_version":"2020-12-22","purchased_purges":1,"victory":true,"max_hp_per_floor":[65,65,65,65,65,65,65,65,65,65,65,65,65,65,65,65,65,65,65,65,65,65,65,65,65,75,75,75,75,75,75,75,75,75,75,75,75,75,75,75,75,75,75,75,82,82,82,82,82,82,82,82,82,82,82],"card_choices":[{"not_picked":["CutThroughFate","Prostrate"],"picked":"LikeWater","floor":1},{"not_picked":["Indignation","BattleHymn"],"picked":"ThirdEye","floor":2},{"not_picked":["Indignation","PathToVictory"],"picked":"Fasting2","floor":3},{"not_picked":["Sanctity","InnerPeace"],"picked":"Prostrate","floor":5},{"not_picked":["Indignation","SignatureMove"],"picked":"Prostrate","floor":6},{"not_picked":["CutThroughFate","Sanctity","Crescendo"],"picked":"SKIP","floor":7},{"not_picked":["Crescendo","MasterReality","CrushJoints"],"picked":"SKIP","floor":8},{"not_picked":["EmptyFist","CutThroughFate","CarveReality"],"picked":"SKIP","floor":10},{"not_picked":["Halt","EmptyFist"],"picked":"Nirvana","floor":14},{"not_picked":["Scrawl","DevaForm"],"picked":"Devotion","floor":16},{"not_picked":["PathToVictory+1","InnerPeace"],"picked":"Wallop","floor":18},{"not_picked":["Weave+1","Crescendo"],"picked":"Conclude","floor":19},{"not_picked":["BowlingBash","PathToVictory"],"picked":"Protect+1","floor":21},{"not_picked":["Evaluate","CarveReality+1","Protect"],"picked":"SKIP","floor":23},{"not_picked":["EmptyBody","FlyingSleeves"],"picked":"ThirdEye","floor":24},{"not_picked":["Worship+1","Swivel+1"],"picked":"Evaluate+1","floor":25},{"not_picked":["FollowUp+1","CrushJoints","Halt"],"picked":"SKIP","floor":27},{"not_picked":["CrushJoints","BowlingBash"],"picked":"Omniscience","floor":29},{"not_picked":["Protect","MentalFortress"],"picked":"Nirvana","floor":31},{"not_picked":["SpiritShield","LessonLearned"],"picked":"Establishment","floor":33},{"not_picked":["Halt","ClearTheMind"],"picked":"JustLucky+1","floor":35},{"not_picked":["Crescendo","BowlingBash"],"picked":"DeceiveReality+1","floor":36},{"not_picked":["WaveOfTheHand","MentalFortress"],"picked":"Nirvana+1","floor":38},{"not_picked":["WheelKick","ThirdEye+1","Crescendo+1"],"picked":"SKIP","floor":38},{"not_picked":["Weave+1","Halt+1"],"picked":"Perseverance+1","floor":40},{"not_picked":["Evaluate","Vengeance","SashWhip"],"picked":"SKIP","floor":45},{"not_picked":["Adaptation","MentalFortress+1","ClearTheMind+1","LessonLearned"],"picked":"SKIP","floor":47},{"not_picked":["Vengeance","SandsOfTime+1","Consecrate","Prostrate"],"picked":"SKIP","floor":48},{"not_picked":["CrushJoints","CutThroughFate+1","PathToVictory","Consecrate+1"],"picked":"SKIP","floor":48},{"not_picked":["Sanctity","Prostrate","FollowUp+1"],"picked":"Devotion","floor":54}],"player_experience":400146,"relics_obtained":[{"floor":6,"key":"Oddly Smooth Stone"},{"floor":8,"key":"Akabeko"},{"floor":9,"key":"Letter Opener"},{"floor":17,"key":"Ancient Tea Set"},{"floor":17,"key":"Gremlin Horn"},{"floor":17,"key":"Gambling Chip"},{"floor":23,"key":"Bird Faced Urn"},{"floor":25,"key":"Potion Belt"},{"floor":26,"key":"Pear"},{"floor":27,"key":"Blood Vial"},{"floor":29,"key":"MealTicket"},{"floor":37,"key":"Prayer Wheel"},{"floor":40,"key":"Yang"},{"floor":40,"key":"MawBank"},{"floor":45,"key":"Strawberry"},{"floor":45,"key":"Question Card"},{"floor":47,"key":"PreservedInsect"},{"floor":47,"key":"Vajra"},{"floor":54,"key":"Lizard Tail"},{"floor":54,"key":"Bag of Marbles"}],"event_choices":[{"damage_healed":0,"gold_gain":0,"player_choice":"Forge","damage_taken":0,"max_hp_gain":0,"max_hp_loss":0,"event_name":"Accursed Blacksmith","floor":4,"gold_loss":0,"cards_upgraded":["Fasting2"]},{"cards_removed":["Defend_P"],"damage_healed":0,"gold_gain":0,"player_choice":"Purged","damage_taken":0,"max_hp_gain":0,"max_hp_loss":0,"event_name":"Purifier","floor":12,"gold_loss":0},{"damage_healed":0,"gold_gain":0,"player_choice":"Upgraded Two","damage_taken":0,"max_hp_gain":0,"max_hp_loss":0,"event_name":"Designer","floor":20,"gold_loss":40,"cards_upgraded":["Eruption","ThirdEye"]},{"damage_healed":0,"gold_gain":0,"player_choice":"Became a vampire (Vial)","damage_taken":0,"max_hp_gain":0,"max_hp_loss":0,"event_name":"Vampires","floor":30,"relics_lost":["Blood Vial"],"gold_loss":0,"cards_obtained":["Bite","Bite","Bite","Bite","Bite"]},{"damage_healed":0,"gold_gain":0,"player_choice":"Fight","damage_taken":0,"max_hp_gain":0,"max_hp_loss":0,"event_name":"MindBloom","floor":37,"gold_loss":0},{"damage_healed":0,"gold_gain":0,"player_choice":"Memory 1","damage_taken":0,"max_hp_gain":0,"max_hp_loss":0,"event_name":"SensoryStone","floor":42,"gold_loss":0}],"is_beta":false,"boss_relics":[{"not_picked":["Runic Pyramid","Runic Dome"],"picked":"Calling Bell"},{"not_picked":["Coffee Dripper","Tiny House"],"picked":"Black Star"}],"items_purged_floors":[28],"is_endless":false,"potions_floor_spawned":[1,2,5,8,16,19,21,23,33,35,37,38,45],"ascension_level":1}}