{"host":"2lqi9xx9scmc3cqh","time":1608811914,"event":{"mods":["AchievementEnabler","BaseMod","Colored Map","Minty Spire (QoL Compilation)","Remove Card Discount Mod","StSLib"],"gold_per_floor":[119,134,309,326,156,156,189,43,43,43,651,710,710,744,744,844,844,860,860,860,860,877,877,904,916,916,916,642,670,684,684,684,785,785,795,795,809,854,562,562,596,596,620,620,645,418,418,192,192,192],"floor_reached":51,"playtime":2324,"items_purged":["Doubt","Strike_G","Strike_G","Strike_G","Defend_G","Defend_G","Defend_G","Cloak And Dagger","Strike_G","Cloak And Dagger","Writhe"],"score":1340,"play_id":"f84b3449-8a4d-478a-b3f9-5c278c9a69b8","local_time":"20201224211154","is_ascension_mode":true,"campfire_choices":[{"data":"Neutralize","floor":6,"key":"SMITH"},{"data":"Cloak And Dagger","floor":10,"key":"SMITH"},{"data":"Bouncing Flask","floor":15,"key":"SMITH"},{"floor":23,"key":"REST"},{"data":"Catalyst","floor":27,"key":"SMITH"},{"data":"Deadly Poison","floor":32,"key":"SMITH"},{"floor":40,"key":"REST"},{"data":"Burst","floor":42,"key":"SMITH"},{"floor":44,"key":"REST"},{"data":"Bouncing Flask","floor":49,"key":"SMITH"}],"circlet_count":0,"master_deck":["AscendersBane","Strike_G","Defend_G","Defend_G","Survivor","Neutralize+1","Cloak And Dagger+1","Dagger Spray","Bouncing Flask+1","Corpse Explosion","Deadly Poison+1","Catalyst+1","Backflip","Burst+1","Bouncing Flask+1","Deadly Poison","Bane"],"relics":["Ring of the Serpent","Pen Nib","Juzu Bracelet","Tiny Chest","HandDrill","Bag of Marbles","Paper Crane","Membership Card","Frozen Egg 2","Dream Catcher","PreservedInsect","Mercury Hourglass","The Specimen","Tough Bandages","Boot","Du-Vu Doll","Blue Candle","Letter Opener","Darkstone Periapt","Mango","Torii","Sozu","Tingsha","Ice Cream","Blood Vial","OrangePellets","Prayer Wheel","Toy Ornithopter","Ginger","Bronze Scales","Ancient Tea Set","Chemical X","Strawberry","Anchor","Orrery"],"acts_visited":["Exordium","TheCity","TheBeyond"],"potions_floor_usage":[7,16,29,33,50],"damage_taken":[{"damage":1,"enemies":"Small Slimes","floor":1,"turns":4},{"damage":4,"enemies":"Jaw Worm","floor":2,"turns":5},{"damage":0,"enemies":"2 Louse","floor":4,"turns":2},{"damage":11,"enemies":"Lagavulin","floor":7,"turns":4},{"damage":12,"enemies":"Lagavulin Event","floor":12,"turns":7},{"damage":0,"enemies":"Gremlin Nob","floor":14,"turns":2},{"damage":10,"enemies":"Slime Boss","floor":16,"turns":10},{"damage":15,"enemies":"2 Thieves","floor":18,"turns":3},{"damage":0,"enemies":"Chosen","floor":22,"turns":3},{"damage":15,"enemies":"Book of Stabbing","floor":24,"turns":5},{"damage":0,"enemies":"Snake Plant","floor":25,"turns":2},{"damage":0,"enemies":"Gremlin Leader","floor":29,"turns":3},{"damage":1,"enemies":"Cultist and Chosen","floor":30,"turns":4},{"damage":15,"enemies":"Collector","floor":33,"turns":6},{"damage":27,"enemies":"3 Darklings","floor":35,"turns":2},{"damage":0,"enemies":"Orb Walker","floor":37,"turns":2},{"damage":64,"enemies":"2 Orb Walkers","floor":38,"turns":4},{"damage":4,"enemies":"Nemesis","floor":41,"turns":3},{"damage":7,"enemies":"Giant Head","floor":45,"turns":3},{"damage":64,"enemies":"Awakened One","floor":50,"turns":10}],"seed_played":"-8658650066243222722","potions_obtained":[{"floor":1,"key":"AttackPotion"},{"floor":4,"key":"LiquidMemories"},{"floor":7,"key":"FearPotion"},{"floor":29,"key":"AttackPotion"}],"is_trial":false,"path_per_floor":["M","M","?","M","$","R","E","$","T","R","$","?","T","E","R","B",null,"M","T","?","?","M","R","E","M","T","R","$","E","M","T","R","B",null,"M","?","M","?","$","R","E","R","T","R","E","$","?","$","R","B",null],"character_chosen":"THE_SILENT","items_purchased":["HandDrill","Bag of Marbles","Membership Card","Frozen Egg 2","Dream Catcher","Acrobatics","Cloak And Dagger","Letter Opener","Backflip","Darkstone Periapt","Ice Cream","Blood Vial","OrangePellets","Bronze Scales","Ancient Tea Set","Chemical X","Strawberry","Anchor","Orrery"],"campfire_rested":3,"item_purchase_floors":[5,8,11,11,11,11,11,28,28,28,39,39,39,46,46,46,48,48,48],"current_hp_per_floor":[62,58,58,58,58,58,47,47,47,47,47,35,35,35,35,25,59,44,44,32,32,32,53,38,38,38,38,38,52,51,51,51,36,72,45,72,72,8,8,35,33,33,33,60,55,55,55,62,62,5],"gold":192,"neow_bonus":"RANDOM_COMMON_RELIC","is_daily":false,"chose_seed":false,"campfire_upgraded":7,"win_rate":0.0,"timestamp":1608811914,"path_taken":["M","M","?","M","$","R","E","$","T","R","$","?","?","E","R","BOSS","M","?","?","?","M","R","E","M","T","R","?","E","M","?","R","BOSS","M","?","M","?","$","R","E","R","T","R","E","$","?","$","R","BOSS"],"items_purchased_type":["Relic","Relic","Relic","Relic","Relic","Card","Card","Relic","Card","Relic","Relic","Relic","Relic","Relic","Relic","Relic","Relic","Relic","Relic"],"build_version":"2020-12-22","purchased_purges":11,"victory":true,"max_hp_per_floor":[70,70,70,70,70,70,70,70,70,70,70,70,70,70,70,70,70,70,70,70,70,70,70,70,70,70,70,70,84,84,84,84,84,84,84,90,90,90,90,90,90,90,90,90,90,90,90,97,97,97],"card_choices":[{"not_picked":["Masterful Stab","Backstab"],"picked":"Cloak And Dagger","floor":1},{"not_picked":["Flying Knee","Deadly Poison","Catalyst"],"picked":"SKIP","floor":2},{"not_picked":["Calculated Gamble","Flying Knee"],"picked":"Dagger Spray","floor":4},{"not_picked":["Heel Hook","Choke"],"picked":"Cloak And Dagger","floor":7},{"not_picked":["Blade Dance","Blur"],"picked":"Bouncing Flask","floor":14},{"not_picked":["After Image+1","Adrenaline"],"picked":"Corpse Explosion","floor":16},{"not_picked":["Backflip","Flechettes+1"],"picked":"Deadly Poison","floor":18},{"not_picked":["Quick Slash","Slice","Crippling Poison"],"picked":"SKIP","floor":22},{"not_picked":["Leg Sweep","Eviscerate"],"picked":"Catalyst","floor":24},{"not_picked":["Sucker Punch","Underhanded Strike","PiercingWail"],"picked":"SKIP","floor":25},{"not_picked":["Acrobatics","Distraction","Dash"],"picked":"SKIP","floor":29},{"not_picked":["Predator+1","Sucker Punch","Bane"],"picked":"SKIP","floor":30},{"not_picked":["Venomology","A Thousand Cuts+1"],"picked":"Burst","floor":33},{"not_picked":["Endless Agony+1","PiercingWail","Backflip+1"],"picked":"SKIP","floor":35},{"not_picked":["Caltrops+1","Predator+1","Dagger Throw"],"picked":"SKIP","floor":37},{"not_picked":["Sucker Punch","Skewer+1"],"picked":"Bouncing Flask","floor":40},{"not_picked":["Reflex","Expertise+1","Concentrate+1"],"picked":"SKIP","floor":41},{"not_picked":["Deflect+1","Caltrops+1","Dagger Throw+1"],"picked":"SKIP","floor":45},{"not_picked":["Poisoned Stab","Outmaneuver+1"],"picked":"Deadly Poison","floor":48},{"not_picked":["Heel Hook+1","Backstab"],"picked":"Bane","floor":48}],"player_experience":369158,"relics_obtained":[{"floor":7,"key":"Dead Branch"},{"floor":9,"key":"Paper Crane"},{"floor":12,"key":"PreservedInsect"},{"floor":13,"key":"Mercury Hourglass"},{"floor":14,"key":"The Specimen"},{"floor":19,"key":"Tough Bandages"},{"floor":21,"key":"Boot"},{"floor":24,"key":"Du-Vu Doll"},{"floor":26,"key":"Blue Candle"},{"floor":29,"key":"Mango"},{"floor":31,"key":"Torii"},{"floor":38,"key":"Tingsha"},{"floor":41,"key":"Prayer Wheel"},{"floor":43,"key":"Toy Ornithopter"},{"floor":45,"key":"Ginger"}],"event_choices":[{"damage_healed":0,"gold_gain":175,"player_choice":"AGREE","damage_taken":0,"max_hp_gain":0,"max_hp_loss":0,"event_name":"Liars Game","floor":3,"gold_loss":0,"cards_obtained":["Doubt"]},{"damage_healed":0,"gold_gain":30,"player_choice":"Searched \u00272\u0027 times","damage_taken":0,"max_hp_gain":0,"max_hp_loss":0,"event_name":"Dead Adventurer","floor":12,"gold_loss":0},{"damage_healed":0,"gold_gain":0,"player_choice":"POTION ","damage_taken":12,"max_hp_gain":0,"max_hp_loss":0,"event_name":"Knowing Skull","floor":20,"potions_obtained":["Strength Potion"],"gold_loss":0,"cards_obtained":[]},{"damage_healed":0,"gold_gain":0,"player_choice":"Relic","damage_taken":0,"max_hp_gain":0,"max_hp_loss":0,"event_name":"Wheel of Change","floor":21,"gold_loss":0},{"damage_healed":21,"gold_gain":0,"player_choice":"Writhe","damage_taken":0,"max_hp_gain":0,"max_hp_loss":0,"event_name":"Winding Halls","floor":36,"gold_loss":0,"cards_obtained":["Writhe"]},{"damage_healed":0,"gold_gain":0,"player_choice":"Fight","damage_taken":0,"max_hp_gain":0,"max_hp_loss":0,"event_name":"Mysterious Sphere","floor":38,"gold_loss":0},{"cards_removed":["Acrobatics"],"damage_healed":0,"gold_gain":0,"player_choice":"Removed Skill","damage_taken":0,"max_hp_gain":0,"max_hp_loss":0,"event_name":"Falling","floor":47,"gold_loss":0}],"is_beta":false,"boss_relics":[{"not_picked":["Fusion Hammer","Busted Crown"],"picked":"Ring of the Serpent"},{"not_picked":["Tiny House","HoveringKite"],"picked":"Sozu"}],"items_purged_floors":[5,5,5,5,5,5,5,28,28,28,39],"is_endless":false,"potions_floor_spawned":[1,4,7,22,24,29,35,38,45],"ascension_level":11}}