{"host":"8w77ry71wnq5rafu","time":1608779551,"event":{"mods":["AchievementEnabler","BaseMod","ChefMod","Colored Map","Hermit","Highlight Path","Key Reminder","Minty Spire (QoL Compilation)","Permanent Neow","Random Character Button","Rare Cards Sparkle","StSLib","The Edgeheg","The Problem Sleuth","The Senshi","Unceasing Turn Reminder","egg","everything is the same but u backflip on backflip","slay the spire mod where everything is the same but ironclad has a cowboy hat","thorton"],"gold_per_floor":[11,23,23,34,46,79,97,123,123,141,175,191,217,22,22,22,22],"floor_reached":16,"playtime":1131,"items_purged":[],"score":221,"play_id":"d1dfa3bb-551b-4322-aa71-2c4d12142a4f","local_time":"20201223201231","is_ascension_mode":true,"campfire_choices":[{"data":"HandOfGreed","floor":15,"key":"SMITH"}],"circlet_count":0,"master_deck":["AscendersBane","Strike_R","Strike_R","Strike_R","Defend_R","Defend_R","Defend_R","Defend_R","Bash","Dark Embrace","Reaper","Whirlwind+1","Shockwave","Havoc","Battle Trance","Metallicize","Armaments","Shrug It Off","Disarm","Clothesline","Disarm","HandOfGreed+1","Headbutt"],"relics":["Burning Blood","Torii","Juzu Bracelet","StrikeDummy","Bottled Lightning","Boot"],"acts_visited":["Exordium"],"potions_floor_usage":[6,11,11,13,16],"damage_taken":[{"damage":4,"enemies":"Small Slimes","floor":1,"turns":4},{"damage":8,"enemies":"2 Louse","floor":2,"turns":2},{"damage":10,"enemies":"Jaw Worm","floor":4,"turns":5},{"damage":0,"enemies":"Large Slime","floor":5,"turns":5},{"damage":15,"enemies":"3 Sentries","floor":6,"turns":5},{"damage":11,"enemies":"Blue Slaver","floor":7,"turns":7},{"damage":64,"enemies":"Gremlin Nob","floor":8,"turns":6},{"damage":3,"enemies":"Red Slaver","floor":10,"turns":6},{"damage":12,"enemies":"3 Sentries","floor":11,"turns":4},{"damage":14,"enemies":"3 Louse","floor":12,"turns":3},{"damage":35,"enemies":"Gremlin Nob","floor":13,"turns":5},{"damage":51,"enemies":"The Guardian","floor":16,"turns":9}],"seed_played":"-3667218454489186004","potions_obtained":[{"floor":2,"key":"SkillPotion"},{"floor":4,"key":"FairyPotion"},{"floor":8,"key":"HeartOfIron"},{"floor":10,"key":"Explosive Potion"},{"floor":12,"key":"Strength Potion"},{"floor":13,"key":"BloodPotion"}],"is_trial":false,"path_per_floor":["M","M","?","M","M","E","M","E","T","M","E","M","E","$","R","B"],"character_chosen":"IRONCLAD","items_purchased":["HandOfGreed","Headbutt"],"campfire_rested":0,"item_purchase_floors":[14,14],"current_hp_per_floor":[80,78,78,80,80,79,78,26,26,36,42,49,24,24,24,0,0],"gold":22,"neow_bonus":"TRANSFORM_TWO_CARDS","is_daily":false,"chose_seed":false,"campfire_upgraded":1,"win_rate":0.0,"timestamp":1608779551,"path_taken":["M","M","?","M","M","E","M","E","T","M","E","M","E","$","R","BOSS"],"items_purchased_type":["Card","Card"],"build_version":"2020-12-22","purchased_purges":0,"victory":false,"max_hp_per_floor":[80,80,80,80,80,80,80,80,80,80,80,80,80,80,80,80,80],"card_choices":[{"not_picked":["Sword Boomerang","Body Slam"],"picked":"Whirlwind","floor":1},{"not_picked":["Flex","Reckless Charge"],"picked":"Shockwave","floor":2},{"not_picked":["Twin Strike","Warcry"],"picked":"Havoc","floor":4},{"not_picked":["Sentinel","Headbutt"],"picked":"Battle Trance","floor":5},{"not_picked":["Anger","Iron Wave"],"picked":"Metallicize","floor":6},{"not_picked":["Perfected Strike","Carnage"],"picked":"Armaments","floor":7},{"not_picked":["Iron Wave","Combust"],"picked":"Shrug It Off","floor":8},{"not_picked":["Headbutt","Pommel Strike"],"picked":"Disarm","floor":10},{"not_picked":["Disarm","Bludgeon","Cleave"],"picked":"SKIP","floor":11},{"not_picked":["Thunderclap","Sword Boomerang"],"picked":"Clothesline","floor":12},{"not_picked":["Dropkick","Entrench"],"picked":"Disarm","floor":13}],"player_experience":451436,"relics_obtained":[{"floor":6,"key":"Torii"},{"floor":8,"key":"Juzu Bracelet"},{"floor":9,"key":"StrikeDummy"},{"floor":11,"key":"Bottled Lightning"},{"floor":13,"key":"Boot"}],"event_choices":[{"damage_healed":0,"gold_gain":0,"player_choice":"Grow","damage_taken":0,"max_hp_gain":0,"max_hp_loss":0,"event_name":"Living Wall","floor":3,"gold_loss":0,"cards_upgraded":["Whirlwind"]}],"is_beta":false,"boss_relics":[],"items_purged_floors":[],"is_endless":false,"potions_floor_spawned":[2,4,8,10,12,13],"killed_by":"The Guardian","ascension_level":13}}