{"host":"17xjy7b7ubl548g2","time":1608788429,"event":{"mods":["2.2 Compatiblity","Act Like it!","Aspiration","Astrologer","Bard","BaseMod","Bestiary","Challenge The Spire","ChefMod","Colored Map","Conspire","Elementarium","Energized Spire","GifTheSpireLib","Halation","Hallownest","Hermit","Hubris","Infinite Spire","Jedi Mod","Jorbs\u0027s Wanderer Trilogy","Marisa（霧雨　魔理沙）","Marked Mod","Minty Spire (QoL Compilation)","Pale of the Ancients","Permanent Neow","Puzzle Mod","Replay The Spire","Robot Space Explorer","Spicy Shops","StSLib","Stuff the Spire","The Blue Laboratory","The Bug Knight","The Construct","The Disciple","The Hayseed","The Hierophant","The Runesmith","The Sage"],"gold_per_floor":[114,40,40,40,40,69,69,101,101,120,120,120,17,34,34,107,107,127,127,127,27,47,81,92,92,92,103,134,134,503,503,503,580,580,593,593,593,29,47,82,56,56,106,141,141,166,176,195,195,195,195,195,0,35,80,80],"floor_reached":55,"playtime":4887,"items_purged":["Strike_R","conspire:Banana","Strike_R","Strike_R","Defend_R"],"score":1475,"play_id":"47478240-482b-423f-a9ef-0dac0c9cc71e","local_time":"20201224004029","is_ascension_mode":true,"campfire_choices":[{"data":"Armaments","floor":7,"key":"SMITH"},{"data":"Uppercut","floor":11,"key":"SMITH"},{"data":"Shockwave","floor":15,"key":"SMITH"},{"data":"infinitespire:Punishment","floor":25,"key":"SMITH"},{"data":"conspire:Charge","floor":29,"key":"SMITH"},{"data":"Hallownest:attackMasterCycloneSlash","floor":32,"key":"SMITH"},{"data":"Bludgeon","floor":45,"key":"SMITH"},{"floor":49,"key":"RECALL"},{"data":"infinitespire:Punishment","floor":52,"key":"SMITH"}],"circlet_count":0,"master_deck":["AscendersBane","RobotSpaceExplorer:ChargingLaser+1","Defend_R","Defend_R","Defend_R","Bash","Uppercut+1","Armaments+1","conspire:ExplosiveBarrier","conspire:Charge+1","Shockwave+1","Thunderclap","ReplayTheSpireMod:Stacked","Impervious","Warcry+1","infinitespire:Punishment+1","Clothesline","Thunderclap","Pommel Strike","Hallownest:attackMasterCycloneSlash+1","Bludgeon+1","Shrug It Off+1","infinitespire:Punishment+1","Power Through","Flex+1","Iron Wave","Dropkick+1","Flame Barrier","conspire:HitWhereItHurts","Inflame","Shrug It Off"],"relics":["Burning Blood","StuffTheSpire:HeavyRock","ReplayFunnel","StuffTheSpire:RubySignet","Hallownest:DreamNailRelic","energizedSpire:TabascoSauce","PreservedInsect","Gremlin Horn","StuffTheSpire:BottledHeartBeat","aspiration:MobileForge","halation:PinkSoulGem","HornCleat","Potion Belt","White Beast Statue","ReplayTheSpireMod:Shallot","jedi:arcanewood","infinitespire:Broken Mirror","halation:OrihimeAndHikoboshiSamaAndTears","halation:IllGainedPizza"],"acts_visited":["Exordium","Hallownest:Greenpath","Hallownest:CityofTears","TheEnding"],"potions_floor_usage":[8,23,27,33,48,50,54,55,55,55],"damage_taken":[{"damage":0.0,"enemies":"Hallownest:2_Baldur","floor":1.0,"turns":4.0},{"damage":16.0,"enemies":"Hallownest:monsterMarmu","floor":5.0,"turns":6.0},{"damage":11,"enemies":"Hallownest:eliteVengeflyKing","floor":6,"turns":8},{"damage":7,"enemies":"Hallownest:eliteCrystalGuardian","floor":8,"turns":5},{"damage":0,"enemies":"Hallownest:monsterHuskWarrior","floor":10,"turns":4},{"damage":7,"enemies":"2_ Uuma","floor":14,"turns":3},{"damage":30,"enemies":"Hallownest:BossHornet","floor":16,"turns":13},{"damage":0,"enemies":"Hallownest:2_Mistakes","floor":18,"turns":6},{"damage":0,"enemies":"Hallownest:Guard_and_Sentry","floor":22,"turns":4},{"damage":9,"enemies":"Hallownest:eliteWatcherKnight","floor":23,"turns":12},{"damage":0,"enemies":"Hallownest:3_Mistakes","floor":24,"turns":4},{"damage":0,"enemies":"Hallownest:2_Husk_Sentries","floor":27,"turns":4},{"damage":0,"enemies":"Hallownest:Nosk","floor":28,"turns":6},{"damage":12,"enemies":"Hallownest:BossGrimm","floor":33,"turns":8},{"damage":2,"enemies":"Hallownest:3_Siblings","floor":35,"turns":5},{"damage":2,"enemies":"Hallownest:2_Littles","floor":39,"turns":3},{"damage":14,"enemies":"Hallownest:StalkingDevout","floor":40,"turns":5},{"damage":0,"enemies":"Hallownest:eliteHiveKnight","floor":44,"turns":3},{"damage":0,"enemies":"Hallownest:eliteCollector","floor":46,"turns":4},{"damage":0,"enemies":"Hallownest:2_Great","floor":47,"turns":3},{"damage":10,"enemies":"Hallownest:2_Wandering_and_1_Horned","floor":48,"turns":4},{"damage":23,"enemies":"Hallownest:Radiance","floor":50,"turns":6},{"damage":0,"enemies":"Shield and Spear","floor":54,"turns":3},{"damage":83,"enemies":"The Heart","floor":55,"turns":6}],"seed_played":"8975752577612542404","potions_obtained":[{"floor":1.0,"key":"blueLaboratory:FruitPunch"},{"floor":6,"key":"blueLaboratory:PhilterOfMotion"},{"floor":10,"key":"SpeedPotion"},{"floor":23,"key":"Block Potion"},{"floor":24,"key":"Explosive Potion"},{"floor":28,"key":"AttackPotion"},{"floor":40,"key":"blueLaboratory:HorrorPotion"},{"floor":44,"key":"Block Potion"},{"floor":48,"key":"Weak Potion"},{"floor":54,"key":"Swift Potion"}],"is_trial":false,"path_per_floor":["M","$","T","$","?","E","R","E","T","M","R","?","$","M","R","B",null,"M","AVR","?","$","M","E","M","R","T","M","E","R","?","?","R","B",null,"M","AVR","?","$","M","E","$","?","T","E","R","E","M","M","R","B",null,"R","$","E","B"],"character_chosen":"IRONCLAD","items_purchased":["Armaments","Thunderclap","HornCleat","Potion Belt","Iron Wave","Inflame","Shrug It Off","Adrenaline Potion"],"campfire_rested":0,"item_purchase_floors":[2,13,38,38,41,53,53,53],"current_hp_per_floor":[75,75,75,75,69,66,66,67,67,74,74,74,74,74,74,51,78,81,81,61,61,64,58,61,61,61,64,67,67,67,67,67,58,80,82,82,82,82,83,72,72,72,72,75,75,78,81,76,76,56,79,79,79,82,0,0],"gold":80,"neow_bonus":"RANDOM_COLORLESS","is_daily":false,"chose_seed":false,"campfire_upgraded":8,"win_rate":0.0,"timestamp":1608788429,"path_taken":["M","$","?","?","?","E","R","E","T","?","R","?","$","?","R","BOSS","M","AVR","?","$","M","E","?","R","T","M","E","R","?","?","R","BOSS","M","AVR","?","$","M","E","?","?","T","E","R","E","M","M","R","BOSS","R","$","E","BOSS"],"items_purchased_type":["Card","Card","Relic","Relic","Card","Card","Card","Potion"],"build_version":"2020-12-22","purchased_purges":5,"victory":false,"max_hp_per_floor":[76,76,76,76,80,82,82,84,84,85,85,85,85,86,86,87,87,87,87,87,87,87,87,87,87,87,87,87,87,87,87,87,87,87,87,87,87,87,87,87,87,87,87,87,87,87,87,87,87,87,87,87,87,87,87,87],"card_choices":[{"not_picked":["sagemod:Perplexing_Glare","PanicButton"],"picked":"conspire:Banana","floor":0.0},{"not_picked":["Armaments","StuffTheSpire:Slingshot"],"picked":"Uppercut","floor":1.0},{"not_picked":["True Grit","ReplayTheSpireMod:Strike From Hell"],"picked":"conspire:ExplosiveBarrier","floor":6},{"not_picked":["Clothesline","ReplayTheSpireMod:Muscle Training"],"picked":"conspire:Charge","floor":8},{"not_picked":["Iron Wave","Replay:Undeath\u0027s Touch"],"picked":"Shockwave","floor":10},{"not_picked":["Flex","StuffTheSpire:Slingshot"],"picked":"ReplayTheSpireMod:Stacked","floor":14},{"not_picked":["Limit Break","Replay:Many Hands"],"picked":"Impervious","floor":16},{"not_picked":["Heavy Blade","Run Through"],"picked":"Warcry+1","floor":18},{"not_picked":["Carnage","jedi:MakeshiftSword"],"picked":"Clothesline","floor":22},{"not_picked":["Blood for Blood","Havoc","Clothesline"],"picked":"SKIP","floor":23},{"not_picked":["StuffTheSpire:Pyroclast","Dark Embrace","Rage"],"picked":"SKIP","floor":24},{"not_picked":["Rupture+1","Armaments"],"picked":"Thunderclap","floor":27},{"not_picked":["Dropkick","Iron Wave"],"picked":"Pommel Strike","floor":28},{"not_picked":["Juggernaut","conspire:Purge"],"picked":"Bludgeon","floor":33},{"not_picked":["StuffTheSpire:Incineration+1","Intimidate"],"picked":"Shrug It Off+1","floor":35},{"not_picked":["Replay:Undeath\u0027s Touch","StuffTheSpire:Slingshot"],"picked":"Power Through","floor":39},{"not_picked":["Body Slam","Perfected Strike"],"picked":"Flex+1","floor":40},{"not_picked":["Flex+1","StuffTheSpire:RockThrow"],"picked":"Dropkick+1","floor":44},{"not_picked":["Dark Embrace","Twin Strike+1"],"picked":"Flame Barrier","floor":46},{"not_picked":["Feed","Headbutt","Wild Strike"],"picked":"SKIP","floor":47},{"not_picked":["ReplayTheSpireMod:LeadingStrike","Havoc"],"picked":"conspire:HitWhereItHurts","floor":48},{"not_picked":["jedi:controlledanger","Life Link","Reckless Charge"],"picked":"SKIP","floor":54}],"player_experience":1616873,"relics_obtained":[{"floor":3.0,"key":"StuffTheSpire:HeavyRock"},{"floor":6,"key":"ReplayFunnel"},{"floor":8,"key":"StuffTheSpire:RubySignet"},{"floor":23,"key":"hubris:IronBody"},{"floor":26,"key":"Gremlin Horn"},{"floor":28,"key":"StuffTheSpire:BottledHeartBeat"},{"floor":40,"key":"White Beast Statue"},{"floor":43,"key":"jedi:arcanewood"},{"floor":44,"key":"infinitespire:Broken Mirror"},{"floor":46,"key":"halation:OrihimeAndHikoboshiSamaAndTears"},{"floor":54,"key":"halation:IllGainedPizza"}],"event_choices":[],"is_beta":false,"boss_relics":[{"not_picked":["energizedSpire:OgreHead","Black Star"],"picked":"energizedSpire:TabascoSauce"},{"not_picked":["energizedSpire:NeverEndingSparkler","energizedSpire:HugeHouse"],"picked":"aspiration:MobileForge"}],"items_purged_floors":[13,19,21,36,38],"is_endless":false,"potions_floor_spawned":[1,5,6,10,23,24,28,40,44,46,47,48,54],"killed_by":"The Heart","ascension_level":16}}