{"host":"9d83omykrosjn1d3","time":1608819102,"event":{"mods":["AchievementEnabler","BaseMod","BetterRewards","Card Forge","Downfall","Hubris","MarisaÅiñ∂âJÅ@ñÇóùçπÅj","Minty Spire (QoL Compilation)","Permanent Neow","Shop Mod","StSLib","SuperFastMode","The Hierophant","The Mystic","The Runesmith"],"gold_per_floor":[131,206,206,51,51,91,139,139,162,188,188,188,188],"floor_reached":12,"playtime":1280,"items_purged":[],"score":117,"play_id":"223a53ef-ae7b-4820-b42e-980213c76dd1","local_time":"20201224231142","daily_mods":["SealedDeck","Heirloom","Flight","downfall:Lament","DeadlyEvents","Elite Swarm"],"is_ascension_mode":false,"campfire_choices":[{"data":"hierophant:Chorus","floor":8,"key":"SMITH"},{"data":"hierophant:CursedGold","floor":11,"key":"SMITH"}],"circlet_count":0,"master_deck":["hierophant:Chorus+1","hierophant:Endure","hierophant:OrnateBuckler","hierophant:ArchangelShield","hierophant:CursedGold+1","hierophant:ThreeLashes","hierophant:ConvertCurrency","hierophant:Doubloon+1","hierophant:Doubloon+1","hierophant:RepressedViolence+1","hierophant:Remorse","hierophant:MintersHammer","hierophant:Refuge","hierophant:Doubloon+1","hierophant:Dazzle","hierophant:Charity"],"relics":["hierophant:PropheticMaskRelic","Hammer of Thor","Seething Fire","Anvil of the Gods","NeowsBlessing","Incense Burner","hubris:OldNail","Nunchaku","sneckomod:BlankCard","White Beast Statue","Ice Cream"],"acts_visited":["Exordium"],"potions_floor_usage":[12],"damage_taken":[{"damage":11,"enemies":"Jaw Worm","floor":1,"turns":2},{"damage":0,"enemies":"Lagavulin","floor":6,"turns":3},{"damage":2,"enemies":"3 Sentries","floor":7,"turns":3},{"damage":15,"enemies":"Lagavulin","floor":10,"turns":7},{"damage":38,"enemies":"Gremlin Nob","floor":12,"turns":5}],"seed_played":"-4244899556502824198","potions_obtained":[{"floor":10,"key":"SteroidPotion"}],"is_trial":true,"path_per_floor":["M","?","?","$","?","E","E","R","T","E","R","E"],"character_chosen":"HIEROPHANT","items_purchased":["hubris:OldNail"],"campfire_rested":0,"item_purchase_floors":[4],"current_hp_per_floor":[64,53,46,46,46,46,44,44,44,29,29,0,0],"gold":188,"neow_bonus":"","is_daily":false,"chose_seed":false,"campfire_upgraded":2,"win_rate":0.0,"timestamp":1608819102,"path_taken":["M","?","?","?","?","E","E","R","T","E","R","E"],"items_purchased_type":["Relic"],"build_version":"2020-12-22","purchased_purges":0,"victory":false,"max_hp_per_floor":[75,75,75,75,75,75,75,75,75,75,75,75,75],"card_choices":[{"not_picked":["hierophant:ThreeLashes","hierophant:Zeal"],"picked":"hierophant:Remorse","floor":1},{"not_picked":["hierophant:LocustPlague","hierophant:Anathema","hierophant:AuricForm"],"picked":"SKIP","floor":6},{"not_picked":["hierophant:Determination","hierophant:Levitation"],"picked":"hierophant:MintersHammer","floor":7},{"not_picked":["hierophant:BulkyChest","hierophant:Batter","hierophant:DivineIntervention"],"picked":"SKIP","floor":10}],"player_experience":701591,"relics_obtained":[{"floor":6,"key":"sneckomod:BlankCard"},{"floor":7,"key":"White Beast Statue"},{"floor":10,"key":"Ice Cream"}],"event_choices":[{"damage_healed":0,"gold_gain":75,"player_choice":"Gather Gold","damage_taken":11,"max_hp_gain":0,"max_hp_loss":0,"event_name":"World of Goop","floor":2,"gold_loss":0},{"cards_removed":["hierophant:Doubloon"],"damage_healed":0,"gold_gain":0,"player_choice":"Card Removal","damage_taken":7,"max_hp_gain":0,"max_hp_loss":0,"event_name":"Golden Wing","floor":3,"gold_loss":0},{"cards_removed":["hierophant:OrnateBuckler"],"damage_healed":0,"gold_gain":0,"player_choice":"Gave Card","damage_taken":0,"relics_obtained":["Nunchaku"],"max_hp_gain":0,"max_hp_loss":0,"event_name":"WeMeetAgain","floor":5,"gold_loss":0}],"is_beta":false,"boss_relics":[],"items_purged_floors":[],"is_endless":false,"potions_floor_spawned":[10],"killed_by":"Gremlin Nob","ascension_level":0}}