{"host":"pg2biz4zy3df4ctj","time":1608780401,"event":{"mods":["BaseMod","Minty Spire (QoL Compilation)","Quick Restart","Random Character Button"],"gold_per_floor":[113,130,140,140,153,181,181,198,224,224,249,249,263,263,263,263,263],"floor_reached":16,"playtime":838,"items_purged":[],"score":179,"play_id":"b84e584c-d279-4db7-b60e-fb3c262fe4ac","local_time":"20201223192641","is_ascension_mode":true,"campfire_choices":[{"data":"Cloak And Dagger","floor":7,"key":"SMITH"},{"data":"Malaise","floor":10,"key":"SMITH"},{"floor":12,"key":"REST"},{"floor":15,"key":"RECALL"}],"circlet_count":0,"master_deck":["AscendersBane","Strike_G+1","Strike_G","Strike_G","Strike_G","Strike_G","Defend_G","Defend_G+1","Defend_G","Defend_G","Defend_G","Survivor","Neutralize+1","Blur","Dagger Throw","Cloak And Dagger+1","PiercingWail","Backstab","Malaise+1","Backflip","Decay"],"relics":["Ring of the Snake","Centennial Puzzle","Vajra"],"acts_visited":["Exordium"],"potions_floor_usage":[6,6,11],"damage_taken":[{"damage":5.0,"enemies":"Small Slimes","floor":1.0,"turns":5.0},{"damage":0.0,"enemies":"Cultist","floor":2.0,"turns":6.0},{"damage":0.0,"enemies":"Jaw Worm","floor":3.0,"turns":6.0},{"damage":0.0,"enemies":"Large Slime","floor":5.0,"turns":4.0},{"damage":13,"enemies":"Lagavulin","floor":6,"turns":10},{"damage":0,"enemies":"Gremlin Gang","floor":8,"turns":5},{"damage":8,"enemies":"3 Sentries","floor":11,"turns":9},{"damage":0,"enemies":"3 Louse","floor":13,"turns":4},{"damage":45,"enemies":"Hexaghost","floor":16,"turns":15}],"seed_played":"-6300016371534766351","potions_obtained":[{"floor":2.0,"key":"PowerPotion"},{"floor":3.0,"key":"Fire Potion"},{"floor":5.0,"key":"ColorlessPotion"},{"floor":8,"key":"AttackPotion"},{"floor":13,"key":"Strength Potion"}],"is_trial":false,"path_per_floor":["M","M","M","?","M","E","R","M","T","R","E","R","M","?","R","B"],"character_chosen":"THE_SILENT","items_purchased":[],"campfire_rested":1,"item_purchase_floors":[],"current_hp_per_floor":[58,58,58,44,44,31,31,31,31,31,23,44,44,44,44,0,0],"gold":263,"neow_bonus":"UPGRADE_CARD","is_daily":false,"chose_seed":false,"campfire_upgraded":2,"win_rate":0.0,"timestamp":1608780401,"path_taken":["M","M","M","?","M","E","R","M","T","R","E","R","M","?","R","BOSS"],"items_purchased_type":[],"build_version":"2020-12-22","purchased_purges":0,"victory":false,"max_hp_per_floor":[70,70,70,70,70,70,70,70,70,70,70,70,70,70,70,70,70],"card_choices":[{"not_picked":["Bane","Poisoned Stab"],"picked":"Blur","floor":1.0},{"not_picked":["Poisoned Stab","Deflect"],"picked":"Dagger Throw","floor":2.0},{"not_picked":["Skewer","Accuracy"],"picked":"Cloak And Dagger","floor":3.0},{"not_picked":["Leg Sweep","Slice"],"picked":"PiercingWail","floor":5.0},{"not_picked":["Deflect","Prepared"],"picked":"Backstab","floor":6},{"not_picked":["Skewer","Flying Knee"],"picked":"Malaise","floor":8},{"not_picked":["Underhanded Strike","Poisoned Stab"],"picked":"Backflip","floor":11},{"not_picked":["Underhanded Strike","Slice","Deflect"],"picked":"SKIP","floor":13}],"player_experience":554172,"relics_obtained":[{"floor":6,"key":"Centennial Puzzle"},{"floor":11,"key":"Vajra"}],"event_choices":[{"damage_healed":0.0,"max_hp_gain":0.0,"max_hp_loss":0.0,"gold_gain":0.0,"event_name":"Shining Light","player_choice":"Entered Light","floor":4.0,"gold_loss":0.0,"damage_taken":14.0,"cards_upgraded":["Strike_G","Defend_G"]},{"damage_healed":0,"gold_gain":0,"player_choice":"Cursed","damage_taken":0,"max_hp_gain":0,"max_hp_loss":0,"event_name":"Wheel of Change","floor":14,"gold_loss":0,"cards_obtained":["Decay"]}],"is_beta":false,"boss_relics":[],"items_purged_floors":[],"is_endless":false,"potions_floor_spawned":[2,3,5,8,13],"killed_by":"Hexaghost","ascension_level":12}}