{"host":"i0avyit1s6jb1siw","time":1608813895,"event":{"mods":["BaseMod","DeckTracker","Dota2Spire","Highlight Path","Minty Spire (QoL Compilation)","Quick Restart","Replay The Spire","StSLib","SuperFastMode"],"gold_per_floor":[117,117,117,117,135,135,150,184,209,223,59,59,59,79,79,79,79],"floor_reached":16,"playtime":222,"items_purged":[],"score":200,"play_id":"8758cccf-12ed-4fa4-a43e-b8c59d1d36a0","local_time":"20201224134455","is_ascension_mode":true,"campfire_choices":[{"data":"Eruption","floor":6.0,"key":"SMITH"},{"floor":12.0,"key":"REST"},{"data":"Adaptation","floor":15.0,"key":"SMITH"}],"circlet_count":0,"master_deck":["AscendersBane","Strike_P","Strike_P+1","Strike_P","Strike_P","Defend_P+1","Defend_P","Defend_P","Defend_P","Eruption+1","Vigilance","MentalFortress+1","Decay","SandsOfTime","Adaptation+1","WheelKick"],"relics":["Ring of Chaos","Dota2Spire:UrnOfShadows","Juzu Bracelet","Medical Kit"],"acts_visited":["Exordium"],"potions_floor_usage":[16],"damage_taken":[{"damage":0.0,"enemies":"2 Louse","floor":1.0,"turns":2.0},{"damage":11.0,"enemies":"Cultist","floor":5.0,"turns":6.0},{"damage":5.0,"enemies":"Small Slimes","floor":7.0,"turns":4.0},{"damage":14.0,"enemies":"Gremlin Nob","floor":8.0,"turns":4.0},{"damage":6.0,"enemies":"Looter","floor":10.0,"turns":4.0},{"damage":8.0,"enemies":"Blue Slaver","floor":14.0,"turns":5.0},{"damage":48,"enemies":"The Guardian","floor":16,"turns":2}],"seed_played":"415003313151308095","potions_obtained":[{"floor":1.0,"key":"LifebloodPotion"},{"floor":8.0,"key":"Weak Potion"},{"floor":10.0,"key":"ColorlessPotion"},{"floor":14.0,"key":"BlessingOfTheForge"}],"is_trial":false,"path_per_floor":["M","?","?","?","M","R","M","E","T","M","$","R","?","M","R","B"],"character_chosen":"WATCHER","items_purchased":["Medical Kit"],"campfire_rested":1,"item_purchase_floors":[11],"current_hp_per_floor":[61,41,41,41,30,30,25,11,11,5,5,25,25,17,17,0,0],"gold":79,"neow_bonus":"BOSS_RELIC","is_daily":false,"chose_seed":false,"campfire_upgraded":2,"win_rate":0.0,"timestamp":1608813895,"path_taken":["M","?","?","?","M","R","M","E","T","M","$","R","?","M","R","BOSS"],"items_purchased_type":["Relic"],"build_version":"2020-12-22","purchased_purges":0,"victory":false,"max_hp_per_floor":[68,68,68,68,68,68,68,68,68,68,68,68,68,68,68,68,68],"card_choices":[{"not_picked":["Replay:Cycle","Pray"],"picked":"MentalFortress","floor":1.0},{"not_picked":["JustLucky","FlyingSleeves"],"picked":"SandsOfTime","floor":5.0},{"not_picked":["Replay:BluntJabs","Protect"],"picked":"Adaptation","floor":7.0},{"not_picked":["EmptyBody","SashWhip"],"picked":"WheelKick","floor":8.0},{"not_picked":["ReachHeaven","WheelKick","EmptyBody"],"picked":"SKIP","floor":10.0},{"not_picked":["Replay:Cycle","Evaluate","Consecrate"],"picked":"SKIP","floor":14.0}],"player_experience":2113691,"relics_obtained":[{"floor":8.0,"key":"Dota2Spire:UrnOfShadows"},{"floor":9.0,"key":"Juzu Bracelet"}],"event_choices":[{"damage_healed":0.0,"max_hp_gain":0.0,"max_hp_loss":0.0,"gold_gain":0.0,"event_name":"Shining Light","player_choice":"Entered Light","floor":2.0,"gold_loss":0.0,"damage_taken":20.0,"cards_upgraded":["MentalFortress","Strike_P"]},{"damage_healed":0.0,"max_hp_gain":0.0,"max_hp_loss":0.0,"gold_gain":0.0,"event_name":"Wheel of Change","player_choice":"Cursed","floor":4.0,"gold_loss":0.0,"damage_taken":0.0,"cards_obtained":["Decay"]},{"damage_healed":0.0,"max_hp_gain":0.0,"max_hp_loss":0.0,"gold_gain":0.0,"event_name":"Liars Game","player_choice":"Ignored","floor":13.0,"gold_loss":0.0,"damage_taken":0.0}],"is_beta":false,"boss_relics":[],"items_purged_floors":[],"is_endless":false,"potions_floor_spawned":[1,8,10,14],"killed_by":"The Guardian","ascension_level":20}}