{"host":"ssbj2e5691x5ub3h","time":1608831438,"event":{"mods":["BaseMod","Duelist Mod","Minty Spire (QoL Compilation)","StSLib"],"gold_per_floor":[143,143,143,218,280,280,310,322,322,347,347,376,394,412,412,507,507,523,523,539,638,652,652,687,701,781,781,799,819,819,819,819,917,917,917,917],"floor_reached":35,"playtime":2505,"items_purged":[],"score":631,"play_id":"d4b5ed9e-7bc1-4f43-a71c-ded29ebf1b8b","local_time":"20201224153718","is_ascension_mode":true,"campfire_choices":[{"data":"theDuelist:CyberShark","floor":6,"key":"SMITH"},{"floor":11,"key":"REST"},{"floor":15,"key":"REST"},{"floor":23,"key":"REST"},{"floor":27,"key":"REST"},{"data":"theDuelist:Hyosube","floor":30,"key":"SMITH"},{"floor":32,"key":"REST"}],"circlet_count":0,"master_deck":["theDuelist:SevenColoredFish","theDuelist:SevenColoredFish","theDuelist:AquaSpirit","theDuelist:CastleWalls","theDuelist:CastleWalls","theDuelist:IslandTurtle","theDuelist:IslandTurtle","theDuelist:RevivalJam","theDuelist:Sparks","theDuelist:GamecieltheSeaTurtleKaiju","theDuelist:CyberShark+1","theDuelist:BoulderTortoise+1","theDuelist:HydraViper+1","theDuelist:Hyosube+1","theDuelist:SwampFrog+1","theDuelist:TripodFish+1","theDuelist:SharkStickers","theDuelist:DewlorenTigerKing+1","theDuelist:GamecieltheSeaTurtleKaiju+1","theDuelist:LegendaryOcean+1","theDuelist:RageDeepSea+1","theDuelist:AtlanteanHeavyInfantry+1","theDuelist:BlizzardThunderbird","theDuelist:TripodFish+1","theDuelist:GiantRedSeasnake+1","theDuelist:MorayGreed"],"relics":["theDuelist:MillenniumPuzzle","theDuelist:CardPoolRelic","theDuelist:CardPoolBasicRelic","theDuelist:BoosterPackPoolRelic","theDuelist:CardPoolAddRelic","theDuelist:CardPoolMinusRelic","theDuelist:CardPoolSaveRelic","theDuelist:CardPoolOptionsRelic","Molten Egg 2","Strawberry","Snake Skull","Odd Mushroom","Mark of Pain","theDuelist:SummonAnchor","Paper Crane","theDuelist:KaibaToken","theDuelist:ElectricKey"],"acts_visited":["Exordium","TheCity","TheBeyond"],"potions_floor_usage":[10,10,24,33,33],"damage_taken":[{"damage":6,"enemies":"Cultist","floor":1,"turns":4},{"damage":43,"enemies":"Lagavulin","floor":7,"turns":11},{"damage":0,"enemies":"2 Louse","floor":8,"turns":3},{"damage":0,"enemies":"3 Sentries","floor":10,"turns":9},{"damage":2,"enemies":"The Mushroom Lair","floor":12,"turns":5},{"damage":0,"enemies":"Small Slimes","floor":13,"turns":3},{"damage":0,"enemies":"Blue Slaver","floor":14,"turns":2},{"damage":0,"enemies":"The Guardian","floor":16,"turns":8},{"damage":19,"enemies":"3 Byrds","floor":18,"turns":9},{"damage":9,"enemies":"Shell Parasite","floor":20,"turns":5},{"damage":0,"enemies":"Snake Plant","floor":22,"turns":4},{"damage":28,"enemies":"Slavers","floor":24,"turns":8},{"damage":0,"enemies":"Snecko","floor":25,"turns":4},{"damage":6,"enemies":"Centurion and Healer","floor":28,"turns":6},{"damage":0,"enemies":"Snake Plant","floor":29,"turns":4},{"damage":44,"enemies":"Automaton","floor":33,"turns":7},{"damage":0,"enemies":"3 Darklings","floor":35,"turns":2}],"seed_played":"-3506125046226687057","potions_obtained":[{"floor":1,"key":"theDuelist:VoidBottle"},{"floor":8,"key":"theDuelist:OrbBottle"},{"floor":10,"key":"AttackPotion"},{"floor":14,"key":"Fire Potion"},{"floor":16,"key":"theDuelist:SolderPotionB"},{"floor":18,"key":"theDuelist:VampireVial"},{"floor":28,"key":"theDuelist:GiftPotion"},{"floor":29,"key":"theDuelist:WaterBottle"}],"is_trial":false,"path_per_floor":["M","?","$","?","?","R","E","M","T","E","R","?","M","M","R","B",null,"M","?","M","?","M","R","E","M","T","R","M","M","R","?","R","B",null,"M"],"character_chosen":"THE_DUELIST","items_purchased":[],"campfire_rested":5,"item_purchase_floors":[],"current_hp_per_floor":[82,82,82,71,71,71,28,28,35,35,63,61,61,61,89,89,94,75,56,47,47,47,77,49,49,49,79,73,73,73,67,97,64,91,91,91],"gold":917,"neow_bonus":"TEN_PERCENT_HP_BONUS","is_daily":false,"chose_seed":false,"campfire_upgraded":2,"win_rate":0.0,"timestamp":1608831438,"path_taken":["M","?","$","?","?","R","E","M","T","E","R","?","M","M","R","BOSS","M","?","M","?","M","R","E","M","T","R","M","M","R","?","R","BOSS","M"],"items_purchased_type":[],"build_version":"2020-12-22","purchased_purges":0,"victory":false,"max_hp_per_floor":[88,88,88,88,88,88,88,88,95,95,95,95,95,95,95,95,95,95,100,100,100,100,100,100,100,100,100,100,100,100,100,100,100,100,100,100],"card_choices":[{"not_picked":["theDuelist:TorrentialReborn","theDuelist:MorayGreed","theDuelist:LostBlueBreaker","theDuelist:AquaactressArowana"],"picked":"theDuelist:GamecieltheSeaTurtleKaiju","floor":1},{"not_picked":["theDuelist:AquaSpirit+1","theDuelist:GraydleCombat","theDuelist:GiantTurtle","theDuelist:WhiteAuraWhale+1"],"picked":"theDuelist:BoulderTortoise+1","floor":7},{"not_picked":["theDuelist:SpearfishSoldier+1","theDuelist:BoulderTortoise+1","theDuelist:AbyssWarrior+1","theDuelist:RageDeepSea+1"],"picked":"theDuelist:HydraViper+1","floor":8},{"not_picked":["theDuelist:EagleShark+1","theDuelist:Dorover+1","theDuelist:FrillerRabca","theDuelist:FishborgPlanter"],"picked":"theDuelist:Hyosube","floor":10},{"not_picked":["theDuelist:MermaidKnight+1","theDuelist:GraydleSlimeJr+1","theDuelist:AquaSpirit+1","theDuelist:Boneheimer+1"],"picked":"theDuelist:SwampFrog+1","floor":12},{"not_picked":["theDuelist:KaiserSeaSnake+1","theDuelist:HighTideGyojin+1"],"picked":"theDuelist:TripodFish+1","floor":13},{"not_picked":["theDuelist:SwampFrog+1","theDuelist:GraydleDragon+1","theDuelist:RevivalJam","theDuelist:IslandTurtle"],"picked":"theDuelist:SharkStickers","floor":14},{"not_picked":["theDuelist:MorayGreed","theDuelist:Monokeros","theDuelist:GishkiPsychelone","theDuelist:FishborgArcher"],"picked":"theDuelist:DewlorenTigerKing+1","floor":16},{"not_picked":["theDuelist:TripodFish+1","theDuelist:EvigishkiLevianima","theDuelist:AtlanteanAttackSquad+1","theDuelist:AquaactressArowana+1"],"picked":"theDuelist:GamecieltheSeaTurtleKaiju+1","floor":18},{"not_picked":["theDuelist:WaterHazard+1","theDuelist:CyberShark+1","theDuelist:NimbleAngler+1","theDuelist:ColdEnchanter+1"],"picked":"theDuelist:LegendaryOcean+1","floor":20},{"not_picked":["theDuelist:GraydleSlimeJr+1","theDuelist:IslandTurtle","theDuelist:GraydleAlligator","theDuelist:ToadallyAwesome"],"picked":"theDuelist:RageDeepSea+1","floor":22},{"not_picked":["theDuelist:GamecieltheSeaTurtleKaiju+1","theDuelist:AquaactressArowana+1"],"picked":"theDuelist:AtlanteanHeavyInfantry+1","floor":24},{"not_picked":["theDuelist:AquaSpirit+1","theDuelist:LeviairSeaDragon+1","theDuelist:SevenColoredFish+1","theDuelist:AmphibiousBugroth+1"],"picked":"theDuelist:BlizzardThunderbird","floor":25},{"not_picked":["theDuelist:ColdEnchanter","theDuelist:AtlanteanAttackSquad+1"],"picked":"theDuelist:TripodFish+1","floor":28},{"not_picked":["theDuelist:TerrorkingSalmon+1","theDuelist:KaiserSeaSnake+1","theDuelist:DrillBarnacle+1","theDuelist:AquaactressArowana+1"],"picked":"theDuelist:GiantRedSeasnake+1","floor":29},{"not_picked":["theDuelist:SeaLordAmulet","theDuelist:GamecieltheSeaTurtleKaiju+1","theDuelist:FishborgArcher","theDuelist:DewlorenTigerKing+1"],"picked":"theDuelist:MorayGreed","floor":33}],"player_experience":210098,"relics_obtained":[{"floor":7,"key":"Molten Egg 2"},{"floor":9,"key":"Strawberry"},{"floor":10,"key":"Snake Skull"},{"floor":12,"key":"Odd Mushroom"},{"floor":24,"key":"theDuelist:SummonAnchor"},{"floor":26,"key":"Paper Crane"}],"event_choices":[{"damage_healed":0,"gold_gain":0,"cards_transformed":["theDuelist:Sparks"],"player_choice":"Change","damage_taken":0,"max_hp_gain":0,"max_hp_loss":0,"event_name":"Living Wall","floor":2,"gold_loss":0,"cards_obtained":["theDuelist:CyberShark"]},{"damage_healed":0,"gold_gain":75,"player_choice":"Gather Gold","damage_taken":11,"max_hp_gain":0,"max_hp_loss":0,"event_name":"World of Goop","floor":4,"gold_loss":0},{"damage_healed":0,"gold_gain":62,"player_choice":"Gained Gold","damage_taken":0,"max_hp_gain":0,"max_hp_loss":0,"event_name":"Golden Wing","floor":5,"gold_loss":0},{"damage_healed":0,"gold_gain":0,"player_choice":"Fought Mushrooms","damage_taken":0,"max_hp_gain":0,"max_hp_loss":0,"event_name":"Mushrooms","floor":12,"gold_loss":0},{"damage_healed":0,"gold_gain":0,"player_choice":"Shed Blood","damage_taken":24,"max_hp_gain":5,"max_hp_loss":0,"event_name":"Forgotten Altar","floor":19,"gold_loss":0},{"damage_healed":0,"gold_gain":99,"player_choice":"Stole From Cult","damage_taken":0,"max_hp_gain":0,"max_hp_loss":0,"event_name":"Nest","floor":21,"gold_loss":0},{"damage_healed":0,"gold_gain":0,"player_choice":"Dig - random Duelist relic","duelist":true,"damage_taken":0,"max_hp_gain":0,"max_hp_loss":0,"event_name":"Aknamkanon\u0027s Tomb","floor":31,"gold_loss":0}],"is_beta":false,"boss_relics":[{"not_picked":["Black Star","Inserter"],"picked":"Mark of Pain"},{"not_picked":["theDuelist:GamblerChip","Astrolabe"],"picked":"theDuelist:ElectricKey"}],"items_purged_floors":[],"is_endless":false,"potions_floor_spawned":[1,8,10,14,16,18,22,28,29],"killed_by":"3 Darklings","ascension_level":5}}