{"host":"cmxkjr0hek4mqvmn","time":1608769837,"event":{"mods":["BaseMod","Beaked The Cultist","Better Match","Better Skull","Better Third Choice","BetterRewards","Clawfect","Colored Map","Displayed Cursed Tome","Duelist Mod","GifTheSpireLib","Hermit","Hubris","JesterMod","Mimic Mod","Minty Spire (QoL Compilation)","Quick Restart","Robot Space Explorer","StSLib","The Bladedancer","The Blue Laboratory","The Cursed","Thieving Mod","Waifu the Spire"],"gold_per_floor":[113,188,202,212,226,253,265,265,345,378,30,59,76,94,94,189,189,199,213,128,162,182,207,207,226,258,269,12,41,52,84,84,188,188,199,199,212,262,262,262,262,262,262,294,294,294,348,364,364,364],"floor_reached":51,"playtime":5395,"items_purged":[],"score":862,"play_id":"eeb1bd30-6161-4321-9655-f5df5db796cb","local_time":"20201223193037","is_ascension_mode":false,"campfire_choices":[{"floor":8.0,"key":"REST"},{"floor":15.0,"key":"REST"},{"floor":24.0,"key":"REST"},{"floor":32.0,"key":"REST"},{"data":"Tempest","floor":41.0,"key":"SMITH"},{"floor":46.0,"key":"REST"},{"data":"Electrodynamics","floor":49.0,"key":"SMITH"}],"circlet_count":0,"master_deck":["Gash","Gash","Gash","Gash","Defend_B","Defend_B","Defend_B","Defend_B","Defend_B","Rebound","Clawfect:Clawter","Double Energy","Stack","Clawfect:ClawSnap","Swift Strike","Conserve Battery","Loop","Clawfect:Clawrage","Gash","Clawfect:ClawpileDriver","Electrodynamics+1","Clawfect:ClawSnap+1","Clawfect:ClawLightning","Clawfect:ClawAndGloom","Madness","Gash","Gash","Clawfect:ClawLightning","Clawfect:ClawSnap","Genetic Algorithm","Tempest+1","Darkness+1","Clawfect:ClawLightning","Clawfect:ClawForOne","Clawfect:ClawLightning+1","Pain","Clawfect:Clawline","Rebound+1","Clawfect:ClawLightning+1","Clawfect:Clawline","hubris:DuctTapeCard"],"relics":["Clawfect:DRClaw","Regal Pillow","hubris:DuctTape","Dream Catcher","Juzu Bracelet","TungstenRod","Sozu","hubris:Metronome","Singing Bowl","Meat on the Bone","InkBottle","Cables","Red Mask","Blood Vial","beaked:MawFillet","WarpedTongs","hubris:GlazedTorus","hubris:Towel","hubris:SlimyHat","hubris:Spice","hubris:Icosahedron"],"acts_visited":["Exordium","TheCity","TheBeyond"],"potions_floor_usage":[],"damage_taken":[{"damage":1.0,"enemies":"2 Louse","floor":1.0,"turns":4.0},{"damage":0.0,"enemies":"Small Slimes","floor":3.0,"turns":5.0},{"damage":8.0,"enemies":"Jaw Worm","floor":4.0,"turns":4.0},{"damage":16.0,"enemies":"3 Louse","floor":5.0,"turns":3.0},{"damage":19.0,"enemies":"3 Sentries","floor":6.0,"turns":7.0},{"damage":16.0,"enemies":"Exordium Thugs","floor":7.0,"turns":4.0},{"damage":28.0,"enemies":"Gremlin Nob","floor":10.0,"turns":5.0},{"damage":10.0,"enemies":"3 Sentries","floor":12.0,"turns":10.0},{"damage":0.0,"enemies":"Exordium Wildlife","floor":13.0,"turns":5.0},{"damage":5.0,"enemies":"Gremlin Gang","floor":14.0,"turns":4.0},{"damage":6.0,"enemies":"Hexaghost","floor":16.0,"turns":7.0},{"damage":7.0,"enemies":"Shell Parasite","floor":18.0,"turns":6.0},{"damage":25.0,"enemies":"Chosen","floor":19.0,"turns":5.0},{"damage":4.0,"enemies":"3 Cultists","floor":21.0,"turns":7.0},{"damage":0.0,"enemies":"3 Cultists","floor":22.0,"turns":4.0},{"damage":21.0,"enemies":"Book of Stabbing","floor":23.0,"turns":5.0},{"damage":13.0,"enemies":"Snecko","floor":25.0,"turns":6.0},{"damage":0.0,"enemies":"Centurion and Healer","floor":26.0,"turns":4.0},{"damage":16.0,"enemies":"Centurion and Healer","floor":27.0,"turns":4.0},{"damage":4.0,"enemies":"Masked Bandits","floor":29.0,"turns":3.0},{"damage":16.0,"enemies":"Snake Plant","floor":30.0,"turns":4.0},{"damage":9.0,"enemies":"theDuelist:KaibaA2","floor":31.0,"turns":3.0},{"damage":6.0,"enemies":"hubris:MusketHawk","floor":33.0,"turns":6.0},{"damage":25.0,"enemies":"3 Darklings","floor":35.0,"turns":4.0},{"damage":4.0,"enemies":"Orb Walker","floor":37.0,"turns":3.0},{"damage":13.0,"enemies":"Mind Bloom Boss Battle","floor":38.0,"turns":5.0},{"damage":56.0,"enemies":"Reptomancer","floor":44.0,"turns":6.0},{"damage":3.0,"enemies":"Sphere and 2 Shapes","floor":48.0,"turns":2.0},{"damage":18,"enemies":"Donu and Deca","floor":50,"turns":3}],"seed_played":"6839558110312578162","potions_obtained":[{"floor":5.0,"key":"FearPotion"},{"floor":7.0,"key":"BlessingOfTheForge"},{"floor":10.0,"key":"blueLaboratory:CoolantVial"},{"floor":13.0,"key":"Explosive Potion"}],"is_trial":false,"path_per_floor":["M","?","M","M","M","E","M","R","T","E","$","E","M","M","R","B",null,"M","M","?","MIM","M","E","R","M","MIM","M","$","?","M","E","R","B",null,"M","?","M","?","?","?","R","?","T","E","?","R","T","M","R","B",null],"character_chosen":"DEFECT","items_purchased":["Juzu Bracelet","Swift Strike","Conserve Battery","Loop","Cables"],"campfire_rested":5,"item_purchase_floors":[11,11,11,11,28],"current_hp_per_floor":[81,70,70,62,46,27,11,50,50,22,22,12,12,7,46,40,82,75,50,50,48,48,27,67,54,54,50,50,46,42,45,84,78,84,59,59,57,46,46,84,84,84,84,48,48,90,98,92,92,74],"gold":364,"neow_bonus":"TEN_PERCENT_HP_BONUS","is_daily":false,"chose_seed":false,"campfire_upgraded":2,"win_rate":0.0,"timestamp":1608769837,"path_taken":["M","?","M","M","M","E","M","R","T","E","$","E","M","M","R","BOSS","M","M","?","?","M","E","R","M","MIM","M","?","?","M","E","R","BOSS","M","?","M","?","?","?","R","?","T","E","?","R","?","M","R","BOSS"],"items_purchased_type":["Relic","Card","Card","Card","Relic"],"build_version":"2020-12-22","purchased_purges":0,"victory":true,"max_hp_per_floor":[82,82,82,82,82,82,82,82,82,82,82,82,82,82,82,82,82,82,82,82,84,84,84,84,84,84,84,84,84,84,84,84,84,84,84,84,84,84,84,84,84,84,84,92,92,92,100,92,92,92],"card_choices":[{"not_picked":["Stack","Steam Power"],"picked":"Clawfect:ClawSnap","floor":1.0},{"not_picked":["Clawfect:Clawrage","White Noise"],"picked":"Rebound","floor":3.0},{"not_picked":["Clawfect:ScrapingClaw","Conserve Battery"],"picked":"Clawfect:Clawter","floor":4.0},{"not_picked":["Hologram","hubris:Ukulele"],"picked":"Double Energy","floor":5.0},{"not_picked":["Clawfect:ClawForTheEyes","Glacier"],"picked":"FTL","floor":6.0},{"not_picked":["Clawfect:ClawCell","Hello World"],"picked":"Stack","floor":7.0},{"not_picked":["hubris:SpecializedCircuitry","Lockon"],"picked":"Clawfect:ClawSnap","floor":10.0},{"not_picked":["Steam Power","Stack"],"picked":"Clawfect:Clawrage","floor":12.0},{"not_picked":["Coolheaded","FTL"],"picked":"Gash","floor":13.0},{"not_picked":["hubris:SpecializedCircuitry","Heatsinks"],"picked":"Steam","floor":14.0},{"not_picked":["Reinforced Body","Hologram"],"picked":"Clawfect:ClawpileDriver","floor":15.0},{"not_picked":["Rainbow","Seek"],"picked":"Electrodynamics","floor":16.0},{"not_picked":["Steam","Stack"],"picked":"Clawfect:ClawSnap+1","floor":18.0},{"not_picked":["Rebound","Clawfect:ClawpileDriver"],"picked":"Clawfect:ClawLightning","floor":19.0},{"not_picked":["Coolheaded+1","Stack+1","Auto Shields"],"picked":"Singing Bowl","floor":21.0},{"not_picked":["Static Discharge","Clawfect:Clawrage"],"picked":"Clawfect:ClawAndGloom","floor":22.0},{"not_picked":["Undo+1","Clawfect:Clawter+1"],"picked":"FTL","floor":23.0},{"not_picked":["Clawfect:Clawter","hubris:Ukulele"],"picked":"Gash","floor":24.0},{"not_picked":["Force Field+1","Consume"],"picked":"Gash","floor":25.0},{"not_picked":["Stack","Force Field"],"picked":"Clawfect:ClawLightning","floor":26.0},{"not_picked":["Hologram","Consume+1"],"picked":"Clawfect:ClawSnap","floor":27.0},{"not_picked":["Clawfect:ScrapingClaw","BootSequence+1"],"picked":"Genetic Algorithm","floor":29.0},{"not_picked":["Turbo","Blizzard"],"picked":"Tempest","floor":30.0},{"not_picked":["Biased Cognition","Lockon"],"picked":"Darkness+1","floor":31.0},{"not_picked":["Reprogram","Conserve Battery"],"picked":"Clawfect:ClawLightning","floor":32.0},{"not_picked":["hubris:SpecializedCircuitry","Meteor Strike"],"picked":"Clawfect:ClawForOne","floor":33.0},{"not_picked":["Aggregate+1","Clawfect:ClawForTheEyes"],"picked":"Clawfect:ClawLightning+1","floor":35.0},{"not_picked":["Steam+1","Hologram"],"picked":"Clawfect:Clawline","floor":37.0},{"not_picked":["Consume","Glacier+1"],"picked":"Rebound+1","floor":38.0},{"not_picked":["Static Discharge+1","Steam+1"],"picked":"Clawfect:ClawLightning+1","floor":44.0},{"not_picked":["hubris:Prefetch","Clawfect:ScrapingClaw"],"picked":"Clawfect:Clawline","floor":46.0},{"not_picked":["Steam","hubris:Ukulele"],"picked":"hubris:SpiceAddiction","floor":48.0}],"player_experience":530961,"relics_obtained":[{"floor":6.0,"key":"Regal Pillow"},{"floor":9.0,"key":"hubris:DuctTape"},{"floor":10.0,"key":"Dream Catcher"},{"floor":12.0,"key":"TungstenRod"},{"floor":21.0,"key":"Singing Bowl"},{"floor":23.0,"key":"Meat on the Bone"},{"floor":26.0,"key":"InkBottle"},{"floor":29.0,"key":"Red Mask"},{"floor":31.0,"key":"Blood Vial"},{"floor":38.0,"key":"hubris:GlazedTorus"},{"floor":43.0,"key":"hubris:SlimyHat"},{"floor":44.0,"key":"hubris:Spice"},{"floor":47.0,"key":"hubris:Spice"}],"event_choices":[{"damage_healed":0.0,"max_hp_gain":0.0,"max_hp_loss":0.0,"gold_gain":75.0,"event_name":"betterThird:BetterGoop","player_choice":"Gold","floor":2.0,"gold_loss":0.0,"damage_taken":11.0},{"damage_healed":0.0,"max_hp_gain":0.0,"max_hp_loss":0.0,"gold_gain":0.0,"event_name":"Addict","player_choice":"Obtained Relic","floor":20.0,"gold_loss":85.0,"damage_taken":0.0,"relics_obtained":["hubris:Metronome"]},{"damage_healed":0.0,"max_hp_gain":0.0,"max_hp_loss":0.0,"gold_gain":0.0,"event_name":"Masked Bandits","player_choice":"Fought Bandits","floor":29.0,"gold_loss":0.0,"damage_taken":0.0},{"damage_healed":0.0,"max_hp_gain":0.0,"max_hp_loss":0.0,"gold_gain":0.0,"event_name":"Accursed Blacksmith","player_choice":"Rummage","floor":36.0,"gold_loss":0.0,"damage_taken":0.0,"relics_obtained":["WarpedTongs"],"cards_obtained":["Pain"]},{"damage_healed":0.0,"max_hp_gain":0.0,"max_hp_loss":0.0,"gold_gain":0.0,"event_name":"MindBloom","player_choice":"Fight","floor":38.0,"gold_loss":0.0,"damage_taken":0.0},{"cards_removed":["Steam"],"damage_healed":0.0,"max_hp_gain":0.0,"max_hp_loss":0.0,"gold_gain":0.0,"event_name":"Falling","player_choice":"Removed Skill","floor":39.0,"gold_loss":0.0,"damage_taken":0.0},{"cards_removed":["Madness"],"damage_healed":38.0,"max_hp_gain":0.0,"max_hp_loss":0.0,"gold_gain":0.0,"event_name":"Bonfire Elementals","player_choice":"Offered Uncommon","floor":40.0,"gold_loss":0.0,"damage_taken":0.0}],"is_beta":false,"boss_relics":[{"not_picked":["hubris:CrackedHourglass","hubris:Stopwatch"],"picked":"Sozu"},{"not_picked":["Philosopher\u0027s Stone","Runic Pyramid"],"picked":"beaked:MawFillet"}],"items_purged_floors":[],"is_endless":false,"potions_floor_spawned":[5,7,10,13,18,23,25,27,29,30,35,37,44],"ascension_level":0}}