{"host":"1tmagqyeywr2w44t","time":1608815106,"event":{"mods":["2.2 Compatiblity","BaseMod","Colored Powertips","Downfall","Minty Spire (QoL Compilation)","Rare Cards Sparkle","Replay The Spire","StSLib","SuperFastMode","The Marked"],"gold_per_floor":[99,99,162,162,180,180,180,197,216,242,259,359,209,226,237,237,237,237],"floor_reached":16,"playtime":855,"items_purged":[],"score":127,"play_id":"0c76e1c1-d861-438b-8275-b865a40387f1","local_time":"20201224220506","is_ascension_mode":false,"campfire_choices":[{"data":"champ:Taunt","floor":1,"key":"SMITH"},{"data":"champ:BringItOn","floor":6,"key":"SMITH"},{"data":"champ:EnGarde","floor":13,"key":"SMITH"}],"circlet_count":0,"master_deck":["champ:Strike+1","champ:Strike+1","champ:Strike+1","champ:Strike+1","champ:Defend","champ:Defend","champ:Execute","champ:Taunt+1","champ:BringItOn+1","champ:GutPunch","champ:Backstep+1","champ:Circumvent","champ:ShieldWall","champ:EnGarde+1","champ:FlashCut","champ:PreciseThrust"],"relics":["champ:ChampionCrown","Darkstone Periapt","Replay:Bottled Eggs","Singing Bowl","downfall:HeartBlessingBlue","downfall:HeartBlessingGreen"],"acts_visited":["Exordium"],"potions_floor_usage":[12,16],"damage_taken":[{"damage":63,"enemies":"Lagavulin Event","floor":3,"turns":9},{"damage":0,"enemies":"Jaw Worm","floor":5,"turns":3},{"damage":0,"enemies":"2 Louse","floor":8,"turns":2},{"damage":5,"enemies":"Cultist","floor":9,"turns":3},{"damage":19,"enemies":"Gremlin Nob","floor":10,"turns":4},{"damage":14,"enemies":"Large Slime","floor":11,"turns":5},{"damage":31,"enemies":"downfall:Heads","floor":12,"turns":8},{"damage":13,"enemies":"2 Fungi Beasts","floor":14,"turns":4},{"damage":0,"enemies":"Red Slaver","floor":15,"turns":3},{"damage":42,"enemies":"downfall:Watcher","floor":16,"turns":4}],"seed_played":"5273366630723225874","potions_obtained":[{"floor":9,"key":"BlessingOfTheForge"},{"floor":10,"key":"Reflective Coating"},{"floor":14,"key":"Strength Potion"}],"is_trial":false,"path_per_floor":["R","?","?","T","M","R","T","M","M","E","M","?","R","M","M","B"],"character_chosen":"THE_CHAMP","items_purchased":[],"campfire_rested":0,"item_purchase_floors":[],"current_hp_per_floor":[99,104,61,61,61,61,61,61,61,47,38,22,32,21,23,0,0,0],"gold":237,"neow_bonus":"TEN_PERCENT_HP_BONUS","is_daily":false,"chose_seed":false,"campfire_upgraded":3,"win_rate":0.0,"timestamp":1608815106,"path_taken":["R","?","?","?","?","R","T","M","M","E","M","?","R","M","M","BOSS"],"items_purchased_type":[],"build_version":"2020-12-22","purchased_purges":0,"victory":false,"max_hp_per_floor":[99,104,104,104,104,104,104,104,104,104,104,104,114,116,118,118,118,118],"card_choices":[{"not_picked":["champ:BerserkersShout","champ:DefensiveShout"],"picked":"champ:BringItOn","floor":3},{"not_picked":["champ:PreciseThrust","champ:Haymaker"],"picked":"champ:GutPunch","floor":5},{"not_picked":["champ:GutPunch","champ:GladiatorsShout"],"picked":"champ:Backstep","floor":8},{"not_picked":["champ:Shatter","champ:FlashCut"],"picked":"champ:Circumvent","floor":9},{"not_picked":["champ:CrookedStrike","champ:Haymaker"],"picked":"champ:ShieldWall","floor":10},{"not_picked":["champ:Circumvent","champ:Shatter"],"picked":"champ:EnGarde","floor":11},{"not_picked":["champ:EnGarde","champ:GladiatorsShout"],"picked":"champ:FlashCut","floor":12},{"not_picked":["champ:DefensiveShout","champ:BladeFlurry","champ:BringItOn"],"picked":"Singing Bowl","floor":14},{"not_picked":["champ:StanceDance","champ:FlashCut","champ:DefensiveShout"],"picked":"Singing Bowl","floor":15}],"player_experience":164154,"relics_obtained":[{"floor":3,"key":"Darkstone Periapt"},{"floor":4,"key":"Replay:Bottled Eggs"},{"floor":10,"key":"Singing Bowl"}],"event_choices":[{"damage_healed":0,"gold_gain":0,"player_choice":"Donut","damage_taken":0,"max_hp_gain":5,"max_hp_loss":0,"event_name":"Big Fish","floor":2,"gold_loss":0}],"is_beta":false,"boss_relics":[],"items_purged_floors":[],"is_endless":false,"potions_floor_spawned":[9,10,14],"killed_by":"downfall:Watcher","ascension_level":0}}