{"host":"9373kjg5yrouhim6","time":1608802321,"event":{"mods":["2.2 Compatiblity","AchievementEnabler","Aspiration","BaseMod","Beaked The Cultist","Better Altar","Better Match","Better Note","Better Sensory Stone","Better Skull","Better Third Choice","Colored Map","Colored Powertips","Conspire","Downfall","Friendly Minions","Highlight Path","Hubris","Infinite Spire","Mimic Mod","Minty Spire (QoL Compilation)","Replay The Spire","Spicy Shops","StSLib","The Construct","The Disciple","vexMod"],"gold_per_floor":[99,9,22,42,52,52,85,101,101,101,101,118,118,3,17,17,17,17],"floor_reached":16,"playtime":789,"items_purged":["champ:Strike","champ:Taunt+1"],"score":92,"play_id":"3cffc9a4-dc02-4faa-836b-b512bfba4be3","local_time":"20201224043201","is_ascension_mode":false,"campfire_choices":[{"data":"champ:Taunt","floor":1,"key":"SMITH"},{"data":"champ:FocusedGladiator","floor":6,"key":"SMITH"},{"data":"champ:GladiatorStyle","floor":9,"key":"SMITH"},{"data":"champ:GladiatorStyle","floor":11,"key":"SMITH"},{"floor":13,"key":"REST"}],"circlet_count":0,"master_deck":["champ:Strike","champ:Strike","champ:Strike","champ:Defend","champ:Defend","champ:Defend","champ:FocusedGladiator+1","champ:GladiatorStyle+1","champ:GladiatorStyle+1"],"relics":["champ:ChampionCrown"],"acts_visited":["Exordium"],"potions_floor_usage":[7,16],"damage_taken":[{"damage":0,"enemies":"downfall:FleeingMerchant","floor":2,"turns":4},{"damage":13,"enemies":"Cultist","floor":3,"turns":5},{"damage":6,"enemies":"Small Slimes","floor":4,"turns":6},{"damage":7,"enemies":"2 Louse","floor":5,"turns":4},{"damage":9,"enemies":"Large Slime","floor":7,"turns":12},{"damage":17,"enemies":"Large Slime","floor":8,"turns":10},{"damage":19,"enemies":"Exordium Thugs","floor":12,"turns":5},{"damage":0,"enemies":"downfall:FleeingMerchant","floor":14,"turns":4},{"damage":8,"enemies":"Red Slaver","floor":15,"turns":3},{"damage":39,"enemies":"downfall:Defect","floor":16,"turns":6}],"seed_played":"2280910159968266123","potions_obtained":[{"floor":5,"key":"Fire Potion"},{"floor":8,"key":"sneckomod:MuddlingPotion"},{"floor":12,"key":"Doom Potion"},{"floor":15,"key":"champ:TechniquePotion"}],"is_trial":false,"path_per_floor":["R","$","M","M","M","R","MIM","M","R","?","R","M","R","$","M","B"],"character_chosen":"THE_CHAMP","items_purchased":[],"campfire_rested":1,"item_purchase_floors":[],"current_hp_per_floor":[90,90,77,71,64,64,55,38,38,38,38,19,46,46,38,0,0,0],"gold":17,"neow_bonus":"REMOVE_CARD","is_daily":false,"chose_seed":false,"campfire_upgraded":4,"win_rate":0.0,"timestamp":1608802321,"path_taken":["R","$","M","M","M","R","MIM","M","R","?","R","M","R","?","M","BOSS"],"items_purchased_type":[],"build_version":"2020-12-22","purchased_purges":2,"victory":false,"max_hp_per_floor":[90,90,90,90,90,90,90,90,90,90,90,90,90,90,90,90,90,90],"card_choices":[{"not_picked":["champ:PerfectForm","champ:Duel"],"picked":"champ:FocusedGladiator","floor":2},{"not_picked":["champ:IronFortress","champ:ShieldSigil","champ:SwordSigil"],"picked":"SKIP","floor":3},{"not_picked":["champ:AdrenalArmor","champ:TornadoPunch","champ:ShieldWall"],"picked":"SKIP","floor":4},{"not_picked":["champ:FaceSlap","champ:PerfectedStrike","champ:RageSigil"],"picked":"SKIP","floor":5},{"not_picked":["champ:BerserkersShout","champ:ShieldWall"],"picked":"champ:GladiatorStyle","floor":7},{"not_picked":["champ:TornadoPunch","champ:ShieldSigil"],"picked":"champ:GladiatorStyle","floor":8},{"not_picked":["champ:FlashCut","champ:AdrenalArmor","champ:ShieldWall"],"picked":"SKIP","floor":12},{"not_picked":["champ:FalseCounter","champ:EnchantShield","champ:BerserkersShout"],"picked":"SKIP","floor":14},{"not_picked":["champ:TornadoPunch","champ:FanOfKnives","champ:GladiatorsShout"],"picked":"SKIP","floor":15}],"player_experience":344440,"relics_obtained":[],"event_choices":[{"cards_removed":["champ:Defend"],"damage_healed":0,"gold_gain":0,"player_choice":"Offered Basic","damage_taken":0,"max_hp_gain":0,"max_hp_loss":0,"event_name":"Bonfire Elementals","floor":10,"gold_loss":0}],"is_beta":false,"boss_relics":[],"items_purged_floors":[2,14],"is_endless":false,"potions_floor_spawned":[5,8,12,15],"killed_by":"downfall:Defect","ascension_level":0}}