{"host":"xkmvu47k9fdstweo","time":1608776778,"event":{"mods":["BaseMod","Colored Map","Conspire","Hubris","Minty Spire (QoL Compilation)","Quick Restart","Railgun Mod","Shop Mod","StSLib","The Alterego","The Servant 0.9.4","The Wild Card","TheBandit","WarShipGirlsR/??è≠èóR mod","vexMod"],"gold_per_floor":[112,130,130,141,141,167,167,177,177,209,209,219,219,23,23,123,123,141,141],"floor_reached":18,"playtime":455,"items_purged":[],"score":206,"play_id":"7433eebe-b6fb-4b59-94a9-56f1ab5fb5b2","local_time":"20201223212618","is_ascension_mode":true,"campfire_choices":[{"data":"Gouge","floor":7,"key":"SMITH"},{"data":"Moondial","floor":13,"key":"SMITH"},{"data":"Apotheosis","floor":15,"key":"SMITH"}],"circlet_count":0,"master_deck":["Strike_S","Strike_S","Strike_S","Strike_S","Defend_S","Defend_S","Defend_S","Defend_S","KidneyShot","Exchange","Gouge+1","MoonPhase+1","Read+1","Defy","Unruled","Moondial+1","Spin","Apotheosis+1","SoulSculpture","BestPractice"],"relics":["Uniform","NeowsBlessing","hubris:Potato","hubris:DeckOfHolding","Broom","Runic Pyramid"],"acts_visited":["Exordium","TheCity"],"potions_floor_usage":[],"damage_taken":[{"damage":0,"enemies":"Cultist","floor":1,"turns":1},{"damage":0,"enemies":"Small Slimes","floor":2,"turns":2},{"damage":0,"enemies":"2 Louse","floor":4,"turns":1},{"damage":40,"enemies":"Gremlin Nob","floor":6,"turns":5},{"damage":0,"enemies":"2 Fungi Beasts","floor":8,"turns":5},{"damage":12,"enemies":"Lagavulin","floor":10,"turns":7},{"damage":1,"enemies":"Blue Slaver","floor":12,"turns":4},{"damage":6,"enemies":"Hexaghost","floor":16,"turns":13},{"damage":0,"enemies":"Chosen","floor":18,"turns":4}],"seed_played":"2779759103073264899","potions_obtained":[{"floor":1,"key":"BlessingOfTheForge"},{"floor":2,"key":"Ancient Potion"},{"floor":8,"key":"PowerPotion"},{"floor":18,"key":"DistilledChaos"}],"is_trial":false,"path_per_floor":["M","M","?","M","?","E","R","M","T","E","?","M","R","$","R","B",null,"M"],"character_chosen":"THE_SERVANT","items_purchased":["Apotheosis"],"campfire_rested":0,"item_purchase_floors":[14],"current_hp_per_floor":[65,65,65,65,65,25,25,25,25,13,34,33,33,33,33,27,65,65,65],"gold":141,"neow_bonus":"THREE_ENEMY_KILL","is_daily":false,"chose_seed":false,"campfire_upgraded":3,"win_rate":0.0,"timestamp":1608776778,"path_taken":["M","?","?","M","?","E","R","M","T","E","?","M","R","?","R","BOSS","M"],"items_purchased_type":["Card"],"build_version":"2020-12-22","purchased_purges":0,"victory":false,"max_hp_per_floor":[65,65,65,65,65,65,65,65,65,65,65,65,65,65,65,65,65,65,65],"card_choices":[{"not_picked":["Desolation","Potential"],"picked":"Gouge","floor":1},{"not_picked":["StarChef","Revamp"],"picked":"MoonPhase","floor":2},{"not_picked":["TimeWarp","Advance"],"picked":"Read","floor":4},{"not_picked":["Ricochet","Alleviate"],"picked":"Defy","floor":6},{"not_picked":["Rewind","FastForward"],"picked":"Unruled","floor":8},{"not_picked":["FanOfKnives","TrueSight"],"picked":"Moondial","floor":10},{"not_picked":["FastForward","Gouge"],"picked":"Spin","floor":12},{"not_picked":["KillingDoll","PendulumOfEternity"],"picked":"SoulSculpture","floor":16},{"not_picked":["RealityMarble+1","TimeWarp"],"picked":"BestPractice","floor":18}],"player_experience":330797,"relics_obtained":[{"floor":6,"key":"hubris:Potato"},{"floor":9,"key":"hubris:DeckOfHolding"},{"floor":10,"key":"Broom"}],"event_choices":[{"damage_healed":0,"gold_gain":0,"player_choice":"Grow","damage_taken":0,"max_hp_gain":0,"max_hp_loss":0,"event_name":"Living Wall","floor":3,"gold_loss":0,"cards_upgraded":["MoonPhase"]},{"damage_healed":21,"gold_gain":0,"player_choice":"Banana","damage_taken":0,"max_hp_gain":0,"max_hp_loss":0,"event_name":"Big Fish","floor":11,"gold_loss":0}],"is_beta":false,"boss_relics":[{"not_picked":["conspire:SeveredTorchhead","conspire:SlowCooker"],"picked":"Runic Pyramid"}],"items_purged_floors":[],"is_endless":false,"potions_floor_spawned":[1,2,8,18],"killed_by":"Chosen","ascension_level":4}}