{"host":"51dweoxrcspgw6ri","time":1608844998,"event":{"mods":["BaseMod","Colored Map","Colored Powertips","Minty Spire (QoL Compilation)","Rare Cards Sparkle","Relic Stats","StSLib","SuperFastMode","The Bug Knight"],"gold_per_floor":[117,117,67,83,94,120,120,195,219,219,249,264,264,52,52,150,150,161,7,7,22,36,36,36],"floor_reached":23,"playtime":1468,"items_purged":[],"score":219,"play_id":"8dd368f3-0e11-4c5b-96be-054af2aafc74","local_time":"20201224222318","is_ascension_mode":true,"campfire_choices":[{"data":"HollowMod:CycloneSlash","floor":7.0,"key":"SMITH"},{"data":"HollowMod:HowlingWraiths","floor":13.0,"key":"SMITH"},{"data":"Apotheosis","floor":15.0,"key":"SMITH"}],"circlet_count":0,"master_deck":["HollowMod:NailStrikeStart","HollowMod:NailStrikeStart","HollowMod:NailStrikeStart","HollowMod:QuickDashStart","HollowMod:QuickDashStart","HollowMod:QuickDashStart","HollowMod:QuickDashStart","HollowMod:FocusHealStart","HollowMod:PogoStrike","HollowMod:SoulMaster","HollowMod:CycloneSlash+1","HollowMod:DungDefenderAura","HollowMod:NewLittleFool","HollowMod:DungDefenderAura","HollowMod:HowlingWraiths+1","HollowMod:NewLittleFool","Apotheosis+1","HollowMod:ChannelNail","HollowMod:LifebloodCore","HollowMod:PureNailStrike+1","HollowMod:CycloneSlash+1"],"relics":["HollowMod:VesselMask","Strawberry","Boot","Philosopher\u0027s Stone","Pen Nib","Gremlin Horn"],"acts_visited":["Exordium","TheCity"],"potions_floor_usage":[22,22],"damage_taken":[{"damage":15.0,"enemies":"2 Louse","floor":1.0,"turns":3.0},{"damage":0.0,"enemies":"Small Slimes","floor":4.0,"turns":3.0},{"damage":0.0,"enemies":"Cultist","floor":5.0,"turns":4.0},{"damage":26.0,"enemies":"3 Sentries","floor":6.0,"turns":10.0},{"damage":44.0,"enemies":"Lagavulin","floor":11.0,"turns":7.0},{"damage":6.0,"enemies":"Blue Slaver","floor":12.0,"turns":4.0},{"damage":14.0,"enemies":"Hexaghost","floor":16.0,"turns":10.0},{"damage":5.0,"enemies":"Shell Parasite","floor":18.0,"turns":7.0},{"damage":28.0,"enemies":"Chosen","floor":21.0,"turns":6.0},{"damage":8,"enemies":"Snake Plant","floor":22,"turns":4},{"damage":53,"enemies":"Book of Stabbing","floor":23,"turns":5}],"seed_played":"-6839561472773620300","potions_obtained":[{"floor":6.0,"key":"SteroidPotion"},{"floor":12.0,"key":"GamblersBrew"},{"floor":18.0,"key":"Block Potion"},{"floor":21.0,"key":"Dexterity Potion"}],"is_trial":false,"path_per_floor":["M","$","?","M","M","E","R","?","T","?","E","M","R","$","R","B",null,"M","$","?","M","M","E"],"character_chosen":"THE_BUGKNIGHT","items_purchased":["Apotheosis","HollowMod:ChannelNail","Pen Nib"],"campfire_rested":0,"item_purchase_floors":[14,14,19],"current_hp_per_floor":[66,66,66,72,75,66,66,55,55,75,41,41,41,41,41,27,82,77,77,77,49,41,0,0],"gold":36,"neow_bonus":"ONE_RANDOM_RARE_CARD","is_daily":false,"chose_seed":false,"campfire_upgraded":3,"win_rate":0.0,"timestamp":1608844998,"path_taken":["M","$","?","M","M","E","R","?","T","?","E","M","R","$","R","BOSS","M","$","?","M","?","E"],"items_purchased_type":["Card","Card","Relic"],"build_version":"2020-12-22","purchased_purges":0,"victory":false,"max_hp_per_floor":[75,75,75,75,75,82,82,82,82,82,82,82,82,82,82,82,82,82,82,82,82,82,82,82],"relic_stats":{"Gremlin Horn":[0,0],"counters":[11,63],"Pen Nib":[3],"Boot":[27],"obtain_stats":[{"Gremlin Horn":20,"Strawberry":6,"HollowMod:VesselMask":0,"Philosopher\u0027s Stone":17,"Pen Nib":19,"Boot":11},{"Gremlin Horn":8,"Strawberry":4,"HollowMod:VesselMask":0,"Philosopher\u0027s Stone":7,"Pen Nib":8,"Boot":5},{"Gremlin Horn":48,"Strawberry":20,"HollowMod:VesselMask":0,"Philosopher\u0027s Stone":41,"Pen Nib":48,"Boot":27}]},"card_choices":[{"not_picked":["HollowMod:TaintedHusks","HollowMod:GrimmsGift"],"picked":"HollowMod:CycloneSlash","floor":1.0},{"not_picked":["HollowMod:SoulSplash","HollowMod:NewJinnsSoul"],"picked":"HollowMod:DungDefenderAura","floor":4.0},{"not_picked":["HollowMod:DescendingDark","HollowMod:AbyssShriek"],"picked":"HollowMod:NewLittleFool","floor":5.0},{"not_picked":["HollowMod:BrokenVessel","HollowMod:NewGlowingWomb"],"picked":"HollowMod:DungDefenderAura","floor":6.0},{"not_picked":["HollowMod:DashSlash","HollowMod:BlackTendrils"],"picked":"HollowMod:HowlingWraiths","floor":11.0},{"not_picked":["HollowMod:ShadowDash","HollowMod:SharpenedNail"],"picked":"HollowMod:NewLittleFool","floor":12.0},{"not_picked":["HollowMod:NewInfectedGuardian","HollowMod:AwokenDreamNail"],"picked":"HollowMod:LifebloodCore","floor":16.0},{"not_picked":["HollowMod:MawleksShell","HollowMod:CrystalDash+1"],"picked":"HollowMod:CycloneSlash+1","floor":18.0},{"not_picked":["HollowMod:Grubsong","HollowMod:GoodIntentions"],"picked":"HollowMod:PureNailStrike+1","floor":21.0},{"not_picked":["HollowMod:SoulShaman","HollowMod:CloakDash"],"picked":"HollowMod:CycloneSlash+1","floor":22}],"player_experience":542302,"relics_obtained":[{"floor":6.0,"key":"Strawberry"},{"floor":11.0,"key":"Boot"}],"event_choices":[{"cards_removed":["HollowMod:NailStrikeStart"],"damage_healed":0.0,"max_hp_gain":0.0,"max_hp_loss":0.0,"gold_gain":0.0,"event_name":"The Cleric","player_choice":"Card Removal","floor":3.0,"gold_loss":50.0,"damage_taken":0.0},{"damage_healed":0.0,"max_hp_gain":0.0,"max_hp_loss":0.0,"gold_gain":75.0,"event_name":"World of Goop","player_choice":"Gather Gold","floor":8.0,"gold_loss":0.0,"damage_taken":11.0},{"cards_removed":["HollowMod:CycloneSlash"],"damage_healed":0.0,"max_hp_gain":0.0,"max_hp_loss":0.0,"gold_gain":0.0,"event_name":"WeMeetAgain","player_choice":"Gave Card","floor":20.0,"gold_loss":0.0,"damage_taken":0.0,"relics_obtained":["Gremlin Horn"]}],"is_beta":false,"boss_relics":[{"not_picked":["Sozu","Coffee Dripper"],"picked":"Philosopher\u0027s Stone"}],"items_purged_floors":[],"is_endless":false,"potions_floor_spawned":[6,12,18,21],"killed_by":"Book of Stabbing","ascension_level":2}}