{"host":"3z9xbwjeimmg738z","time":1608784358,"event":{"mods":["2.2 Compatiblity","Act Like it!","AlwaysNeverKeys","Bard","BaseMod","Beaked The Cultist","Better Altar","Better Match","Better Note","Better Sensory Stone","Better Skull","Better Synergies","Better Third Choice","CapriCore","Colored Powertips","Defuse TimeMaze Blight","Displayed Cursed Tome","Emptier Cage","Faster Ascension Climbing","Gensokyo","GifTheSpireLib","Minty Spire (QoL Compilation)","Pale of the Ancients","Permanent Neow","Replay The Spire","StSLib","The Showman","TheBandit","Uncapped","Wandering Minibosses"],"gold_per_floor":[111,0,11,11,11,11,45,45,45,45,45,72,247,265,265,369,369,380,380,440,456,10,10,35,35,117,22,22,40,40,90,102,214,226,146,181,298,343,401,413,478,40,101,164,176,138,138,180,180,206,238,1086,1086,442,442,512,512,224,224,266,266],"floor_reached":60,"playtime":2722,"items_purged":["ReplayTheSpireMod:Splinters","Hallucinations","Injury"],"score":1026,"play_id":"beb3ff42-1e81-4398-bc61-505375e7beca","local_time":"20201223203238","daily_mods":["ControlledChaos"],"is_ascension_mode":true,"campfire_choices":[{"data":"Warcry","floor":6,"key":"SMITH"},{"data":"Barricade","floor":8,"key":"SMITH"},{"floor":11,"key":"REST"},{"data":"ReplayTheSpireMod:Stacked","floor":15,"key":"SMITH"},{"floor":23,"key":"REST"},{"data":"Shrug It Off","floor":25,"key":"SMITH"},{"data":"Defend_R","floor":25,"key":"SMITH"},{"floor":30,"key":"REST"},{"floor":40,"key":"REST"},{"floor":45,"key":"REST"},{"data":"Barricade","floor":49,"key":"SMITH"},{"data":"Defend_R","floor":49,"key":"SMITH"},{"data":"Strike_R","floor":55,"key":"SMITH"},{"data":"Defend_R","floor":55,"key":"SMITH"},{"data":"Strike_R","floor":57,"key":"SMITH"},{"data":"Strike_R","floor":57,"key":"SMITH"}],"circlet_count":0,"master_deck":["Strike_R+1","Strike_R+1","Strike_R","Strike_R+1","Strike_R+1","Defend_R+1","Defend_R+1","Defend_R+1","Defend_R+1","Warcry+1","ReplayTheSpireMod:Stacked+1","Replay:Many Hands+1","ReplayTheSpireMod:Doomed","Gensokyo:AllTheWorldsEvil","Rupture+1","Replay:Undeath\u0027s Touch+1","Shrug It Off+1","Metallicize+1","Barricade+1"],"relics":["Black Blood","Frozen Eye","Strawberry","Happy Flower","Smiling Mask","Pear","White Beast Statue","Gensokyo:OccultBall","Replay:Mystery Machine","Replay:WaspNest","Replay:Ancient Bell","Oddly Smooth Stone","Mummified Hand","Replay:Arrowhead","Iron Hammer","Blue Candle","Guide Book","Charon\u0027s Ashes","Tiny Chest","ReplayTheSpireMod:Shallot","Vajra","MawBank","Bag of Marbles","Replay:Bandana","Art of War","Boot","Divine Protection","Chemical X","ReplayTheSpireMod:EnergyBall","OrangePellets","Red Skull","Toxic Egg 2","paleoftheancients:Timepiece","paleoftheancients:KeyRelic","Ice Cream","Bronze Scales","wanderingMiniBosses:MasterThiefsPresence","Ring of Hypnosis","ReplayTheSpireMod:Ring of Challenge","Bag of Preparation","Dead Branch","Toolbox","paleoftheancients:SoulOfTheHexaghost","Paper Frog"],"acts_visited":["Gensokyo:Gensokyo","Gensokyo:Gensokyoer","Gensokyo:Gensokyoest","paleoftheancients:PaleOfTheAncients"],"potions_floor_usage":[7,21,24,24,38,39,41,41,41,51,51,51,60],"damage_taken":[{"damage":6,"enemies":"Gensokyo:Gryphon","floor":1,"turns":4},{"damage":14,"enemies":"Gensokyo:Python","floor":3,"turns":4},{"damage":31,"enemies":"Gensokyo:Aya","floor":7,"turns":5},{"damage":13,"enemies":"Gensokyo:Cirno","floor":13,"turns":8},{"damage":9,"enemies":"Gensokyo:2_Kodama","floor":14,"turns":3},{"damage":52,"enemies":"Gensokyo:Yukari","floor":16,"turns":7},{"damage":31,"enemies":"Gensokyo:3_Dogs","floor":18,"turns":4},{"damage":15,"enemies":"Gensokyo:CosmicMonolith","floor":21,"turns":3},{"damage":42,"enemies":"Gensokyo:Tenshi","floor":24,"turns":5},{"damage":12,"enemies":"Gensokyo:Mirror_and_Dog","floor":29,"turns":5},{"damage":17,"enemies":"Gensokyo:Kaguya","floor":33,"turns":7},{"damage":35,"enemies":"Gensokyo:AncientGuardian","floor":35,"turns":7},{"damage":1,"enemies":"Gensokyo:3_Bats","floor":38,"turns":3},{"damage":23,"enemies":"Gensokyo:AtlasGolem","floor":39,"turns":4},{"damage":56,"enemies":"Gensokyo:Marisa","floor":41,"turns":6},{"damage":0,"enemies":"Gensokyo:Dusk_and_Dawn","floor":44,"turns":2},{"damage":0,"enemies":"Gensokyo:Rafflesia","floor":48,"turns":7},{"damage":18,"enemies":"Gensokyo:Shinki","floor":50,"turns":12},{"damage":126,"enemies":"Gensokyo:Shinki","floor":51,"turns":8},{"damage":9,"enemies":"Gensokyo:Shinki","floor":52,"turns":11},{"damage":32,"enemies":"Gensokyo:Shinki","floor":56,"turns":6},{"damage":97,"enemies":"paleoftheancients:N","floor":60,"turns":8}],"seed_played":"-9165848430343960515","potions_obtained":[{"floor":1,"key":"BloodPotion"},{"floor":3,"key":"Energy Potion"},{"floor":13,"key":"ColorlessPotion"},{"floor":14,"key":"SteroidPotion"},{"floor":21,"key":"Adrenaline Potion"},{"floor":24,"key":"BlessingOfTheForge"},{"floor":29,"key":"Energy Potion"},{"floor":38,"key":"DuplicationPotion"},{"floor":39,"key":"Fire Potion"},{"floor":41,"key":"Adrenaline Potion"},{"floor":44,"key":"BloodPotion"},{"floor":48,"key":"Fire Potion"},{"floor":56,"key":"AttackPotion"}],"is_trial":true,"path_per_floor":["M","COS","M","?","?","R","E","R","T","?","R","T","E","M","R","B",null,"M","T","?","M","$","R","E","R","T","COS","?","M","R","T","R","B",null,"M","T","?","M","M","R","E","COS","T","M","R","$","T","M","R","B","M","M","?","$","R","M","R","$","?","B"],"character_chosen":"IRONCLAD","items_purchased":["Guide Book","Charon\u0027s Ashes","Bag of Preparation","Dead Branch","Toolbox","Paper Frog"],"campfire_rested":5,"item_purchase_floors":[22,22,54,54,54,58],"current_hp_per_floor":[80,80,72,69,69,69,54,54,54,54,83,83,76,73,73,27,97,72,72,72,63,63,92,75,75,75,75,40,34,63,63,63,52,97,74,74,42,53,42,71,27,27,27,39,68,68,68,80,80,97,97,97,97,97,97,87,87,87,87,0,0],"gold":266,"neow_bonus":"","is_daily":false,"chose_seed":false,"campfire_upgraded":11,"win_rate":0.0,"timestamp":1608784358,"path_taken":["M","COS","?","?","?","R","E","R","T","?","R","?","E","M","R","BOSS","M","?","?","M","$","R","E","R","T","COS","?","?","R","?","R","BOSS","M","?","?","M","M","R","E","COS","T","?","R","?","?","?","R","BOSS","M","M","?","$","R","M","R","$","?","BOSS"],"items_purchased_type":["Relic","Relic","Relic","Relic","Relic","Relic"],"build_version":"2020-12-22","purchased_purges":3,"victory":false,"max_hp_per_floor":[80,80,80,87,87,87,97,97,97,97,97,97,97,97,97,97,97,97,97,97,97,97,97,97,97,97,97,97,97,97,97,97,97,97,97,97,97,97,97,97,97,97,97,97,97,97,97,97,97,97,97,97,97,97,97,97,97,97,97,97,97],"card_choices":[{"not_picked":["Life Link","Warcry","Cleave"],"picked":"SKIP","floor":1},{"not_picked":["Body Slam","Headbutt"],"picked":"Warcry","floor":3},{"not_picked":["Impervious","Immolate"],"picked":"Barricade","floor":7},{"not_picked":["Second Wind","Anger"],"picked":"ReplayTheSpireMod:Stacked","floor":7},{"not_picked":["Wild Strike","Eclipse","Sever Soul"],"picked":"SKIP","floor":13},{"not_picked":["Battle Trance","Clothesline","Heavy Blade"],"picked":"SKIP","floor":14},{"not_picked":["Limit Break","Feed"],"picked":"Replay:Many Hands","floor":16},{"not_picked":["Spreading Infection","Replay:Hysterical Blindness"],"picked":"ReplayTheSpireMod:Doomed","floor":17},{"not_picked":["Gensokyo:ImpossibleRequest","Looming Evil"],"picked":"Injury","floor":17},{"not_picked":["ReplayTheSpireMod:Splinters","ReplayTheSpireMod:Compounding Headache"],"picked":"Gensokyo:AllTheWorldsEvil","floor":17},{"not_picked":["True Grit","Cleave","Hemokinesis"],"picked":"SKIP","floor":18},{"not_picked":["Thunderclap","Hemokinesis"],"picked":"Rupture+1","floor":20},{"not_picked":["Shrug It Off","Hemogenesis"],"picked":"Replay:Undeath\u0027s Touch+1","floor":21},{"not_picked":["Clothesline","Sever Soul+1"],"picked":"Shrug It Off","floor":24},{"not_picked":["Sword Boomerang","Shrug It Off+1","Replay:Many Hands"],"picked":"SKIP","floor":29},{"not_picked":["True Grit+1","ReplayTheSpireMod:Limb From Limb","Warcry+1"],"picked":"SKIP","floor":35},{"not_picked":["Entrench","Dark Embrace+1"],"picked":"Metallicize+1","floor":38},{"not_picked":["Intimidate+1","Havoc+1","Massacre+1"],"picked":"SKIP","floor":39},{"not_picked":["Iron Wave","Searing Blow","Dropkick+1"],"picked":"SKIP","floor":41},{"not_picked":["ReplayTheSpireMod:Muscle Training","Second Wind+1","Pommel Strike+1"],"picked":"SKIP","floor":44},{"not_picked":["Metallicize","Heavy Blade"],"picked":"Barricade","floor":48},{"not_picked":["Flex+1","ReplayTheSpireMod:Strike From Hell+1","Second Wind+1"],"picked":"SKIP","floor":52},{"not_picked":["Wild Strike","Rupture","Dual Wield+1"],"picked":"SKIP","floor":56}],"player_experience":76265,"relics_obtained":[{"floor":7,"key":"Pear"},{"floor":9,"key":"White Beast Statue"},{"floor":12,"key":"Replay:Mystery Machine"},{"floor":13,"key":"Replay:WaspNest"},{"floor":16,"key":"Gensokyo:OccultBall"},{"floor":19,"key":"Iron Hammer"},{"floor":20,"key":"Blue Candle"},{"floor":24,"key":"Tiny Chest"},{"floor":26,"key":"ReplayTheSpireMod:Shallot"},{"floor":31,"key":"MawBank"},{"floor":33,"key":"Gensokyo:OccultBall"},{"floor":36,"key":"Art of War"},{"floor":41,"key":"Divine Protection"},{"floor":43,"key":"Red Skull"},{"floor":47,"key":"Toxic Egg 2"},{"floor":52,"key":"wanderingMiniBosses:MasterThiefsPresence"},{"floor":52,"key":"Gensokyo:OccultBall"},{"floor":53,"key":"Ring of Hypnosis"},{"floor":53,"key":"ReplayTheSpireMod:Ring of Challenge"},{"floor":56,"key":"paleoftheancients:SoulOfTheHexaghost"},{"floor":56,"key":"Gensokyo:OccultBall"}],"event_choices":[{"damage_healed":0,"gold_gain":0,"player_choice":"UP RE ","damage_taken":39,"relics_obtained":["Vajra"],"max_hp_gain":0,"max_hp_loss":0,"event_name":"betterSkull:BetterSkull","floor":28,"gold_loss":0,"cards_upgraded":["Defend_R"]},{"damage_healed":0,"gold_gain":105,"player_choice":"RE GO ","damage_taken":35,"relics_obtained":["Boot"],"max_hp_gain":0,"max_hp_loss":0,"event_name":"betterSkull:BetterSkull","floor":37,"gold_loss":0,"cards_upgraded":[]}],"is_beta":false,"boss_relics":[{"not_picked":["Philosopher\u0027s Stone","Velvet Choker"],"picked":"Replay:Ancient Bell"},{"not_picked":["Lantern","Simple Rune"],"picked":"Oddly Smooth Stone"},{"not_picked":["HornCleat","Replay:Bottled Eggs"],"picked":"Mummified Hand"},{"not_picked":["Prayer Wheel","Old Coin"],"picked":"Replay:Arrowhead"},{"not_picked":["SlaversCollar","Replay:Drink Me"],"picked":"Black Blood"}],"items_purged_floors":[46,54,58],"is_endless":false,"potions_floor_spawned":[1,3,13,14,16,18,21,24,29,33,35,38,39,41,44,48,51,56],"killed_by":"paleoftheancients:N","ascension_level":1}}