{"host":"t4vqa88y94iqzvf0","time":1608790696,"event":{"mods":["Aspiration","BaseMod","Colored Map","Conspire","Downfall","Duelist Mod","Hermit","Hubris","Jorbs\u0027s Wanderer Trilogy","Koishi","Marisa????????","Minty Spire (QoL Compilation)","Rare Cards Sparkle","StSLib","Td1madao Mod","The Bug Knight","The Cursed","The Disciple","The Hierophant","The Necromancer","The Servant 0.9.4"],"gold_per_floor":[99,99,0,0,0,20,97,114,124,124,141,152,152,168,188,188,188,188],"floor_reached":16,"playtime":902,"items_purged":[],"score":94,"play_id":"56c6cf53-cfd1-4f84-957b-d1fc36e85e0c","local_time":"20201224011816","is_ascension_mode":false,"campfire_choices":[{"data":"hexamod:Float","floor":1,"key":"SMITH"},{"floor":13,"key":"REST"}],"circlet_count":0,"master_deck":["hexamod:Strike","hexamod:Strike","hexamod:Strike","hexamod:Defend","hexamod:Defend","hexamod:Defend","hexamod:Defend","hexamod:Sear+1","hexamod:Float+1","hexamod:HeatCrush+1","hexamod:Rewind","hexamod:GhostShield","hexamod:EmpoweredFlame","hexamod:SwordOfDarkness","hexamod:Firestarter+1","hexamod:BacktrackSmack","hexamod:SwordOfDarkness","hexamod:DynamicBlow","Regret","hexamod:InspiringFlames","hexamod:HauntingEcho","hexamod:NightmareStrike","hexamod:EtherealExpedition"],"relics":["hexamod:SpiritBrand","downfall:HeartsMalice","conspire:BottledYoYo"],"acts_visited":["Exordium"],"potions_floor_usage":[16,16],"damage_taken":[{"damage":0,"enemies":"Cultist","floor":2,"turns":1},{"damage":0,"enemies":"downfall:FleeingMerchant","floor":3,"turns":1},{"damage":0,"enemies":"Small Slimes","floor":5,"turns":1},{"damage":1,"enemies":"2 Louse","floor":6,"turns":2},{"damage":1,"enemies":"Blue Slaver","floor":8,"turns":3},{"damage":21,"enemies":"Red Slaver","floor":9,"turns":4},{"damage":7,"enemies":"Exordium Thugs","floor":11,"turns":3},{"damage":17,"enemies":"Exordium Wildlife","floor":12,"turns":5},{"damage":3,"enemies":"2 Fungi Beasts","floor":14,"turns":2},{"damage":25,"enemies":"3 Louse","floor":15,"turns":3},{"damage":27,"enemies":"downfall:Defect","floor":16,"turns":4}],"seed_played":"-5682228432281633259","potions_obtained":[{"floor":6,"key":"Strength Potion"},{"floor":9,"key":"GamblersBrew"},{"floor":11,"key":"Explosive Potion"}],"is_trial":false,"path_per_floor":["R","M","$","?","M","M","T","M","M","?","M","M","R","M","M","B"],"character_chosen":"THE_SPIRIT","items_purchased":["hexamod:GhostShield","hexamod:EmpoweredFlame"],"campfire_rested":1,"item_purchase_floors":[3,3],"current_hp_per_floor":[70,70,70,70,70,69,69,68,47,47,40,23,44,41,16,0,0,0],"gold":188,"neow_bonus":"THREE_ENEMY_KILL","is_daily":false,"chose_seed":false,"campfire_upgraded":1,"win_rate":0.0,"timestamp":1608790696,"path_taken":["R","M","$","?","?","M","T","M","M","?","M","M","R","M","M","BOSS"],"items_purchased_type":["Card","Card"],"build_version":"2020-12-22","purchased_purges":0,"victory":false,"max_hp_per_floor":[70,70,70,70,70,70,70,70,70,70,70,70,70,70,70,70,70,70],"card_choices":[{"not_picked":["hexamod:GhostShield","hexamod:HeatShield"],"picked":"hexamod:HeatCrush","floor":2},{"not_picked":["hexamod:RadiantFlame","hexamod:Haunt"],"picked":"hexamod:Rewind","floor":3},{"not_picked":["hexamod:GhostOfSpireFuture","hexamod:Haunt"],"picked":"hexamod:Firestarter","floor":5},{"not_picked":["hexamod:DynamicBlow","hexamod:StepThrough"],"picked":"hexamod:BacktrackSmack","floor":6},{"not_picked":["hexamod:EmpoweredFlame","hexamod:FirstSeal"],"picked":"hexamod:SwordOfDarkness","floor":8},{"not_picked":["hexamod:AdvancingGuard","hexamod:InspiringFlames"],"picked":"hexamod:DynamicBlow","floor":9},{"not_picked":["hexamod:FastForward","hexamod:PhantomCloak"],"picked":"hexamod:InspiringFlames","floor":11},{"not_picked":["hexamod:HeatShield","hexamod:NightmareGuise"],"picked":"hexamod:HauntingEcho","floor":12},{"not_picked":["hexamod:FastForward","hexamod:Rewind"],"picked":"hexamod:NightmareStrike","floor":14},{"not_picked":["hexamod:AdvancingGuard","hexamod:ShieldOfDarkness"],"picked":"hexamod:EtherealExpedition","floor":15}],"player_experience":37173,"relics_obtained":[{"floor":7,"key":"conspire:BottledYoYo"}],"event_choices":[{"damage_healed":0,"gold_gain":0,"cards_transformed":["hexamod:Strike"],"player_choice":"Transformed","damage_taken":0,"max_hp_gain":0,"max_hp_loss":0,"event_name":"Transmorgrifier","floor":4,"gold_loss":0,"cards_obtained":["hexamod:SwordOfDarkness"]}],"is_beta":false,"boss_relics":[],"items_purged_floors":[],"is_endless":false,"potions_floor_spawned":[6,9,11,12,15],"killed_by":"downfall:Defect","ascension_level":0}}