{"host":"vc42n08di9czm3e7","time":1608774432,"event":{"mods":["AchievementEnabler","Act Like it!","BaseMod","Colored Powertips","Downfall","Friendly Minions","GifTheSpireLib","Minty Spire (QoL Compilation)","Rare Cards Sparkle","StSLib"],"gold_per_floor":[99,112,125,110,110,110,182,193,19,35,53,53,53,76,88,190,190,190,209,119,119,4,30,53,73,83,83,83,8,26,26,45,148,148,148,164,164,164],"floor_reached":37,"playtime":2256,"items_purged":["sneckomod:UnknownCommonSkill","sneckomod:Defend"],"score":454,"play_id":"7a5404cf-c9b8-4c66-902f-9132fa58bb96","local_time":"20201223204712","is_ascension_mode":false,"campfire_choices":[{"data":"Mayhem","floor":1,"key":"SMITH"},{"data":"sneckomod:UnknownRareAttack","floor":6,"key":"SMITH"},{"data":"sneckomod:MorePower","floor":18,"key":"SMITH"},{"floor":27,"key":"REST"},{"floor":29,"key":"REST"},{"data":"sneckomod:CheapStock","floor":35,"key":"SMITH"}],"circlet_count":0,"master_deck":["sneckomod:TailWhip","sneckomod:SnekBite","sneckomod:Unknown","sneckomod:Unknown","Mayhem+1","sneckomod:QuickMove","sneckomod:UnknownRareAttack+1","sneckomod:Nope","sneckomod:MorePower+1","sneckomod:UnknownRareSkill+1","sneckomod:UnknownRarePower+1","sneckomod:UnknownRareSkill","sneckomod:UnknownRareAttack+1","sneckomod:UnknownRarePower","sneckomod:UnknownClassGUARDIAN+1","sneckomod:UnknownRareAttack+1","sneckomod:DefensiveFlair","sneckomod:UnknownColorless","sneckomod:UnknownColorless+1","sneckomod:UnknownRarePower","sneckomod:UnknownRareAttack+1","sneckomod:Unknown3Cost","sneckomod:Restock","sneckomod:Unknown+1","sneckomod:ImprovisedAttack","sneckomod:UnknownCommonSkill","sneckomod:UnknownRareAttack","sneckomod:CheapStock+1","sneckomod:DiceCrush","sneckomod:UnknownRareAttack+1"],"relics":["sneckomod:SneckoSoul","Question Card","Blood Vial","Velvet Choker","Mango","Strawberry","downfall:HeartBlessingGreen","Pandora\u0027s Box"],"acts_visited":["Exordium","TheCity","TheBeyond"],"potions_floor_usage":[11,15,16],"damage_taken":[{"damage":1,"enemies":"Jaw Worm","floor":2,"turns":5},{"damage":0,"enemies":"2 Louse","floor":3,"turns":2},{"damage":0,"enemies":"downfall:FleeingMerchant","floor":4,"turns":4},{"damage":0,"enemies":"Cultist","floor":8,"turns":3},{"damage":2,"enemies":"downfall:FleeingMerchant","floor":9,"turns":4},{"damage":11,"enemies":"Large Slime","floor":10,"turns":8},{"damage":6,"enemies":"2 Fungi Beasts","floor":11,"turns":3},{"damage":6,"enemies":"Exordium Wildlife","floor":15,"turns":6},{"damage":59,"enemies":"downfall:Silent","floor":16,"turns":13},{"damage":48,"enemies":"3 Byrds","floor":19,"turns":7},{"damage":12,"enemies":"downfall:FleeingMerchant","floor":20,"turns":4},{"damage":12,"enemies":"downfall:FleeingMerchant","floor":22,"turns":4},{"damage":31,"enemies":"Book of Stabbing","floor":23,"turns":6},{"damage":27,"enemies":"Shell Parasite","floor":25,"turns":5},{"damage":5,"enemies":"Cultist and Chosen","floor":26,"turns":6},{"damage":12,"enemies":"Centurion and Healer","floor":30,"turns":7},{"damage":30,"enemies":"Sentry and Sphere","floor":32,"turns":5},{"damage":73,"enemies":"downfall:Watcher","floor":33,"turns":7},{"damage":69,"enemies":"3 Darklings","floor":36,"turns":6},{"damage":83,"enemies":"2 Orb Walkers","floor":37,"turns":3}],"seed_played":"9177197443410245865","potions_obtained":[{"floor":3,"key":"FairyPotion"},{"floor":10,"key":"Block Potion"},{"floor":11,"key":"AttackPotion"},{"floor":16,"key":"Strength Potion"},{"floor":25,"key":"SpeedPotion"},{"floor":32,"key":"DuplicationPotion"}],"is_trial":false,"path_per_floor":["R","M","M","$","?","R","T","M","$","M","M","?","?","T","M","B",null,"R","M","$","?","$","E","T","M","M","R","?","R","M","?","M","B",null,"R","M","?"],"character_chosen":"THE_SNECKO","items_purchased":["sneckomod:MorePower"],"campfire_rested":2,"item_purchase_floors":[9],"current_hp_per_floor":[81,80,80,81,81,81,81,81,79,73,67,72,73,73,71,16,97,97,65,56,56,46,32,39,14,13,49,49,85,80,80,57,31,136,136,68,0,0],"gold":164,"neow_bonus":"RANDOM_COLORLESS_2","is_daily":false,"chose_seed":false,"campfire_upgraded":4,"win_rate":0.0,"timestamp":1608774432,"path_taken":["R","M","M","$","?","R","T","M","$","M","M","?","?","?","M","BOSS","R","M","$","?","$","E","T","?","M","R","?","R","M","?","M","BOSS","R","M","?"],"items_purchased_type":["Card"],"build_version":"2020-12-22","purchased_purges":2,"victory":false,"max_hp_per_floor":[81,81,81,82,82,82,82,82,82,87,87,92,93,93,95,97,97,97,98,99,99,99,114,121,121,123,123,123,123,128,128,133,134,136,136,137,137,137],"card_choices":[{"not_picked":["Violence","Magnetism"],"picked":"Mayhem","floor":0},{"not_picked":["sneckomod:UnknownDexterity","sneckomod:QuickBite"],"picked":"sneckomod:QuickMove","floor":2},{"not_picked":["sneckomod:DiceCrush","sneckomod:UnknownX","sneckomod:UnknownCommonSkill"],"picked":"SKIP","floor":3},{"not_picked":["sneckomod:UnknownUncommonPower","sneckomod:Unknown2Cost"],"picked":"sneckomod:UnknownRareAttack","floor":4},{"not_picked":["sneckomod:UnknownUncommonSkill","sneckomod:SerpentIdol","sneckomod:DiceBoulder"],"picked":"sneckomod:Nope","floor":8},{"not_picked":["sneckomod:Unknown0Cost","sneckomod:QuickBite","sneckomod:UnknownVulnerable"],"picked":"sneckomod:TrashToTreasure","floor":9},{"not_picked":["sneckomod:UnknownExhaust+1","sneckomod:UnknownWeak+1","sneckomod:UnknownBlock+1"],"picked":"sneckomod:UnknownRareSkill+1","floor":10},{"not_picked":["sneckomod:UnknownClassBLUE","sneckomod:UnknownDexterity","sneckomod:UnknownVulnerable","sneckomod:QuickBite"],"picked":"SKIP","floor":10},{"not_picked":["sneckomod:UnknownClassPURPLE+1","sneckomod:Unknown1Cost+1","sneckomod:UnknownStrike+1","sneckomod:UnknownVulnerable+1"],"picked":"SKIP","floor":11},{"not_picked":["sneckomod:UnknownClassTHE_CHAMP_GRAY","sneckomod:UnknownEthereal","sneckomod:QuickBite","sneckomod:UnknownCommonSkill"],"picked":"SKIP","floor":11},{"not_picked":["sneckomod:Unknown3Cost+1","sneckomod:UnknownEthereal+1","sneckomod:UnknownClassHEXA_GHOST_PURPLE+1"],"picked":"sneckomod:UnknownRarePower+1","floor":15},{"not_picked":["sneckomod:Unknown1Cost","sneckomod:UnknownCommonAttack","sneckomod:SoulRoll"],"picked":"sneckomod:UnknownRareSkill","floor":15},{"not_picked":["sneckomod:Unknown+1","sneckomod:UnknownClassTHE_CHAMP_GRAY+1","sneckomod:UnknownX+1"],"picked":"sneckomod:UnknownRareAttack+1","floor":16},{"not_picked":["sneckomod:SerpentMind","sneckomod:SoulExchange","sneckomod:UnknownRareAttack"],"picked":"sneckomod:UnknownRarePower","floor":16},{"not_picked":["sneckomod:UnknownUncommonAttack+1","sneckomod:UnknownBlock+1","sneckomod:UnknownCommonSkill+1"],"picked":"sneckomod:UnknownClassGUARDIAN+1","floor":19},{"not_picked":["sneckomod:UnknownBlock","sneckomod:SoulDraw","sneckomod:UnknownClassBLUE+1","sneckomod:DiceCrush+1"],"picked":"SKIP","floor":19},{"not_picked":["sneckomod:UnknownStrike+1","sneckomod:UnknownUncommonSkill+1","sneckomod:UnknownColorless+1"],"picked":"sneckomod:UnknownRareAttack+1","floor":20},{"not_picked":["sneckomod:WideSting","sneckomod:UnknownUncommonAttack","sneckomod:SoulExchange"],"picked":"sneckomod:DefensiveFlair","floor":20},{"not_picked":["sneckomod:UnknownVulnerable+1","sneckomod:UnknownUncommonSkill+1","sneckomod:UnknownUncommonAttack+1","sneckomod:UnknownBlock+1"],"picked":"SKIP","floor":22},{"not_picked":["sneckomod:Unknown0Cost","sneckomod:UnknownExhaust+1","sneckomod:SoulRoll","sneckomod:QuickBite"],"picked":"SKIP","floor":22},{"not_picked":["sneckomod:SoulCleanse","sneckomod:Unknown1Cost","sneckomod:CheapStock"],"picked":"sneckomod:UnknownColorless","floor":23},{"not_picked":["sneckomod:UnknownClassGREEN+1","sneckomod:UnknownStrike+1","sneckomod:Unknown+1","sneckomod:UnknownEthereal+1"],"picked":"SKIP","floor":23},{"not_picked":["sneckomod:UnknownUncommonAttack+1","sneckomod:UnknownCommonSkill+1","sneckomod:UnknownClassRED+1","sneckomod:UnknownClassSLIMEBOUND+1"],"picked":"SKIP","floor":25},{"not_picked":["sneckomod:RainOfDice","sneckomod:MasterEye","sneckomod:DiceCrush","sneckomod:UnknownVulnerable"],"picked":"SKIP","floor":25},{"not_picked":["sneckomod:Unknown+1","sneckomod:UnknownBlock+1","sneckomod:UnknownEthereal+1"],"picked":"sneckomod:UnknownColorless+1","floor":26},{"not_picked":["sneckomod:DiceCrush+1","sneckomod:SoulDraw+1","sneckomod:SoulRoll"],"picked":"sneckomod:UnknownRarePower","floor":26},{"not_picked":["sneckomod:Unknown3Cost+1","sneckomod:UnknownX+1","sneckomod:UnknownUncommonAttack+1"],"picked":"sneckomod:UnknownRareAttack+1","floor":30},{"not_picked":["sneckomod:UnknownCommonAttack","sneckomod:ImprovisedAttack","sneckomod:PureSnecko","sneckomod:UnknownVulnerable"],"picked":"SKIP","floor":30},{"not_picked":["sneckomod:SoulRoll+1","sneckomod:WideSting","sneckomod:SnekBeam"],"picked":"sneckomod:Unknown3Cost","floor":32},{"not_picked":["sneckomod:UnknownClassGREEN+1","sneckomod:UnknownClassGUARDIAN+1","sneckomod:UnknownVulnerable+1","sneckomod:UnknownBlock+1"],"picked":"SKIP","floor":32},{"not_picked":["sneckomod:UnknownColorless","sneckomod:MorePower","sneckomod:SoulExchange"],"picked":"sneckomod:Restock","floor":33},{"not_picked":["sneckomod:UnknownUncommonAttack+1","sneckomod:UnknownClassGUARDIAN+1","sneckomod:UnknownStrike+1"],"picked":"sneckomod:Unknown+1","floor":33},{"not_picked":["sneckomod:Unknown+1","sneckomod:UnknownUncommonPower+1","sneckomod:UnknownX+1"],"picked":"sneckomod:UnknownRareAttack+1","floor":36},{"not_picked":["sneckomod:DiceBoulder+1","sneckomod:ImprovisedGuard","sneckomod:UnknownClassBLUE","sneckomod:UnknownClassRED"],"picked":"SKIP","floor":36}],"player_experience":194051,"relics_obtained":[{"floor":7,"key":"Question Card"},{"floor":14,"key":"Blood Vial"},{"floor":23,"key":"Mango"},{"floor":24,"key":"Strawberry"}],"event_choices":[{"damage_healed":0,"gold_gain":0,"player_choice":"Donut","damage_taken":0,"max_hp_gain":5,"max_hp_loss":0,"event_name":"Big Fish","floor":12,"gold_loss":0},{"damage_healed":0,"gold_gain":0,"cards_transformed":["sneckomod:TrashToTreasure"],"player_choice":"Change","damage_taken":0,"max_hp_gain":0,"max_hp_loss":0,"event_name":"Living Wall","floor":13,"gold_loss":0,"cards_obtained":["sneckomod:UnknownCommonSkill"]},{"damage_healed":0,"gold_gain":0,"player_choice":"Ignored","damage_taken":0,"max_hp_gain":0,"max_hp_loss":0,"event_name":"Vampires","floor":31,"gold_loss":0},{"damage_healed":0,"gold_gain":0,"player_choice":"Fight","damage_taken":0,"max_hp_gain":0,"max_hp_loss":0,"event_name":"Mysterious Sphere","floor":37,"gold_loss":0}],"is_beta":false,"boss_relics":[{"not_picked":["Calling Bell","Snecko Eye"],"picked":"Velvet Choker"},{"not_picked":["Coffee Dripper","Cursed Key"],"picked":"Pandora\u0027s Box"}],"items_purged_floors":[20,22],"is_endless":false,"potions_floor_spawned":[3,10,11,16,25,26,30,32],"killed_by":"2 Orb Walkers","ascension_level":0}}