{"host":"2j5d0uw0vihq8b8w","time":1608813462,"event":{"mods":["2.2 Compatiblity","AchievementEnabler","BaseMod","BetterRewards","Colored Map","Colored Powertips","Custom Start","DeckTracker","Hermit","Lobotomy","Minty Spire (QoL Compilation)","Permanent Neow","Quick Restart","Rare Cards Sparkle","StSLib","SuperFastMode"],"gold_per_floor":[109,120,120,139,139,139,172,184,184,184,195,195,206,233,233,307,307,317,317,328,348,106,106,124,124,124,39,39,59,59,79,79,156,156,169,179,228,244,244,244,273,273,298,298,311,328,360,377,377,377,377,377,377,377,20,51,51],"floor_reached":58,"playtime":3593,"items_purged":["Strike_G","Strike_G"],"score":2937,"play_id":"527508d8-9f30-4879-bf8c-972ef748f89f","local_time":"20201224213742","is_ascension_mode":true,"campfire_choices":[{"data":"Calculated Gamble","floor":6.0,"key":"SMITH"},{"floor":10.0,"key":"REST"},{"data":"Neutralize","floor":15.0,"key":"SMITH"},{"data":"Catalyst","floor":23.0,"key":"SMITH"},{"data":"Catalyst","floor":28.0,"key":"SMITH"},{"data":"Burst","floor":30.0,"key":"SMITH"},{"data":"Well Laid Plans","floor":32.0,"key":"SMITH"},{"data":"Calculated Gamble","floor":40.0,"key":"SMITH"},{"data":"Eviscerate","floor":44.0,"key":"SMITH"},{"floor":49.0,"key":"RECALL"},{"data":"Blur","floor":54.0,"key":"SMITH"}],"circlet_count":0,"master_deck":["AscendersBane","Strike_G","Strike_G","Defend_G+1","Defend_G+1","Defend_G+1","Defend_G+1","Survivor","Neutralize+1","Noxious Fumes+1","Poisoned Stab","Calculated Gamble+1","Unload","Escape Plan","Backstab","Backflip","Burst+1","Blur+1","Well Laid Plans+1","Catalyst+1","Blur","Catalyst+1","Eviscerate+1","Grand Finale","Calculated Gamble+1","Acrobatics+1","Tactician+1","Tools of the Trade"],"relics":["Ring of the Serpent","War Paint","Gambling Chip","Tough Bandages","Prayer Wheel","Art of War","Ancient Tea Set","Coffee Dripper","Calipers","CaptainsWheel","Blood Vial","White Beast Statue","Anchor","The Specimen"],"acts_visited":["Exordium","TheCity","TheBeyond","TheEnding"],"potions_floor_usage":[],"damage_taken":[{"damage":4.0,"enemies":"Cultist","floor":1.0,"turns":5.0},{"damage":1.0,"enemies":"Jaw Worm","floor":2.0,"turns":4.0},{"damage":1.0,"enemies":"2 Louse","floor":4.0,"turns":3.0},{"damage":25.0,"enemies":"3 Sentries","floor":7.0,"turns":9.0},{"damage":2.0,"enemies":"Exordium Wildlife","floor":8.0,"turns":5.0},{"damage":0.0,"enemies":"Red Slaver","floor":11.0,"turns":2.0},{"damage":0.0,"enemies":"Looter","floor":13.0,"turns":2.0},{"damage":10.0,"enemies":"Lagavulin","floor":14.0,"turns":5.0},{"damage":8.0,"enemies":"The Guardian","floor":16.0,"turns":9.0},{"damage":0.0,"enemies":"Shell Parasite","floor":18.0,"turns":6.0},{"damage":1.0,"enemies":"Spheric Guardian","floor":20.0,"turns":6.0},{"damage":3.0,"enemies":"Chosen and Byrds","floor":21.0,"turns":7.0},{"damage":13.0,"enemies":"Snake Plant","floor":24.0,"turns":3.0},{"damage":1.0,"enemies":"Centurion and Healer","floor":29.0,"turns":6.0},{"damage":0.0,"enemies":"Snecko","floor":31.0,"turns":3.0},{"damage":2.0,"enemies":"Champ","floor":33.0,"turns":6.0},{"damage":0.0,"enemies":"3 Shapes","floor":35.0,"turns":7.0},{"damage":0.0,"enemies":"Orb Walker","floor":36.0,"turns":3.0},{"damage":8.0,"enemies":"2 Orb Walkers","floor":37.0,"turns":6.0},{"damage":0.0,"enemies":"Writhing Mass","floor":38.0,"turns":4.0},{"damage":0.0,"enemies":"Reptomancer","floor":41.0,"turns":3.0},{"damage":0.0,"enemies":"Sphere and 2 Shapes","floor":45.0,"turns":5.0},{"damage":0.0,"enemies":"Transient","floor":46.0,"turns":6.0},{"damage":0.0,"enemies":"Nemesis","floor":47.0,"turns":3.0},{"damage":0.0,"enemies":"Maw","floor":48.0,"turns":3.0},{"damage":0.0,"enemies":"Time Eater","floor":50.0,"turns":6.0},{"damage":0.0,"enemies":"Awakened One","floor":51.0,"turns":13.0},{"damage":7.0,"enemies":"Shield and Spear","floor":56.0,"turns":6.0},{"damage":33,"enemies":"The Heart","floor":57,"turns":6}],"seed_played":"-4989160664266442352","potions_obtained":[{"floor":1.0,"key":"Poison Potion"},{"floor":8.0,"key":"BlessingOfTheForge"},{"floor":18.0,"key":"AttackPotion"},{"floor":20.0,"key":"Fire Potion"},{"floor":24.0,"key":"Swift Potion"},{"floor":47.0,"key":"SteroidPotion"}],"is_trial":false,"path_per_floor":["M","M","?","M","?","R","E","M","T","R","M","?","M","E","R","B",null,"M","T","M","M","$","R","M","?","T","$","R","M","R","M","R","B",null,"M","M","?","M","?","R","E","?","T","R","M","M","E","M","R","B","B",null,null,"R","$","E","B",null],"character_chosen":"THE_SILENT","items_purchased":["Art of War","Catalyst","Anchor","Ancient Potion"],"campfire_rested":1,"item_purchase_floors":[22,27,55,55],"current_hp_per_floor":[55,54,54,53,33,33,8,6,6,25,25,25,25,15,15,7,51,51,51,50,47,47,47,34,34,34,34,34,33,33,33,33,31,57,57,57,49,49,49,49,49,49,49,49,51,53,55,57,57,59,61,61,65,65,65,59,28],"gold":51,"neow_bonus":"RANDOM_COMMON_RELIC","is_daily":false,"chose_seed":false,"campfire_upgraded":9,"win_rate":0.0,"timestamp":1608813462,"path_taken":["M","?","?","M","?","R","E","M","T","R","M","?","?","E","R","BOSS","M","?","M","M","$","R","?","?","T","?","R","M","R","M","R","BOSS","M","M","?","M","?","R","E","?","T","R","M","M","E","M","R","BOSS","BOSS","R","$","E","BOSS"],"items_purchased_type":["Relic","Card","Relic","Potion"],"build_version":"2020-12-22","purchased_purges":2,"victory":true,"max_hp_per_floor":[66,66,66,66,66,66,66,66,66,66,66,66,66,66,66,66,66,66,66,66,66,66,66,66,66,66,66,66,66,66,66,66,66,66,66,66,66,66,66,66,66,66,66,66,66,66,66,66,66,66,66,66,66,66,66,66,66],"card_choices":[{"not_picked":["Distraction","Concentrate"],"picked":"Noxious Fumes","floor":1.0},{"not_picked":["Distraction","Underhanded Strike"],"picked":"Poisoned Stab","floor":2.0},{"not_picked":["Dagger Throw","Poisoned Stab"],"picked":"Calculated Gamble","floor":4.0},{"not_picked":["Prepared","Noxious Fumes"],"picked":"Unload","floor":7.0},{"not_picked":["PiercingWail","Backstab"],"picked":"Escape Plan","floor":8.0},{"not_picked":["Poisoned Stab","Distraction"],"picked":"Backstab","floor":11.0},{"not_picked":["Flying Knee","Dagger Spray","Bane"],"picked":"SKIP","floor":13.0},{"not_picked":["Flying Knee","Blade Dance"],"picked":"Backflip","floor":14.0},{"not_picked":["A Thousand Cuts","Envenom"],"picked":"Burst","floor":16.0},{"not_picked":["Deadly Poison+1","Quick Slash","Bane"],"picked":"SKIP","floor":18.0},{"not_picked":["Masterful Stab","Bane","Deadly Poison"],"picked":"SKIP","floor":18.0},{"not_picked":["Blade Dance","Deadly Poison"],"picked":"Blur","floor":20.0},{"not_picked":["Dagger Spray+1","Blade Dance"],"picked":"Well Laid Plans","floor":20.0},{"not_picked":["Unload","Setup"],"picked":"Catalyst","floor":21.0},{"not_picked":["Dagger Throw","Bane","Blade Dance"],"picked":"SKIP","floor":21.0},{"not_picked":["Heel Hook","Flying Knee+1"],"picked":"Blur","floor":24.0},{"not_picked":["Choke","Outmaneuver","Dagger Throw"],"picked":"SKIP","floor":24.0},{"not_picked":["Deflect","PiercingWail+1"],"picked":"Eviscerate","floor":29.0},{"not_picked":["Poisoned Stab","Cloak And Dagger","Riddle With Holes+1"],"picked":"SKIP","floor":29.0},{"not_picked":["Slice","Flying Knee","Dodge and Roll+1"],"picked":"SKIP","floor":31.0},{"not_picked":["Riddle With Holes","Caltrops","Bane"],"picked":"SKIP","floor":31.0},{"not_picked":["Malaise","Doppelganger"],"picked":"Grand Finale","floor":33.0},{"not_picked":["Catalyst+1","Riddle With Holes"],"picked":"Calculated Gamble","floor":35.0},{"not_picked":["Cloak And Dagger","Bouncing Flask","Flechettes"],"picked":"SKIP","floor":35.0},{"not_picked":["Noxious Fumes+1","Bane+1","Flechettes"],"picked":"SKIP","floor":36.0},{"not_picked":["Deadly Poison","Expertise","Dagger Spray"],"picked":"SKIP","floor":36.0},{"not_picked":["Flying Knee+1","Bane"],"picked":"Acrobatics+1","floor":38.0},{"not_picked":["Deflect","Caltrops","Prepared"],"picked":"SKIP","floor":38.0},{"not_picked":["Deflect","PiercingWail","Blade Dance"],"picked":"SKIP","floor":41.0},{"not_picked":["Dagger Throw+1","PiercingWail"],"picked":"Tactician+1","floor":45.0},{"not_picked":["Flying Knee","Crippling Poison","Deflect"],"picked":"SKIP","floor":45.0},{"not_picked":["Blade Dance","Dagger Spray"],"picked":"Tools of the Trade","floor":46.0},{"not_picked":["Bane","Expertise","Concentrate"],"picked":"SKIP","floor":46.0},{"not_picked":["Bouncing Flask","Heel Hook","Dagger Spray+1"],"picked":"SKIP","floor":47.0},{"not_picked":["Dagger Spray","Deadly Poison","Flechettes+1"],"picked":"SKIP","floor":48.0},{"not_picked":["Acrobatics","Underhanded Strike","Dagger Spray"],"picked":"SKIP","floor":48.0},{"not_picked":["Setup+1","Acrobatics","Deflect"],"picked":"SKIP","floor":56.0}],"player_experience":725272,"relics_obtained":[{"floor":7.0,"key":"Gambling Chip"},{"floor":9.0,"key":"Tough Bandages"},{"floor":14.0,"key":"Prayer Wheel"},{"floor":26.0,"key":"Ancient Tea Set"},{"floor":37.0,"key":"Calipers"},{"floor":41.0,"key":"CaptainsWheel"},{"floor":43.0,"key":"Blood Vial"},{"floor":47.0,"key":"White Beast Statue"},{"floor":56.0,"key":"The Specimen"}],"event_choices":[{"damage_healed":0.0,"max_hp_gain":0.0,"max_hp_loss":0.0,"gold_gain":0.0,"event_name":"Living Wall","player_choice":"Grow","floor":3.0,"gold_loss":0.0,"damage_taken":0.0,"cards_upgraded":["Noxious Fumes"]},{"damage_healed":0.0,"max_hp_gain":0.0,"max_hp_loss":0.0,"gold_gain":0.0,"event_name":"Shining Light","player_choice":"Entered Light","floor":5.0,"gold_loss":0.0,"damage_taken":20.0,"cards_upgraded":["Defend_G","Defend_G"]},{"damage_healed":0.0,"max_hp_gain":0.0,"max_hp_loss":0.0,"gold_gain":0.0,"event_name":"Liars Game","player_choice":"Ignored","floor":12.0,"gold_loss":0.0,"damage_taken":0.0},{"cards_removed":["Defend_G"],"damage_healed":0.0,"max_hp_gain":0.0,"max_hp_loss":0.0,"gold_gain":0.0,"event_name":"Purifier","player_choice":"Purged","floor":25.0,"gold_loss":0.0,"damage_taken":0.0},{"damage_healed":0.0,"max_hp_gain":0.0,"max_hp_loss":0.0,"gold_gain":0.0,"event_name":"Mysterious Sphere","player_choice":"Fight","floor":37.0,"gold_loss":0.0,"damage_taken":0.0},{"cards_removed":["Strike_G"],"damage_healed":0.0,"max_hp_gain":0.0,"max_hp_loss":0.0,"gold_gain":0.0,"event_name":"Falling","player_choice":"Removed Attack","floor":39.0,"gold_loss":0.0,"damage_taken":0.0},{"damage_healed":0.0,"max_hp_gain":0.0,"max_hp_loss":0.0,"gold_gain":0.0,"event_name":"Tomb of Lord Red Mask","player_choice":"Ignored","floor":42.0,"gold_loss":0.0,"damage_taken":0.0}],"is_beta":false,"boss_relics":[{"not_picked":["SacredBark","Calling Bell"],"picked":"Ring of the Serpent"},{"not_picked":["Cursed Key","Astrolabe"],"picked":"Coffee Dripper"}],"items_purged_floors":[22,55],"is_endless":false,"potions_floor_spawned":[1,8,13,18,20,24,29,31,36,47,48,56],"ascension_level":20}}