{"host":"4lxzgdqpvzyot39g","time":1608850316,"event":{"mods":["Abigail Mod","Act Like it!","Arknights The Spire","Aspiration","BaseMod","Beaked The Cultist","Better Altar","Better Match","Better Note","Better Sensory Stone","Better Skull","Better Third Choice","CCEM","Colored Map","Colored Powertips","Conspire","Displayed Cursed Tome","Dota2Spire","Energized Spire","Friendly Minions","Gensokyo","GifTheSpireLib","Halation","Hallownest","Hermit","Highlight Path","HololiveMod","Hubris","Infinite Spire","Jedi Mod","JesterMod","Mari Mod (Legacy)","Mari\u0027s V1 Patch","MarisaÅiñ∂âJÅ@ñÇóùçπÅj","Minty Spire (QoL Compilation)","Prisma Mod","Quarter Circle Forward PUNCH!","Relic Filter","Replay The Spire","Robot Space Explorer","SCP261 Mod","Small Relic Pack","Spicy Shops","Spikes Relics","StSLib","Stuff the Spire","The Alterego","The Blue Laboratory","The Bug Knight","The Cursed","The Fake Hero","The Servant 0.9.4","The Wild Card","Trackpad","Waifu the Spire","WarShipGirlsR/??è≠èóR mod","vexMod","Åy?ï®?îvÅzREMEMod"],"gold_per_floor":[110,129,143,154,169,169,197,197,197,209,209,209,228,253,253,354,354,364,364,378,378,378,406,419,452,452,479,498,527,527,527,527,551,551,669,669,692,692,712,637,143,143,158,158,158,171,197,207,272,97,97,132,132,132,7,97,156],"floor_reached":58,"playtime":6219,"items_purged":["ats:Strike G","ats:Encircling Forest","ats:Encircling Forest","ats:Strike S"],"score":1338,"play_id":"bd718bb9-c631-479c-8214-863d5af162c7","local_time":"20201224175156","is_ascension_mode":false,"campfire_choices":[{"data":"ats:Emotion Absorption","floor":6,"key":"SMITH"},{"data":"ats:Overload","floor":8,"key":"SMITH"},{"data":"ats:Thorns","floor":12,"key":"SMITH"},{"data":"REME_AllRoundStrike","floor":15,"key":"SMITH"},{"floor":34,"key":"DIG"},{"data":"ats:Rat Pack","floor":42,"key":"SMITH"},{"data":"infinitespire:NeuralNetwork","floor":44,"key":"SMITH"},{"floor":51,"key":"RECALL"},{"data":"ats:Rat Pack","floor":54,"key":"SMITH"}],"circlet_count":0,"master_deck":["ats:Strike C","ats:Strike V","ats:Armor Crushing Shot","ats:Defend","ats:Defend","ats:Defend","ats:Defend","ats:Emotion Absorption+1","ats:Curse Doll","ats:Overload+1","ats:Chain Hook","ats:Magnetic Hammer","ats:Thorns+1","ats:Consecutive Shot Auto","ats:Rat Pack+1","ats:Apocalypse","ats:Ignite","ats:Shell Defense","ats:Calcification","infinitespire:NeuralNetwork+1","ats:Rat Pack+1","ats:Support Order","ats:Shadow Raid","ats:Shell Defense","Pot Of Greed","Pot Of Greed","Pot Of Greed","ats:Magnetic Hammer","ats:Calcification","ats:Red Shift","REME_AllRoundStrike+1","REME_AllRoundStrike+1","ats:Soul Absorption+1","ats:Steam Pump+1","Pot Of Greed","ats:Shadow Raid"],"relics":["ats:Sanity","REME_ComplimentaryCards","NeowsBlessing","ats:Originium","hubris:GlazedTorus","ats:Originium","StuffTheSpire:Gunfinga","hubris:HollowSoul","Dota2Spire:RefresherOrb","ats:Originium","hubris:64BitClover","ats:Originium","Kunai","vexMod:ConsolationPrize","Grinning Jar","Lee\u0027s Waffle","Replay:Kaleidoscope","Sozu","StuffTheSpire:Mouthbags","Replay:Wax Seal","Medical Kit","ats:Assault","ats:Arts","infinitespire:Midas Blood","Dota2Spire:MagicBottle","Oddly Smooth Stone","BrokenLever"],"acts_visited":["Exordium","Hallownest:CityofTears","Gensokyo:Gensokyoest","TheEnding"],"potions_floor_usage":[16,20,52,57,57],"damage_taken":[{"damage":0,"enemies":"Small Slimes","floor":1,"turns":1},{"damage":0,"enemies":"Jaw Worm","floor":2,"turns":1},{"damage":0,"enemies":"conspire:RoseBush","floor":3,"turns":1},{"damage":19,"enemies":"3 Louse","floor":4,"turns":4},{"damage":0,"enemies":"Gremlin Gang","floor":5,"turns":4},{"damage":14,"enemies":"HollowMod:MossKnight","floor":7,"turns":10},{"damage":5,"enemies":"Exordium Thugs","floor":10,"turns":3},{"damage":1,"enemies":"Red Slaver","floor":13,"turns":3},{"damage":13,"enemies":"Replay:BlueRogue","floor":14,"turns":5},{"damage":5,"enemies":"Fading Forest","floor":16,"turns":11},{"damage":4,"enemies":"Hallownest:Guard_and_Sentry","floor":18,"turns":5},{"damage":10,"enemies":"Hallownest:3_Youths","floor":20,"turns":3},{"damage":0,"enemies":"Hallownest:Nosk","floor":23,"turns":7},{"damage":11,"enemies":"Hallownest:Warrior_and_Youth","floor":24,"turns":5},{"damage":20,"enemies":"Hallownest:eliteWatcherKnight","floor":25,"turns":10},{"damage":17,"enemies":"Hallownest:2_Husk_Sentries","floor":27,"turns":4},{"damage":0,"enemies":"Hallownest:Master_and_Novice","floor":28,"turns":4},{"damage":0,"enemies":"Hallownest:eliteSoulWarrior","floor":29,"turns":6},{"damage":6,"enemies":"Hallownest:2_Flukemon","floor":33,"turns":6},{"damage":20,"enemies":"Hallownest:BossGrimm","floor":35,"turns":8},{"damage":11,"enemies":"Gensokyo:3_Boulders","floor":37,"turns":8},{"damage":0,"enemies":"Gensokyo:AncientGuardian","floor":39,"turns":5},{"damage":4,"enemies":"Gensokyo:3_Boulders","floor":43,"turns":4},{"damage":0,"enemies":"Gensokyo:AtlasGolem","floor":46,"turns":4},{"damage":9,"enemies":"Gensokyo:SeedOfUnknown","floor":47,"turns":6},{"damage":0,"enemies":"Gensokyo:4_Bats","floor":48,"turns":3},{"damage":29,"enemies":"Gensokyo:Kasen","floor":49,"turns":7},{"damage":29,"enemies":"Gensokyo:Scarlet_Devils","floor":52,"turns":9},{"damage":49,"enemies":"Shield and Spear","floor":56,"turns":6},{"damage":31,"enemies":"The Heart","floor":57,"turns":10}],"seed_played":"-3353552634405170965","potions_obtained":[{"floor":1,"key":"Reflective Coating"},{"floor":3,"key":"SkillPotion"},{"floor":4,"key":"SCP261:PenguinPunchPotion"},{"floor":16,"key":"SpeedPotion"},{"floor":23,"key":"jedi:tentaclejuice"},{"floor":28,"key":"infinitespire:BlackPotion"}],"is_trial":false,"path_per_floor":["M","M","M","M","M","R","E","R","T","M","?","R","M","E","R","B",null,"M","?","M","?","?","E","M","E","T","M","M","E","PTL","PTL","AVR","M","R_BF","B",null,"M","?","M","?","COS","R","M","R","T","M","M","M","E","$","R","B",null,"R","$","E","B",null],"character_chosen":"DOCTOR_CLASS","items_purchased":[],"campfire_rested":0,"item_purchase_floors":[],"current_hp_per_floor":[72,72,72,53,53,53,39,39,39,34,34,34,35,31,31,31,72,69,51,41,41,41,48,43,39,39,25,28,33,33,33,61,56,56,45,61,60,45,46,46,46,46,48,48,48,53,55,57,37,37,37,13,61,61,61,28,35],"gold":156,"neow_bonus":"THREE_ENEMY_KILL","is_daily":false,"chose_seed":false,"campfire_upgraded":7,"win_rate":0.0,"timestamp":1608850316,"path_taken":["M","M","M","M","M","R","E","R","T","M","?","R","M","E","R","BOSS","M","?","M","?","?","E","M","E","T","?","M","E","PTL","PTL","AVR","M","R_BF","BOSS","M","?","?","?","COS","R","M","R","T","?","M","M","E","?","R","BOSS","R","$","E","BOSS"],"items_purchased_type":[],"build_version":"2020-12-22","purchased_purges":4,"victory":true,"max_hp_per_floor":[72,72,72,72,72,72,72,72,72,72,72,72,72,72,72,72,72,72,72,72,72,54,54,54,54,54,54,54,54,54,54,61,61,61,61,61,61,61,61,61,61,61,61,61,61,61,61,61,61,61,61,61,61,61,61,61,61],"card_choices":[{"not_picked":["ats:Thermite Blade","ats:Demon Strength"],"picked":"ats:Curse Doll","floor":1},{"not_picked":["ats:Soul Absorption","ats:Blood Oath"],"picked":"ats:Overload","floor":2},{"not_picked":["ats:Ignite","ats:Poison Spread"],"picked":"ats:Chain Hook","floor":3},{"not_picked":["ats:Childhood Dance","ats:Powerful Strike"],"picked":"ats:Magnetic Hammer","floor":4},{"not_picked":["ats:Explosion Area Strengthen","ats:Powerful Strike","ats:Ignite"],"picked":"SKIP","floor":5},{"not_picked":["ats:Spore Proliferation","ats:Curse Doll","ats:Hammer On"],"picked":"SKIP","floor":7},{"not_picked":["ats:Shell Defense","ats:Collapsing Strike"],"picked":"ats:Thorns","floor":10},{"not_picked":["ats:Ignite","ats:Poison Spread"],"picked":"ats:Shell Defense","floor":13},{"not_picked":["ats:Leaping Hammer","ats:Consecutive Shot Auto"],"picked":"ats:Encircling Forest","floor":14},{"not_picked":["ats:Wolf Pack","ats:Echo Reverb"],"picked":"ats:Calcification","floor":16},{"not_picked":["ats:Ignite+1","ats:Hook Shot","ats:Apocalypse"],"picked":"SKIP","floor":18},{"not_picked":["ReplayTheSpireMod:??????????????????????","hubris:Rewind"],"picked":"infinitespire:NeuralNetwork","floor":19},{"not_picked":["ats:Hammer On","ats:Explosion Area Strengthen","ats:Flexible Camouflage"],"picked":"SKIP","floor":20},{"not_picked":["ats:Mental Burst","ats:Part Time Job"],"picked":"ats:Rat Pack","floor":23},{"not_picked":["ats:Closed Bolt Burst Fire","ats:Collapsing Strike"],"picked":"ats:Support Order","floor":24},{"not_picked":["ats:Childhood Dance","ats:Apocalypse"],"picked":"ats:Shadow Raid","floor":25},{"not_picked":["ats:Composite Medical Shells","ats:Automatic Cover"],"picked":"ats:Shell Defense","floor":27},{"not_picked":["ats:Childhood Dance","ats:Apocalypse","ats:Consecutive Shot Auto"],"picked":"SKIP","floor":28},{"not_picked":["ats:Hook Shot","ats:Echo Reverb","ats:Powerful Strike"],"picked":"SKIP","floor":29},{"not_picked":["ats:Leaping Hammer+1","ats:Encircling Forest+1"],"picked":"ats:Magnetic Hammer","floor":33},{"not_picked":["ats:Ambush","ats:Disruption Kick"],"picked":"ats:Calcification","floor":35},{"not_picked":["ats:Apocalypse+1","ats:LN2 Cannon"],"picked":"ats:Red Shift","floor":37},{"not_picked":["ats:Apocalypse+1","ats:Flexible Camouflage+1"],"picked":"ats:Soul Absorption+1","floor":39},{"not_picked":["ats:Mental Burst","ats:Ignite","ats:Healing Drone"],"picked":"SKIP","floor":43},{"not_picked":["ats:Defend Order","ats:Guardian Obelisk+1"],"picked":"ats:Steam Pump+1","floor":46},{"not_picked":["ats:Rapid Magazine+1","ats:Leaping Hammer","ats:Cat Scratch+1"],"picked":"SKIP","floor":47},{"not_picked":["ats:Explosion Area Strengthen","ats:Childhood Dance","ats:Ignite+1"],"picked":"SKIP","floor":48},{"not_picked":["ats:Consecutive Shot Auto","ats:Part Time Job","ats:Cat Scratch+1"],"picked":"SKIP","floor":49},{"not_picked":["ats:Consecutive Shot Auto+1","ats:Powerful Strike"],"picked":"ats:Shadow Raid","floor":56}],"player_experience":1006143,"relics_obtained":[{"floor":7,"key":"ats:Originium"},{"floor":7,"key":"hubris:GlazedTorus"},{"floor":14,"key":"ats:Originium"},{"floor":14,"key":"StuffTheSpire:Gunfinga"},{"floor":23,"key":"ats:Originium"},{"floor":23,"key":"hubris:64BitClover"},{"floor":25,"key":"ats:Originium"},{"floor":25,"key":"Kunai"},{"floor":26,"key":"vexMod:ConsolationPrize"},{"floor":29,"key":"Grinning Jar"},{"floor":34,"key":"Replay:Kaleidoscope"},{"floor":39,"key":"Replay:Wax Seal"},{"floor":45,"key":"infinitespire:Midas Blood"},{"floor":49,"key":"Oddly Smooth Stone"},{"floor":56,"key":"BrokenLever"}],"event_choices":[{"damage_healed":0,"gold_gain":0,"player_choice":"2","damage_taken":0,"max_hp_gain":0,"max_hp_loss":0,"event_name":"betterMatch:BetterMatch","floor":40,"gold_loss":0,"cards_obtained":["betterMatch:CommonCard"]}],"is_beta":false,"boss_relics":[{"not_picked":["aspiration:RandomNobGenerator","CCEMRelics:GreenEgg"],"picked":"hubris:HollowSoul"},{"not_picked":["halation:HeavySnake","REME_LowDesire"],"picked":"Sozu"}],"items_purged_floors":[32,50,50,55],"is_endless":false,"potions_floor_spawned":[1,3,4,10,16,18,23,28,29,39,43,47],"ascension_level":0}}