{"host":"wkq136ike0ligh15","time":1608770244,"event":{"mods":["Bard","BaseMod","Clockwork Mod","Minty Spire (QoL Compilation)","StSLib"],"gold_per_floor":[113,127,139,7,82,82,97,97,124,124,141,166,166,177,177,274,274,292,303,5,5,5,5],"floor_reached":22,"playtime":1200,"items_purged":[],"score":186,"play_id":"0c503b38-6d24-441d-b902-7ebe892ccc0b","local_time":"20201223193724","is_ascension_mode":false,"campfire_choices":[{"floor":6,"key":"REST"},{"floor":8,"key":"REST"},{"data":"Clockwork:RevUp","floor":10,"key":"SMITH"},{"floor":15,"key":"REST"}],"circlet_count":0,"master_deck":["Clockwork:Strike","Clockwork:Strike+1","Clockwork:Strike+1","Clockwork:Strike+1","Clockwork:Shield","Clockwork:Shield","Clockwork:Shield","Clockwork:Shield+1","Clockwork:Tinker","Clockwork:WarmUp","Clockwork:CogBarrier","Clockwork:Pluck+1","Clockwork:RevUp+1","Clockwork:ChargingShield","Clockwork:CogBarrier","Clockwork:LiteraryArmor","Clockwork:HoardingStrike","Clockwork:CogToss","Clockwork:RitualDaggerMk0","Clockwork:ForgeStrike"],"relics":["Clockwork:MomentumEngine","NeowsBlessing","Whetstone","Lantern","Clockwork:QuicksilverHourglass","Bottled Lightning"],"acts_visited":["Exordium","TheCity"],"potions_floor_usage":[12,12,14,19,19,22],"damage_taken":[{"damage":0,"enemies":"Small Slimes","floor":1,"turns":1},{"damage":0,"enemies":"Cultist","floor":2,"turns":1},{"damage":0,"enemies":"2 Louse","floor":3,"turns":1},{"damage":8,"enemies":"Exordium Wildlife","floor":7,"turns":12},{"damage":14,"enemies":"2 Fungi Beasts","floor":11,"turns":5},{"damage":19,"enemies":"3 Sentries","floor":12,"turns":12},{"damage":18,"enemies":"Large Slime","floor":14,"turns":8},{"damage":51,"enemies":"The Guardian","floor":16,"turns":20},{"damage":13,"enemies":"Shell Parasite","floor":18,"turns":11},{"damage":69,"enemies":"Chosen","floor":19,"turns":13},{"damage":3,"enemies":"Snake Plant","floor":22,"turns":3}],"seed_played":"5185836459351336238","potions_obtained":[{"floor":1,"key":"Explosive Potion"},{"floor":2,"key":"Block Potion"},{"floor":12,"key":"SkillPotion"},{"floor":16,"key":"Ancient Potion"},{"floor":18,"key":"AttackPotion"}],"is_trial":false,"path_per_floor":["M","M","M","$","?","R","M","R","T","R","M","E","?","M","R","B",null,"M","M","$","?","M"],"character_chosen":"CLOCKWORK","items_purchased":["Clockwork:RevUp","Clockwork:ChargingShield","Bottled Lightning","Block Potion"],"campfire_rested":3,"item_purchase_floors":[4,4,20,20],"current_hp_per_floor":[85,85,85,85,74,85,77,85,85,85,71,52,52,34,59,8,85,72,3,3,3,0,0],"gold":5,"neow_bonus":"THREE_ENEMY_KILL","is_daily":false,"chose_seed":false,"campfire_upgraded":1,"win_rate":0.0,"timestamp":1608770244,"path_taken":["M","M","M","$","?","R","M","R","T","R","M","E","?","M","R","BOSS","M","M","$","?","M"],"items_purchased_type":["Card","Card","Relic","Potion"],"build_version":"2020-12-22","purchased_purges":0,"victory":false,"max_hp_per_floor":[85,85,85,85,85,85,85,85,85,85,85,85,85,85,85,85,85,85,85,85,85,85,85],"card_choices":[{"not_picked":["Clockwork:SystemScan","Clockwork:TimeOut"],"picked":"Clockwork:SmithsMallet","floor":1},{"not_picked":["Clockwork:StasisBreak","Clockwork:ChargingShield"],"picked":"Clockwork:CogBarrier","floor":2},{"not_picked":["Clockwork:ForgeStrike","Clockwork:SystemScan"],"picked":"Clockwork:Pluck","floor":3},{"not_picked":["Clockwork:Redundancy","Clockwork:Friction"],"picked":"Clockwork:CogBarrier","floor":7},{"not_picked":["Clockwork:SearingStrike","Clockwork:CogToss"],"picked":"Clockwork:LiteraryArmor","floor":11},{"not_picked":["Clockwork:CogBarrier","Clockwork:SiegeStrike"],"picked":"Clockwork:HoardingStrike","floor":12},{"not_picked":["Clockwork:TiltAWhirl","Clockwork:Minimalism"],"picked":"Clockwork:CogToss","floor":14},{"not_picked":["Clockwork:WindupStrike","Clockwork:Strangle"],"picked":"Clockwork:CraftQuicksilverHourglass","floor":16},{"not_picked":["Clockwork:CogShield","Clockwork:ReserveSystems"],"picked":"Clockwork:RitualDaggerMk0","floor":18},{"not_picked":["Clockwork:Redundancy","Clockwork:Enhance+1"],"picked":"Clockwork:ForgeStrike","floor":19}],"player_experience":224460,"relics_obtained":[{"floor":9,"key":"Whetstone"},{"floor":12,"key":"Lantern"}],"event_choices":[{"damage_healed":0,"gold_gain":75,"player_choice":"Gather Gold","damage_taken":11,"max_hp_gain":0,"max_hp_loss":0,"event_name":"World of Goop","floor":5,"gold_loss":0},{"cards_removed":["Iron Wave"],"damage_healed":0,"gold_gain":0,"player_choice":"Took Card","damage_taken":0,"max_hp_gain":0,"max_hp_loss":0,"event_name":"NoteForYourself","floor":13,"gold_loss":0,"cards_obtained":["Iron Wave"]}],"is_beta":false,"boss_relics":[{"not_picked":["Calling Bell","Astrolabe","Sozu"]}],"items_purged_floors":[],"is_endless":false,"potions_floor_spawned":[1,2,12,16,18],"killed_by":"Snake Plant","ascension_level":0}}