{"host":"ilxricga2547gmyy","time":1608819399,"event":{"mods":["AchievementEnabler","BaseMod","Minty Spire (QoL Compilation)","Quick Restart","StSLib"],"gold_per_floor":[99,99,99,99,99,99,99,69,69,69,69,69,20,20,20,20,20,20,20,20,20],"floor_reached":20,"playtime":895,"items_purged":[],"score":276,"play_id":"43f88cb6-2a29-426f-8b8f-5e13fad5d694","local_time":"20201224151639","is_ascension_mode":true,"campfire_choices":[{"data":"Clothesline","floor":6,"key":"SMITH"},{"floor":15,"key":"REST"}],"circlet_count":0,"master_deck":["Strike_R","Strike_R","Defend_R+1","Defend_R","Defend_R","Defend_R","Bash","Iron Wave","Feel No Pain","Clothesline+1","Havoc+1","Exhume+1","True Grit","Havoc","Wild Strike","Second Wind","Warcry","Pommel Strike","Corruption","Heavy Blade+1","Warcry+1","Fiend Fire+1","Intimidate","Infernal Blade+1"],"relics":["Ectoplasm","War Paint","Question Card","Blood Vial","Astrolabe"],"acts_visited":["Exordium","TheCity"],"potions_floor_usage":[7,11,11,16,16],"damage_taken":[{"damage":5,"enemies":"Small Slimes","floor":1,"turns":4},{"damage":1,"enemies":"Cultist","floor":2,"turns":3},{"damage":0,"enemies":"Jaw Worm","floor":3,"turns":3},{"damage":9,"enemies":"Blue Slaver","floor":4,"turns":3},{"damage":10,"enemies":"3 Louse","floor":5,"turns":5},{"damage":7,"enemies":"Gremlin Nob","floor":7,"turns":4},{"damage":0,"enemies":"Looter","floor":8,"turns":3},{"damage":7,"enemies":"Blue Slaver","floor":10,"turns":4},{"damage":11,"enemies":"3 Sentries","floor":11,"turns":7},{"damage":2,"enemies":"Exordium Thugs","floor":14,"turns":5},{"damage":40,"enemies":"Hexaghost","floor":16,"turns":15},{"damage":28,"enemies":"Chosen","floor":18,"turns":6},{"damage":16,"enemies":"3 Byrds","floor":19,"turns":7},{"damage":28,"enemies":"Cultist and Chosen","floor":20,"turns":6}],"seed_played":"-8042555714302665973","potions_obtained":[{"floor":4,"key":"CultistPotion"},{"floor":5,"key":"ColorlessPotion"},{"floor":10,"key":"CultistPotion"},{"floor":11,"key":"HeartOfIron"},{"floor":14,"key":"DuplicationPotion"}],"is_trial":false,"path_per_floor":["M","M","M","M","M","R","E","M","T","M","E","?","$","M","R","B",null,"M","M","M"],"character_chosen":"IRONCLAD","items_purchased":["Warcry"],"campfire_rested":1,"item_purchase_floors":[13],"current_hp_per_floor":[67,66,66,57,47,47,40,40,40,33,22,22,22,22,46,8,62,36,22,0,0],"gold":20,"neow_bonus":"BOSS_RELIC","is_daily":false,"chose_seed":false,"campfire_upgraded":1,"win_rate":0.0,"timestamp":1608819399,"path_taken":["M","M","M","M","M","R","E","M","T","M","E","?","$","?","R","BOSS","M","M","M"],"items_purchased_type":["Card"],"build_version":"2020-12-22","purchased_purges":0,"victory":false,"max_hp_per_floor":[80,80,80,80,80,80,80,80,80,80,80,80,80,80,80,80,80,80,80,80,80],"card_choices":[{"not_picked":["Havoc","Anger"],"picked":"Iron Wave","floor":1},{"not_picked":["Havoc","Entrench"],"picked":"Feel No Pain","floor":2},{"not_picked":["Anger","Pommel Strike"],"picked":"Clothesline","floor":3},{"not_picked":["Burning Pact","Heavy Blade"],"picked":"Havoc","floor":4},{"not_picked":["Pommel Strike","Second Wind"],"picked":"Exhume","floor":5},{"not_picked":["Armaments","Havoc"],"picked":"True Grit","floor":7},{"not_picked":["Flex","Warcry"],"picked":"Havoc","floor":8},{"not_picked":["Havoc","Rupture","Heavy Blade"],"picked":"Wild Strike","floor":10},{"not_picked":["Thunderclap","Demon Form","Reckless Charge"],"picked":"Second Wind","floor":11},{"not_picked":["Cleave","Dual Wield","Twin Strike"],"picked":"Pommel Strike","floor":14},{"not_picked":["Berserk","Brutality","Bludgeon"],"picked":"Corruption","floor":16},{"not_picked":["Sword Boomerang","Clothesline+1","Shockwave"],"picked":"Intimidate","floor":18},{"not_picked":["Clash","Metallicize","Twin Strike"],"picked":"Infernal Blade+1","floor":19}],"player_experience":247026,"relics_obtained":[{"floor":7,"key":"War Paint"},{"floor":9,"key":"Question Card"},{"floor":11,"key":"Blood Vial"}],"event_choices":[{"damage_healed":0,"gold_gain":0,"player_choice":"Upgraded","damage_taken":0,"max_hp_gain":0,"max_hp_loss":0,"event_name":"Upgrade Shrine","floor":12,"gold_loss":0,"cards_upgraded":["Exhume"]}],"is_beta":false,"boss_relics":[{"not_picked":["SacredBark","Pandora\u0027s Box"],"picked":"Astrolabe"}],"items_purged_floors":[],"is_endless":false,"potions_floor_spawned":[4,5,10,11,14],"killed_by":"Cultist and Chosen","ascension_level":9}}