{"host":"e87rn453naquue3h","time":1608847160,"event":{"mods":["AchievementEnabler","BaseMod","Downfall","Minty Spire (QoL Compilation)","StSLib"],"gold_per_floor":[99,119,130,145,165,265,336,186,205,205,305,322,347,347,361,465,465,465,465,465,65,75,104,104,137,157,157,67,79,92,120,135,233,233,158,169,169,183,183,183,206,285,297,297,324,324,324,74,84,84,84,118,68,68,68],"floor_reached":56,"playtime":5225,"items_purged":["champ:Strike","Regret"],"score":1282,"play_id":"8807cb77-2bb4-48b6-9b53-87cc687ef59e","local_time":"20201224165920","is_ascension_mode":false,"campfire_choices":[{"floor":1,"key":"RECALL"},{"floor":8,"key":"REST"},{"data":"champ:Lariat","floor":10,"key":"SMITH"},{"data":"champ:TornadoPunch","floor":18,"key":"SMITH"},{"data":"champ:RecklessLeap","floor":27,"key":"SMITH"},{"data":"champ:PerfectForm","floor":35,"key":"SMITH"},{"data":"champ:RecklessLeap","floor":40,"key":"SMITH"},{"data":"champ:Duel","floor":44,"key":"SMITH"},{"floor":47,"key":"REST"},{"floor":54,"key":"REST"}],"circlet_count":0,"master_deck":["champ:Strike+1","champ:Strike+1","champ:Defend+1","champ:Defend+1","champ:Defend+1","champ:Execute+1","champ:Taunt+1","champ:MurderStrike+1","champ:GladiatorsShout+1","champ:Lariat+1","champ:Riposte+1","champ:BringItOn+1","champ:TornadoPunch+1","champ:RisingSlash+1","champ:Circumvent+1","champ:StanceDance+1","champ:DefensiveShout+1","champ:ShieldSlam+1","champ:RecklessLeap+1","expansioncontent:ChargeUp+1","champ:CheapShot+1","champ:RecklessLeap+1","champ:DeathBlow+1","champ:Duel+1","champ:PerfectForm+1","Writhe","expansioncontent:PolyBeam+1","expansioncontent:BronzeBeam+1","expansioncontent:CaCaw+1"],"relics":["champ:ChampionCrown","CloakClasp","Bronze Scales","Snecko Eye","Nilry\u0027s Codex","PreservedInsect","Lee\u0027s Waffle","Gambling Chip","Mercury Hourglass","Meat on the Bone","champ:GladiatorsBookOfMartialProwess","Cursed Key","Pear","CeramicFish","Toolbox","Shuriken","Oddly Smooth Stone"],"acts_visited":["Exordium","TheCity","TheBeyond","TheEnding"],"potions_floor_usage":[16,23,23,23,28,31,32,33,52,55],"damage_taken":[{"damage":7,"enemies":"2 Louse","floor":2,"turns":4},{"damage":19,"enemies":"Jaw Worm","floor":3,"turns":7},{"damage":5,"enemies":"Small Slimes","floor":4,"turns":4},{"damage":39,"enemies":"Gremlin Gang","floor":5,"turns":5},{"damage":36,"enemies":"Gremlin Gang","floor":6,"turns":11},{"damage":0,"enemies":"2 Fungi Beasts","floor":9,"turns":3},{"damage":4,"enemies":"3 Louse","floor":12,"turns":2},{"damage":23,"enemies":"3 Sentries","floor":13,"turns":7},{"damage":5,"enemies":"Lots of Slimes","floor":15,"turns":3},{"damage":6,"enemies":"downfall:Silent","floor":16,"turns":8},{"damage":10,"enemies":"downfall:FleeingMerchant","floor":21,"turns":4},{"damage":15,"enemies":"Shell Parasite","floor":22,"turns":2},{"damage":15,"enemies":"Gremlin Leader","floor":23,"turns":4},{"damage":20,"enemies":"Book of Stabbing","floor":25,"turns":4},{"damage":7,"enemies":"3 Byrds","floor":26,"turns":2},{"damage":29,"enemies":"downfall:FleeingMerchant","floor":28,"turns":5},{"damage":15,"enemies":"Sentry and Sphere","floor":29,"turns":3},{"damage":35,"enemies":"Snecko","floor":30,"turns":2},{"damage":20,"enemies":"Slavers","floor":31,"turns":1},{"damage":40,"enemies":"Chosen and Byrds","floor":32,"turns":2},{"damage":106,"enemies":"downfall:Defect","floor":33,"turns":6},{"damage":35,"enemies":"Orb Walker","floor":36,"turns":2},{"damage":59,"enemies":"3 Darklings","floor":38,"turns":5},{"damage":67,"enemies":"downfall:FleeingMerchant","floor":42,"turns":2},{"damage":70,"enemies":"Spire Growth","floor":43,"turns":4},{"damage":58,"enemies":"Maw","floor":49,"turns":4},{"damage":88,"enemies":"downfall:Watcher","floor":50,"turns":4},{"damage":120,"enemies":"downfall:CharBossMerchant","floor":52,"turns":4},{"damage":233,"enemies":"downfall:NeowBoss","floor":55,"turns":20}],"seed_played":"-3191195207891596653","potions_obtained":[{"floor":3,"key":"Weak Potion"},{"floor":5,"key":"EntropicBrew"},{"floor":12,"key":"Dexterity Potion"},{"floor":23,"key":"Explosive Potion"},{"floor":29,"key":"SmokeBomb"},{"floor":30,"key":"Block Potion"},{"floor":31,"key":"PowerPotion"},{"floor":32,"key":"FairyPotion"},{"floor":43,"key":"Block Potion"}],"is_trial":false,"path_per_floor":["R","M","M","M","M","?","T","R","M","R","?","M","E","?","M","B",null,"R","?","?","$","M","E","T","E","M","R","$","M","M","E","M","B",null,"R","M","?","M","?","R","T","$","M","R","?","?","R","$","M","B",null,"E","$","R","B",null],"character_chosen":"THE_CHAMP","items_purchased":["expansioncontent:ChargeUp","PreservedInsect","Lee\u0027s Waffle","Toolbox","Shuriken","SteroidPotion"],"campfire_rested":3,"item_purchase_floors":[21,21,21,42,48,53],"current_hp_per_floor":[90,88,82,82,48,17,17,57,57,57,57,53,47,47,47,41,100,100,100,84,107,107,107,107,96,94,94,94,94,94,94,94,100,107,107,107,117,117,117,117,117,117,117,117,107,107,117,117,117,117,117,117,117,117,95],"gold":68,"neow_bonus":"ONE_RANDOM_RARE_CARD","is_daily":false,"chose_seed":false,"campfire_upgraded":6,"win_rate":0.0,"timestamp":1608847160,"path_taken":["R","M","M","M","M","?","T","R","M","R","?","M","E","?","M","BOSS","R","?","?","?","M","E","T","E","M","R","$","M","M","E","M","BOSS","R","M","?","M","?","R","T","$","M","R","?","?","R","$","M","BOSS","E","$","R","BOSS"],"items_purchased_type":["Card","Relic","Relic","Relic","Relic","Potion"],"build_version":"2020-12-22","purchased_purges":2,"victory":true,"max_hp_per_floor":[90,90,90,90,90,90,90,100,100,100,100,100,100,100,100,100,100,100,100,100,107,107,107,107,107,107,107,107,107,107,107,107,107,107,107,107,117,117,117,117,117,117,117,117,117,117,117,117,117,117,117,117,117,117,117],"card_choices":[{"not_picked":["champ:IronFortress","champ:GladiatorStyle"],"picked":"champ:GladiatorsShout","floor":2},{"not_picked":["champ:CrookedStrike","champ:ShieldWall"],"picked":"champ:Lariat","floor":3},{"not_picked":["champ:ViciousMockery","champ:Encircle"],"picked":"champ:Riposte","floor":4},{"not_picked":["champ:PerfectedStrike","champ:GladiatorsShout"],"picked":"champ:BringItOn","floor":5},{"not_picked":["champ:FanOfKnives","champ:GladiatorsShout"],"picked":"champ:TornadoPunch","floor":6},{"not_picked":["champ:DeathBlow","champ:ViciousMockery"],"picked":"champ:RisingSlash","floor":9},{"not_picked":["champ:Haymaker","champ:DefensiveShout"],"picked":"champ:Circumvent","floor":12},{"not_picked":["champ:BringItOn","champ:HeartStrike"],"picked":"champ:StanceDance","floor":13},{"not_picked":["champ:RapidStrikes","champ:BerserkersShout"],"picked":"champ:DefensiveShout","floor":15},{"not_picked":["champ:Devastate","champ:CrownThrow"],"picked":"champ:ShieldSlam","floor":16},{"not_picked":["champ:FightOn","champ:TornadoPunch"],"picked":"champ:RecklessLeap","floor":21},{"not_picked":["champ:FlashCut+1","champ:GladiatorsShout+1","champ:TornadoPunch"],"picked":"SKIP","floor":22},{"not_picked":["champ:Balance+1","champ:EnragedBash","champ:GladiatorsShout+1"],"picked":"SKIP","floor":23},{"not_picked":["champ:FanOfKnives","champ:PerfectedStrike+1"],"picked":"champ:CheapShot","floor":25},{"not_picked":["champ:AdrenalArmor","champ:PerfectedStrike"],"picked":"champ:RecklessLeap","floor":26},{"not_picked":["champ:EndlessRage","champ:Haymaker","champ:StanceDance"],"picked":"SKIP","floor":28},{"not_picked":["champ:GladiatorsShout","champ:Duel"],"picked":"champ:DeathBlow+1","floor":29},{"not_picked":["champ:BerserkersShout","champ:FanOfKnives+1"],"picked":"champ:Duel","floor":30},{"not_picked":["champ:SkillfulDodge","champ:BerserkerStyle","champ:DefensiveShout"],"picked":"SKIP","floor":31},{"not_picked":["champ:ViciousMockery","champ:EnGarde","champ:FlashCut"],"picked":"SKIP","floor":32},{"not_picked":["champ:ShieldThrow","champ:SteelEdge"],"picked":"champ:PerfectForm","floor":33},{"not_picked":["champ:BladeFlurry","champ:ViciousMockery","champ:FanOfKnives"],"picked":"SKIP","floor":36},{"not_picked":["champ:Haymaker","champ:BladeFlurry","champ:GutPunch"],"picked":"SKIP","floor":38},{"not_picked":["champ:FocusedGladiator","champ:GutPunch+1","champ:FanOfKnives"],"picked":"SKIP","floor":42},{"not_picked":["champ:FightOn","champ:AdrenalArmor","champ:FlashCut+1"],"picked":"SKIP","floor":43},{"not_picked":["expansioncontent:Hexaburn","expansioncontent:DefensiveStance"],"picked":"expansioncontent:PolyBeam","floor":45},{"not_picked":["expansioncontent:GoopSpray","expansioncontent:GuardianWhirl"],"picked":"expansioncontent:BronzeBeam","floor":45},{"not_picked":["expansioncontent:TimeRipple","expansioncontent:HyperBeam"],"picked":"expansioncontent:CaCaw","floor":45},{"not_picked":["champ:FaceSlap+1","champ:Riposte","champ:Duel"],"picked":"SKIP","floor":49},{"not_picked":["champ:AdrenalArmor+1","champ:GladiatorsShout","champ:GutPunch"],"picked":"SKIP","floor":52}],"player_experience":2383564,"relics_obtained":[{"floor":6,"key":"CloakClasp"},{"floor":13,"key":"Bronze Scales"},{"floor":20,"key":"Nilry\u0027s Codex"},{"floor":23,"key":"Gambling Chip"},{"floor":24,"key":"Mercury Hourglass"},{"floor":25,"key":"Meat on the Bone"},{"floor":31,"key":"champ:GladiatorsBookOfMartialProwess"},{"floor":37,"key":"Pear"},{"floor":41,"key":"CeramicFish"},{"floor":52,"key":"Oddly Smooth Stone"}],"event_choices":[{"cards_removed":["champ:Defend"],"damage_healed":0,"gold_gain":0,"player_choice":"Card Removal","damage_taken":0,"max_hp_gain":0,"max_hp_loss":0,"event_name":"The Cleric","floor":14,"gold_loss":0},{"damage_healed":0,"gold_gain":0,"player_choice":"Ignored","damage_taken":0,"max_hp_gain":0,"max_hp_loss":0,"event_name":"Ghosts","floor":19,"gold_loss":0},{"cards_removed":["champ:Strike"],"damage_healed":0,"gold_gain":0,"player_choice":"Removed Attack","damage_taken":0,"max_hp_gain":0,"max_hp_loss":0,"event_name":"Falling","floor":39,"gold_loss":0}],"is_beta":false,"boss_relics":[{"not_picked":["Black Star","SlaversCollar"],"picked":"Snecko Eye"},{"not_picked":["Calling Bell","Astrolabe"],"picked":"Cursed Key"}],"items_purged_floors":[28,42],"is_endless":false,"potions_floor_spawned":[3,5,12,15,23,26,29,30,31,32,43],"ascension_level":0}}