{"host":"lhth1efayex2023z","time":1608852091,"event":{"mods":["BaseMod","Colored Map","Googly Eyes","Minty Spire (QoL Compilation)","StSLib"],"gold_per_floor":[110,110,170,187,205,239,239,254,332,332,367,367,400,463,463,558,558,573,590,9,9,24,56,56,82,82,82,92,112,140,155,155,257,257,273,56,110,129,129,163,163,194,217,252,263,263,38,58,58,58],"floor_reached":51,"playtime":2195,"items_purged":["Strike_B","Biased Cognition"],"score":1436,"play_id":"b077536c-c69e-4804-be9f-76f1138449fa","local_time":"20201224162131","is_ascension_mode":true,"campfire_choices":[{"floor":7.0,"key":"REST"},{"data":"Zap","floor":10.0,"key":"SMITH"},{"floor":12.0,"key":"REST"},{"floor":15.0,"key":"REST"},{"floor":24.0,"key":"REST"},{"floor":27.0,"key":"REST"},{"data":"Loop","floor":32.0,"key":"SMITH"},{"data":"Loop","floor":41.0,"key":"SMITH"},{"data":"Thunder Strike","floor":49,"key":"SMITH"}],"circlet_count":0,"master_deck":["AscendersBane","Defend_B","Defend_B","Defend_B","Defend_B","Zap+1","Dualcast","Sweeping Beam","Redo+1","Coolheaded","Loop+1","Electrodynamics","BootSequence+1","Static Discharge","Genetic Algorithm","Loop+1","Auto Shields","Glacier","Echo Form","Static Discharge","Barrage+1","Static Discharge+1","Thunder Strike+1","Storm+1","Beam Cell","Stack+1","Reboot","Self Repair+1","Loop+1","Defragment+1"],"relics":["Cracked Core","Torii","Pantograph","Oddly Smooth Stone","Thread and Needle","Centennial Puzzle","Black Star","Lee\u0027s Waffle","HornCleat","Blood Vial","Kunai","Pen Nib","Boot","Cables","Letter Opener","Frozen Egg 2","Inserter","Happy Flower","Mango","Pear","Blue Candle","Unceasing Top","Orichalcum","Regal Pillow","Vajra","White Beast Statue"],"acts_visited":["Exordium","TheCity","TheBeyond"],"potions_floor_usage":[42,44,50,50],"damage_taken":[{"damage":7.0,"enemies":"2 Louse","floor":1.0,"turns":2.0},{"damage":2.0,"enemies":"Jaw Worm","floor":4.0,"turns":3.0},{"damage":0.0,"enemies":"Cultist","floor":5.0,"turns":3.0},{"damage":13.0,"enemies":"Lagavulin","floor":6.0,"turns":5.0},{"damage":1.0,"enemies":"2 Fungi Beasts","floor":8.0,"turns":2.0},{"damage":10.0,"enemies":"3 Sentries","floor":11.0,"turns":3.0},{"damage":16.0,"enemies":"Gremlin Nob","floor":13.0,"turns":3.0},{"damage":25.0,"enemies":"Gremlin Nob","floor":14.0,"turns":4.0},{"damage":24.0,"enemies":"Slime Boss","floor":16.0,"turns":8.0},{"damage":26.0,"enemies":"2 Thieves","floor":18.0,"turns":3.0},{"damage":1.0,"enemies":"Shell Parasite","floor":19.0,"turns":4.0},{"damage":39.0,"enemies":"Snecko","floor":22.0,"turns":6.0},{"damage":30.0,"enemies":"Book of Stabbing","floor":23.0,"turns":6.0},{"damage":16.0,"enemies":"Gremlin Leader","floor":25.0,"turns":6.0},{"damage":0.0,"enemies":"Chosen and Byrds","floor":28.0,"turns":8.0},{"damage":1.0,"enemies":"Snake Plant","floor":29.0,"turns":4.0},{"damage":23.0,"enemies":"Slavers","floor":30.0,"turns":3.0},{"damage":1.0,"enemies":"Cultist and Chosen","floor":31.0,"turns":4.0},{"damage":33.0,"enemies":"Collector","floor":33.0,"turns":10.0},{"damage":0.0,"enemies":"Orb Walker","floor":35.0,"turns":4.0},{"damage":33.0,"enemies":"2 Orb Walkers","floor":37.0,"turns":4.0},{"damage":11.0,"enemies":"3 Darklings","floor":38.0,"turns":4.0},{"damage":15.0,"enemies":"Nemesis","floor":40.0,"turns":5.0},{"damage":27,"enemies":"Reptomancer","floor":42,"turns":4},{"damage":0,"enemies":"Nemesis","floor":44,"turns":5},{"damage":24,"enemies":"Spire Growth","floor":45,"turns":4},{"damage":12,"enemies":"Jaw Worm Horde","floor":48,"turns":4},{"damage":42,"enemies":"Time Eater","floor":50,"turns":8}],"seed_played":"-2434200189323355357","potions_obtained":[{"floor":4.0,"key":"Energy Potion"},{"floor":6.0,"key":"CultistPotion"},{"floor":8.0,"key":"Fire Potion"},{"floor":18.0,"key":"Energy Potion"},{"floor":19.0,"key":"Swift Potion"},{"floor":23.0,"key":"Weak Potion"},{"floor":30.0,"key":"Fruit Juice"},{"floor":38.0,"key":"SteroidPotion"},{"floor":42,"key":"SpeedPotion"},{"floor":45,"key":"PotionOfCapacity"},{"floor":48,"key":"Swift Potion"}],"is_trial":false,"path_per_floor":["M","?","?","M","M","E","R","M","T","R","E","R","E","?","R","B",null,"M","M","$","?","M","E","R","E","T","R","M","M","E","M","R","B",null,"M","$","?","M","?","E","R","E","T","E","M","?","$","M","R","B",null],"character_chosen":"DEFECT","items_purchased":["Genetic Algorithm","Lee\u0027s Waffle","Loop","HornCleat","Storm+1","Happy Flower","Loop+1","Block Potion"],"campfire_rested":5,"item_purchase_floors":[20,20,20,20,36,36,47,47],"current_hp_per_floor":[43,28,28,26,26,13,35,34,34,34,24,46,30,5,27,28,63,37,36,82,82,43,13,37,23,23,47,49,50,34,35,35,29,73,75,75,58,49,49,46,46,21,21,23,1,111,111,109,109,79],"gold":58,"neow_bonus":"TRANSFORM_TWO_CARDS","is_daily":false,"chose_seed":false,"campfire_upgraded":4,"win_rate":0.0,"timestamp":1608852091,"path_taken":["M","?","?","M","M","E","R","M","T","R","E","R","E","?","R","BOSS","M","M","$","?","M","E","R","E","T","R","M","M","E","M","R","BOSS","M","$","?","M","?","E","R","E","T","E","?","?","?","?","R","BOSS"],"items_purchased_type":["Card","Relic","Card","Relic","Card","Relic","Card","Potion"],"build_version":"2020-12-22","purchased_purges":2,"victory":true,"max_hp_per_floor":[75,75,75,75,75,75,75,75,75,75,75,75,75,75,75,75,75,75,75,82,82,82,82,82,82,82,82,82,82,87,87,87,87,87,87,87,101,101,101,111,111,111,111,111,111,111,111,111,111,111],"card_choices":[{"not_picked":["Steam","Compile Driver"],"picked":"Redo","floor":1.0},{"not_picked":["Rip and Tear","Redo"],"picked":"Coolheaded","floor":4.0},{"not_picked":["Doom and Gloom","Streamline","Stack"],"picked":"SKIP","floor":5.0},{"not_picked":["Redo","Amplify"],"picked":"Loop","floor":6.0},{"not_picked":["Sunder","Stack","Beam Cell"],"picked":"SKIP","floor":8.0},{"not_picked":["Gash","Cold Snap"],"picked":"Biased Cognition","floor":11.0},{"not_picked":["Ball Lightning","Compile Driver"],"picked":"Capacitor","floor":13.0},{"not_picked":["Reboot","Seek"],"picked":"Electrodynamics","floor":16.0},{"not_picked":["Compile Driver","Streamline"],"picked":"BootSequence+1","floor":18.0},{"not_picked":["Streamline","Compile Driver"],"picked":"Static Discharge","floor":19.0},{"not_picked":["Compile Driver","Steam+1"],"picked":"Auto Shields","floor":22.0},{"not_picked":["Aggregate","Barrage"],"picked":"Glacier","floor":23.0},{"not_picked":["Gash","Compile Driver"],"picked":"Echo Form","floor":25.0},{"not_picked":["Beam Cell","Gash","FTL"],"picked":"SKIP","floor":28.0},{"not_picked":["Rebound","Melter"],"picked":"Static Discharge","floor":29.0},{"not_picked":["Beam Cell","Cold Snap"],"picked":"Barrage+1","floor":30.0},{"not_picked":["Leap","Chill"],"picked":"Static Discharge+1","floor":31.0},{"not_picked":["Electrodynamics+1","Seek"],"picked":"Thunder Strike","floor":33.0},{"not_picked":["Barrage","Coolheaded","Sunder+1"],"picked":"SKIP","floor":35.0},{"not_picked":["Reprogram","Reinforced Body","Barrage"],"picked":"SKIP","floor":38.0},{"not_picked":["Go for the Eyes","Chill+1","Conserve Battery"],"picked":"SKIP","floor":40.0},{"not_picked":["Redo","Electrodynamics+1"],"picked":"Stack+1","floor":42},{"not_picked":["Doom and Gloom","Compile Driver","Reboot"],"picked":"SKIP","floor":44},{"not_picked":["Doom and Gloom","Compile Driver"],"picked":"Reboot","floor":44},{"not_picked":["Streamline","Ball Lightning"],"picked":"Self Repair+1","floor":45},{"not_picked":["Undo","Go for the Eyes"],"picked":"Defragment+1","floor":48}],"player_experience":390393,"relics_obtained":[{"floor":6.0,"key":"Torii"},{"floor":9.0,"key":"Pantograph"},{"floor":11.0,"key":"Oddly Smooth Stone"},{"floor":13.0,"key":"Thread and Needle"},{"floor":14.0,"key":"Centennial Puzzle"},{"floor":23.0,"key":"Blood Vial"},{"floor":23.0,"key":"Kunai"},{"floor":25.0,"key":"Pen Nib"},{"floor":25.0,"key":"Boot"},{"floor":26.0,"key":"Cables"},{"floor":30.0,"key":"Letter Opener"},{"floor":30.0,"key":"Frozen Egg 2"},{"floor":37.0,"key":"Mango"},{"floor":40.0,"key":"Pear"},{"floor":40.0,"key":"Blue Candle"},{"floor":42,"key":"Unceasing Top"},{"floor":42,"key":"Orichalcum"},{"floor":43,"key":"Regal Pillow"},{"floor":44,"key":"Vajra"},{"floor":44,"key":"White Beast Statue"}],"event_choices":[{"damage_healed":0.0,"max_hp_gain":0.0,"max_hp_loss":0.0,"gold_gain":0.0,"event_name":"Shining Light","player_choice":"Entered Light","floor":2.0,"gold_loss":0.0,"damage_taken":15.0,"cards_upgraded":["Doom and Gloom","Redo"]},{"damage_healed":0.0,"max_hp_gain":0.0,"max_hp_loss":0.0,"gold_gain":60.0,"event_name":"Golden Wing","player_choice":"Gained Gold","floor":3.0,"gold_loss":0.0,"damage_taken":0.0},{"damage_healed":0.0,"max_hp_gain":0.0,"max_hp_loss":0.0,"gold_gain":30.0,"event_name":"Dead Adventurer","player_choice":"Searched \u00272\u0027 times","floor":14.0,"gold_loss":0.0,"damage_taken":0.0},{"cards_removed":["Strike_B"],"damage_healed":0.0,"max_hp_gain":0.0,"max_hp_loss":0.0,"gold_gain":0.0,"event_name":"Purifier","player_choice":"Purged","floor":21.0,"gold_loss":0.0,"damage_taken":0.0},{"damage_healed":0.0,"max_hp_gain":0.0,"max_hp_loss":0.0,"gold_gain":0.0,"event_name":"Mysterious Sphere","player_choice":"Fight","floor":37.0,"gold_loss":0.0,"damage_taken":0.0},{"damage_healed":0.0,"max_hp_gain":0.0,"max_hp_loss":0.0,"gold_gain":0.0,"cards_transformed":["Capacitor"],"event_name":"Transmorgrifier","player_choice":"Transformed","floor":39.0,"gold_loss":0.0,"damage_taken":0.0,"cards_obtained":["Beam Cell"]},{"cards_removed":["Doom and Gloom"],"damage_healed":110,"gold_gain":0,"player_choice":"Offered Uncommon","damage_taken":0,"max_hp_gain":0,"max_hp_loss":0,"event_name":"Bonfire Elementals","floor":46,"gold_loss":0}],"is_beta":false,"boss_relics":[{"not_picked":["Runic Dome","Astrolabe"],"picked":"Black Star"},{"not_picked":["Busted Crown","Pandora\u0027s Box"],"picked":"Inserter"}],"items_purged_floors":[20,47],"is_endless":false,"potions_floor_spawned":[4,6,8,18,19,23,30,38,42,45,48],"ascension_level":12}}