{"host":"2n2g1vowfllvjtvi","time":1608819918,"event":{"mods":["AchievementEnabler","BaseMod","Custom Start","GifTheSpireLib","Keyboard Shortcuts","Minty Spire (QoL Compilation)","Quick Restart","Rare Cards Sparkle","StSLib","SuperFastMode"],"gold_per_floor":[115,115,5,20,20,55,55,68,94,120,120,130,161,179,179,256,256,268,268,19,19,19,19,30,30,55,72,82,100,114,146,146,220,220,235,86,102,127,2,2,13,13,38,38,53,53,53,2,2,2,2,2,2,29,29,29],"floor_reached":55,"playtime":1811,"items_purged":["Strike_G","Strike_G","Defend_G"],"score":1321,"play_id":"74857903-491e-4aff-bcd0-1aead6bd9b4f","local_time":"20201224232518","is_ascension_mode":true,"campfire_choices":[{"data":"Footwork","floor":7.0,"key":"SMITH"},{"data":"Neutralize","floor":11.0,"key":"SMITH"},{"data":"Bouncing Flask","floor":15.0,"key":"SMITH"},{"data":"Calculated Gamble","floor":23.0,"key":"SMITH"},{"data":"Leg Sweep","floor":25.0,"key":"SMITH"},{"data":"Noxious Fumes","floor":32.0,"key":"SMITH"},{"data":"Burst","floor":40.0,"key":"SMITH"},{"data":"Adrenaline","floor":42.0,"key":"SMITH"},{"data":"Adrenaline","floor":47.0,"key":"SMITH"},{"floor":49.0,"key":"RECALL"},{"data":"PiercingWail","floor":52,"key":"SMITH"}],"circlet_count":0,"master_deck":["AscendersBane","Defend_G","Defend_G","Survivor","Neutralize+1","Footwork+1","Heel Hook","Deadly Poison","Dash","Escape Plan","Bouncing Flask+1","Calculated Gamble+1","After Image","Crippling Poison+1","Deflect+1","Leg Sweep+1","Burst+1","Backflip","Noxious Fumes+1","Adrenaline+1","PiercingWail+1","Adrenaline+1","Night Terror"],"relics":["Ring of the Snake","NeowsBlessing","Bronze Scales","Toy Ornithopter","Eternal Feather","Centennial Puzzle","Astrolabe","PreservedInsect","Bag of Marbles","Question Card","Philosopher\u0027s Stone","Medical Kit","Calipers","Potion Belt","Pear"],"acts_visited":["Exordium","TheCity","TheBeyond","TheEnding"],"potions_floor_usage":[55],"damage_taken":[{"damage":0.0,"enemies":"2 Louse","floor":1.0,"turns":1.0},{"damage":0.0,"enemies":"Cultist","floor":4.0,"turns":1.0},{"damage":0.0,"enemies":"Lagavulin","floor":6.0,"turns":1.0},{"damage":0.0,"enemies":"Jaw Worm","floor":8.0,"turns":3.0},{"damage":4.0,"enemies":"3 Sentries","floor":10.0,"turns":14.0},{"damage":4.0,"enemies":"Large Slime","floor":12.0,"turns":6.0},{"damage":7.0,"enemies":"Lagavulin","floor":13.0,"turns":5.0},{"damage":0.0,"enemies":"Blue Slaver","floor":14.0,"turns":4.0},{"damage":29.0,"enemies":"The Guardian","floor":16.0,"turns":8.0},{"damage":2.0,"enemies":"2 Thieves","floor":18.0,"turns":4.0},{"damage":3.0,"enemies":"3 Byrds","floor":24.0,"turns":3.0},{"damage":7.0,"enemies":"Shelled Parasite and Fungi","floor":27.0,"turns":5.0},{"damage":1.0,"enemies":"Snake Plant","floor":28.0,"turns":4.0},{"damage":7.0,"enemies":"Snecko","floor":29.0,"turns":5.0},{"damage":4.0,"enemies":"Sentry and Sphere","floor":30.0,"turns":5.0},{"damage":0.0,"enemies":"Gremlin Leader","floor":31.0,"turns":4.0},{"damage":14.0,"enemies":"Automaton","floor":33.0,"turns":11.0},{"damage":5.0,"enemies":"3 Shapes","floor":35.0,"turns":4.0},{"damage":1.0,"enemies":"3 Darklings","floor":37.0,"turns":5.0},{"damage":6.0,"enemies":"Mind Bloom Boss Battle","floor":38.0,"turns":6.0},{"damage":10.0,"enemies":"Spire Growth","floor":41.0,"turns":5.0},{"damage":0.0,"enemies":"Writhing Mass","floor":45.0,"turns":5.0},{"damage":0,"enemies":"Awakened One","floor":50,"turns":18},{"damage":5,"enemies":"Shield and Spear","floor":54,"turns":6},{"damage":77,"enemies":"The Heart","floor":55,"turns":6}],"seed_played":"-7006452455345081150","potions_obtained":[{"floor":1.0,"key":"LiquidBronze"},{"floor":4.0,"key":"LiquidMemories"},{"floor":8.0,"key":"SkillPotion"},{"floor":27.0,"key":"Fire Potion"},{"floor":28.0,"key":"CultistPotion"},{"floor":30.0,"key":"Explosive Potion"},{"floor":33.0,"key":"Energy Potion"},{"floor":37.0,"key":"Strength Potion"},{"floor":41.0,"key":"SpeedPotion"}],"is_trial":false,"path_per_floor":["M","?","$","M","?","E","R","M","T","E","R","M","E","M","R","B",null,"M","?","$","?","?","R","M","R","T","M","M","M","M","E","R","B",null,"M","$","M","?","$","R","M","R","T","T","M","?","R","$","R","B",null,"R","$","E","B"],"character_chosen":"THE_SILENT","items_purchased":["Heel Hook","PreservedInsect","Medical Kit","Energy Potion"],"campfire_rested":0,"item_purchase_floors":[3,20,36,48],"current_hp_per_floor":[59,59,59,59,59,59,59,59,59,60,66,62,59,59,66,37,59,57,39,39,39,39,48,45,54,54,47,46,39,35,45,57,43,64,64,64,63,57,57,69,59,71,71,71,71,67,67,67,67,67,67,67,67,72,0,0],"gold":29,"neow_bonus":"THREE_ENEMY_KILL","is_daily":false,"chose_seed":false,"campfire_upgraded":10,"win_rate":0.0,"timestamp":1608819918,"path_taken":["M","?","?","M","?","E","R","?","T","E","R","M","E","M","R","BOSS","M","?","$","?","?","R","M","R","T","M","M","M","M","E","R","BOSS","M","?","?","?","$","R","M","R","T","?","?","?","R","?","R","BOSS","R","$","E","BOSS"],"items_purchased_type":["Card","Relic","Relic","Potion"],"build_version":"2020-12-22","purchased_purges":3,"victory":false,"max_hp_per_floor":[66,66,66,66,66,66,66,66,66,66,66,66,66,66,66,66,66,66,71,71,71,71,71,71,71,71,71,71,71,71,71,71,71,71,71,71,71,71,71,71,71,71,71,71,71,67,67,67,67,67,67,67,67,77,77,77],"card_choices":[{"not_picked":["Choke","PiercingWail"],"picked":"Footwork","floor":1.0},{"not_picked":["Masterful Stab","Blade Dance"],"picked":"Deadly Poison","floor":4.0},{"not_picked":["Night Terror","Sucker Punch"],"picked":"Dash","floor":6.0},{"not_picked":["Deflect","Slice"],"picked":"Escape Plan","floor":8.0},{"not_picked":["Choke","PiercingWail","Backflip"],"picked":"SKIP","floor":10.0},{"not_picked":["Sucker Punch","Backflip"],"picked":"Bouncing Flask","floor":12.0},{"not_picked":["Acrobatics","Slice"],"picked":"Calculated Gamble","floor":13.0},{"not_picked":["Quick Slash","Deflect","Poisoned Stab"],"picked":"SKIP","floor":14.0},{"not_picked":["Glass Knife","Doppelganger"],"picked":"After Image","floor":16.0},{"not_picked":["Flying Knee","Blade Dance","Dodge and Roll"],"picked":"SKIP","floor":18.0},{"not_picked":["Cloak And Dagger","Caltrops"],"picked":"Leg Sweep","floor":24.0},{"not_picked":["Dagger Throw","Acrobatics","Bane"],"picked":"SKIP","floor":27.0},{"not_picked":["Accuracy","Distraction"],"picked":"Burst","floor":28.0},{"not_picked":["Skewer","Poisoned Stab"],"picked":"Backflip","floor":29.0},{"not_picked":["Slice","Choke"],"picked":"Noxious Fumes","floor":30.0},{"not_picked":["Poisoned Stab","Dodge and Roll","Underhanded Strike"],"picked":"SKIP","floor":31.0},{"not_picked":["Doppelganger","Bullet Time","Grand Finale"],"picked":"Adrenaline","floor":33.0},{"not_picked":["Accuracy","Expertise+1","Caltrops","Blade Dance"],"picked":"SKIP","floor":35.0},{"not_picked":["Accuracy","Expertise+1","Caltrops","Blade Dance"],"picked":"SKIP","floor":35.0},{"not_picked":["Acrobatics","Dodge and Roll+1","Quick Slash+1"],"picked":"PiercingWail","floor":37.0},{"not_picked":["Predator+1","Slice","Well Laid Plans"],"picked":"Adrenaline","floor":41.0},{"not_picked":["Poisoned Stab","Endless Agony","Quick Slash","Skewer"],"picked":"SKIP","floor":45.0},{"not_picked":["Dodge and Roll","Deflect","Prepared"],"picked":"Night Terror","floor":54}],"player_experience":443395,"relics_obtained":[{"floor":6.0,"key":"Bronze Scales"},{"floor":9.0,"key":"Toy Ornithopter"},{"floor":10.0,"key":"Eternal Feather"},{"floor":13.0,"key":"Centennial Puzzle"},{"floor":26.0,"key":"Bag of Marbles"},{"floor":31.0,"key":"Question Card"},{"floor":38.0,"key":"Calipers"},{"floor":43.0,"key":"Potion Belt"},{"floor":54,"key":"Pear"}],"event_choices":[{"cards_removed":["Defend_G"],"damage_healed":0.0,"max_hp_gain":0.0,"max_hp_loss":0.0,"gold_gain":0.0,"event_name":"Purifier","player_choice":"Purged","floor":2.0,"gold_loss":0.0,"damage_taken":0.0},{"damage_healed":0.0,"max_hp_gain":0.0,"max_hp_loss":0.0,"gold_gain":0.0,"event_name":"Scrap Ooze","player_choice":"Fled","floor":5.0,"gold_loss":0.0,"damage_taken":0.0},{"damage_healed":0.0,"max_hp_gain":5.0,"max_hp_loss":0.0,"gold_gain":0.0,"event_name":"Forgotten Altar","player_choice":"Shed Blood","floor":19.0,"gold_loss":0.0,"damage_taken":23.0},{"cards_removed":["Defend_G"],"damage_healed":0.0,"max_hp_gain":0.0,"max_hp_loss":0.0,"gold_gain":0.0,"event_name":"Back to Basics","player_choice":"Elegance","floor":21.0,"gold_loss":0.0,"damage_taken":0.0},{"cards_removed":["Dagger Spray"],"damage_healed":0.0,"max_hp_gain":0.0,"max_hp_loss":0.0,"gold_gain":0.0,"event_name":"Purifier","player_choice":"Purged","floor":22.0,"gold_loss":0.0,"damage_taken":0.0},{"damage_healed":0.0,"max_hp_gain":0.0,"max_hp_loss":0.0,"gold_gain":0.0,"event_name":"MindBloom","player_choice":"Fight","floor":38.0,"gold_loss":0.0,"damage_taken":0.0},{"damage_healed":0.0,"max_hp_gain":0.0,"max_hp_loss":4.0,"gold_gain":0.0,"event_name":"Winding Halls","player_choice":"Max HP","floor":46.0,"gold_loss":0.0,"damage_taken":0.0}],"is_beta":false,"boss_relics":[{"not_picked":["Ectoplasm","Black Star"],"picked":"Astrolabe"},{"not_picked":["WristBlade","SacredBark"],"picked":"Philosopher\u0027s Stone"}],"items_purged_floors":[3,20,39],"is_endless":false,"potions_floor_spawned":[1,4,8,27,28,30,33,37,41],"killed_by":"The Heart","ascension_level":15}}