{"host":"so437kwitdq4epbi","time":1608780849,"event":{"mods":["AchievementEnabler","BaseMod","Decade(王小明)","Lobotomy","LobotomyExtend","Minty Spire (QoL Compilation)","Quick Restart","Replay The Spire","StSLib","The Bladedancer","The Necromancer","Yuyuko","[IsaacMod]以撒尖塔","vexMod"],"gold_per_floor":[119,138,148,159,178,207,207,237,237,237,264,264,284,302,302,404,404,415,390,406,406,114,140,154,172,172,187,205,218,10,21,21,123,123,137,150,150,96,96,96,96],"floor_reached":40,"playtime":3972,"items_purged":[],"score":459,"play_id":"94c97fd1-7cd0-4daf-baba-621a566d51ea","local_time":"20201224113409","is_ascension_mode":false,"campfire_choices":[{"data":"blademaster:AirSlash","floor":7.0,"key":"SMITH"},{"floor":12.0,"key":"REST"},{"floor":15.0,"key":"REST"},{"floor":32.0,"key":"REST"}],"circlet_count":0,"master_deck":["blademaster:Strike","blademaster:Strike","blademaster:Strike+1","blademaster:Strike","blademaster:Defend","blademaster:Defend","blademaster:Defend+1","blademaster:Defend","blademaster:RagingBlow+1","blademaster:HighVoltage","blademaster:KiBarrier","blademaster:Cut","blademaster:Bloodbath","blademaster:Gust","blademaster:AirSlash+1","blademaster:Sharpen","blademaster:AwakeningStrike","blademaster:AspectOfWind","blademaster:Frontflip","blademaster:EnchantedCuirass","blademaster:Blindside","blademaster:CombatPrep","blademaster:ThreePointStrike","blademaster:LightningCrash","blademaster:LeechingStrike+1","J.A.X.","blademaster:Flash","Apotheosis","Madness","blademaster:AspectOfLightning","blademaster:SharpBlades","blademaster:AirSlash","blademaster:Thrust","blademaster:FuriousStrike","blademaster:Flurry","blademaster:Quickstep","blademaster:Empower","blademaster:LightningDraw","blademaster:ParryingStrike+1","blademaster:EyeOfTheStorm+1","blademaster:ThunderSlash"],"relics":["HushsDoor","D4","Ring of the Snake","ReplayTheSpireMod:Lightbulb","FossilizedHelix","ReplayTheSpireMod:ShopPack","TheBible","ChewingGum","SlaversCollar","Simple Rune","Strawberry","LetterFromLob","Vajra","Bird Faced Urn"],"acts_visited":["Exordium","TheCity","TheBeyond"],"potions_floor_usage":[],"damage_taken":[{"damage":1.0,"enemies":"Jaw Worm","floor":1.0,"turns":2.0},{"damage":2.0,"enemies":"2 Louse","floor":2.0,"turns":3.0},{"damage":1.0,"enemies":"Small Slimes","floor":3.0,"turns":5.0},{"damage":6.0,"enemies":"2 Fungi Beasts","floor":4.0,"turns":5.0},{"damage":1.0,"enemies":"3 Louse","floor":5.0,"turns":3.0},{"damage":11.0,"enemies":"Lagavulin","floor":6.0,"turns":7.0},{"damage":10.0,"enemies":"3 Sentries","floor":8.0,"turns":5.0},{"damage":19.0,"enemies":"Lagavulin","floor":11.0,"turns":5.0},{"damage":1.0,"enemies":"Gremlin Gang","floor":13.0,"turns":5.0},{"damage":1.0,"enemies":"Red Slaver","floor":14.0,"turns":3.0},{"damage":44.0,"enemies":"Slime Boss","floor":16.0,"turns":11.0},{"damage":5.0,"enemies":"Spheric Guardian","floor":18.0,"turns":4.0},{"damage":1.0,"enemies":"2 Thieves","floor":20.0,"turns":4.0},{"damage":13.0,"enemies":"Replay:Snechameleon","floor":23.0,"turns":5.0},{"damage":0.0,"enemies":"Centurion and Healer","floor":24.0,"turns":4.0},{"damage":8.0,"enemies":"Shelled Parasite and Fungi","floor":25.0,"turns":3.0},{"damage":44.0,"enemies":"Snecko","floor":27.0,"turns":7.0},{"damage":18.0,"enemies":"3 Cultists","floor":28.0,"turns":5.0},{"damage":14.0,"enemies":"Centurion and Healer","floor":29.0,"turns":6.0},{"damage":0.0,"enemies":"Cultist and Chosen","floor":31.0,"turns":3.0},{"damage":12,"enemies":"Automaton","floor":33,"turns":6},{"damage":0,"enemies":"Orb Walker","floor":35,"turns":4},{"damage":0,"enemies":"3 Shapes","floor":36,"turns":4},{"damage":86,"enemies":"Reptomancer","floor":40,"turns":3}],"seed_played":"5249684310410526831","potions_obtained":[{"floor":2.0,"key":"Adrenaline Potion"},{"floor":11.0,"key":"LifebloodPotion"},{"floor":13.0,"key":"Venom Potion"},{"floor":16.0,"key":"Dexterity Potion"},{"floor":18.0,"key":"Explosive Potion"},{"floor":23.0,"key":"DuplicationPotion"},{"floor":25.0,"key":"Elixir"}],"is_trial":false,"path_per_floor":["M","M","M","M","M","E","R","E","T","?","E","R","M","M","R","B",null,"M","?","M","?","$","E","M","M","T","M","M","M","$","M","R","B",null,"M","M","?","$","?","E"],"character_chosen":"THE_BLADEMASTER","items_purchased":["Simple Rune","blademaster:Flash","Vajra","blademaster:Quickstep","blademaster:ThunderSlash"],"campfire_rested":3,"item_purchase_floors":[22,22,30,30,38],"current_hp_per_floor":[74,72,71,65,64,53,53,43,43,43,24,46,45,44,66,22,75,75,75,74,74,74,68,75,76,76,32,19,10,10,10,34,31,82,82,82,82,82,82,0,0],"gold":96,"neow_bonus":"RANDOM_EVENT","is_daily":false,"chose_seed":false,"campfire_upgraded":1,"win_rate":0.0,"timestamp":1608780849,"path_taken":["M","M","M","M","M","E","R","E","T","?","E","R","M","M","R","BOSS","M","?","M","?","$","E","M","M","T","M","M","?","?","M","R","BOSS","M","M","?","$","?","E"],"items_purchased_type":["Relic","Card","Relic","Card","Card"],"build_version":"2020-12-22","purchased_purges":0,"victory":false,"max_hp_per_floor":[75,75,75,75,75,75,75,75,75,75,75,75,75,75,75,75,75,75,75,75,75,75,82,82,82,82,82,82,82,82,82,82,82,82,82,82,82,82,82,82,82],"card_choices":[{"not_picked":[],"picked":"Bomb","floor":0.0},{"not_picked":["blademaster:Flurry","blademaster:AwakeningDefend"],"picked":"blademaster:KiBarrier","floor":1.0},{"not_picked":["blademaster:Discharge","blademaster:Slice"],"picked":"blademaster:Cut","floor":2.0},{"not_picked":["blademaster:Frontflip","blademaster:AwakeningDefend"],"picked":"blademaster:Bloodbath","floor":3.0},{"not_picked":["blademaster:DragonStrike","blademaster:Blockade"],"picked":"blademaster:Gust","floor":4.0},{"not_picked":["blademaster:FuriousStrike","blademaster:LeechingStrike"],"picked":"blademaster:AirSlash","floor":5.0},{"not_picked":["blademaster:ThunderSlash","blademaster:Meditate"],"picked":"blademaster:Sharpen","floor":6.0},{"not_picked":["blademaster:Momentum","blademaster:IcyWind"],"picked":"blademaster:AwakeningStrike","floor":8.0},{"not_picked":["blademaster:DancingEdge","blademaster:AirSlash"],"picked":"blademaster:AspectOfWind","floor":11.0},{"not_picked":["blademaster:WindSlash","blademaster:Sunder"],"picked":"blademaster:Frontflip","floor":13.0},{"not_picked":["blademaster:BladeMastery","blademaster:Overcharge"],"picked":"blademaster:EnchantedCuirass","floor":14.0},{"not_picked":["blademaster:EnchantedCuirass","blademaster:FuryOfTheElements"],"picked":"blademaster:Blindside","floor":16.0},{"not_picked":["blademaster:AspectOfLightning","blademaster:Frenzy"],"picked":"blademaster:CombatPrep","floor":18.0},{"not_picked":["blademaster:Frontflip","blademaster:LeechingStrike"],"picked":"blademaster:ThreePointStrike","floor":18.0},{"not_picked":["blademaster:Vortex","blademaster:ParryingStrike"],"picked":"blademaster:LightningCrash","floor":20.0},{"not_picked":["blademaster:Sunder","blademaster:Sharpen"],"picked":"blademaster:LeechingStrike+1","floor":20.0},{"not_picked":["ReplayTheSpireMod:Necrogeddon","Magnetism"],"picked":"Apotheosis","floor":22.0},{"not_picked":["ReplayTheSpireMod:Uncanny Aura","Finesse"],"picked":"Bomb","floor":22.0},{"not_picked":["Good Instincts","Specialist"],"picked":"Madness","floor":22.0},{"not_picked":["blademaster:AspectOfWind","blademaster:DaggerAndCloak"],"picked":"blademaster:AspectOfLightning","floor":23.0},{"not_picked":["blademaster:Stormstrike","blademaster:HighVoltage"],"picked":"blademaster:SharpBlades","floor":24.0},{"not_picked":["blademaster:Safeguard+1","blademaster:FuriousStrike"],"picked":"blademaster:AirSlash","floor":25.0},{"not_picked":["blademaster:Slice+1","blademaster:ChargingUp"],"picked":"blademaster:Thrust","floor":27.0},{"not_picked":["blademaster:Discharge+1","blademaster:CombatPrep"],"picked":"blademaster:FuriousStrike","floor":28.0},{"not_picked":["blademaster:BladeCross","blademaster:Momentum"],"picked":"blademaster:Flurry","floor":29.0},{"not_picked":["blademaster:Overcharge","blademaster:KiBarrier"],"picked":"blademaster:Empower","floor":31.0},{"not_picked":["blademaster:Empower","blademaster:Flash"],"picked":"blademaster:LightningDraw","floor":33},{"not_picked":["blademaster:ThunderingOpener+1","blademaster:SlyStabs"],"picked":"blademaster:ParryingStrike+1","floor":35},{"not_picked":["blademaster:RagingBlow","blademaster:AspectOfWind"],"picked":"blademaster:EyeOfTheStorm+1","floor":36}],"player_experience":60793,"relics_obtained":[{"floor":1.0,"key":"LetterFromLob"},{"floor":6.0,"key":"DoctorsRemote"},{"floor":6.0,"key":"blademaster:OnAttackedChargePerk"},{"floor":8.0,"key":"blademaster:FuryEveryTurnPerk"},{"floor":8.0,"key":"Chameleon Ring"},{"floor":9.0,"key":"D4"},{"floor":11.0,"key":"blademaster:WindChargePerk"},{"floor":11.0,"key":"Chemical X"},{"floor":23.0,"key":"Strawberry"},{"floor":23.0,"key":"LetterFromLob"},{"floor":23.0,"key":"blademaster:ComboEveryTurnPerk"}],"event_choices":[{"damage_healed":0.0,"max_hp_gain":0.0,"max_hp_loss":0.0,"gold_gain":0.0,"event_name":"Living Wall","player_choice":"Grow","floor":0.0,"gold_loss":0.0,"damage_taken":0.0,"cards_upgraded":["blademaster:RagingBlow"]},{"damage_healed":0.0,"max_hp_gain":0.0,"max_hp_loss":0.0,"gold_gain":0.0,"event_name":"Liars Game","player_choice":"Ignored","floor":10.0,"gold_loss":0.0,"damage_taken":0.0},{"damage_healed":0.0,"max_hp_gain":0.0,"max_hp_loss":0.0,"gold_gain":0.0,"event_name":"Drug Dealer","player_choice":"Obtain J.A.X.","floor":21.0,"gold_loss":0.0,"damage_taken":0.0,"cards_obtained":["J.A.X."]}],"is_beta":false,"boss_relics":[{"not_picked":["Habit","DeadEye"],"picked":"Prayer Wheel"},{"not_picked":[]},{"not_picked":["Replay:Drink Me","Oddly Smooth Stone"],"picked":"Bird Faced Urn"},{"not_picked":[]}],"items_purged_floors":[],"is_endless":false,"potions_floor_spawned":[2,11,13,16,18,23,24,25],"killed_by":"Reptomancer","ascension_level":0}}