{"host":"g53g9qlo34vrqi92","time":1608794861,"event":{"mods":["Aspiration","Bard","BaseMod","Beaked The Cultist","BetterRewards","Colored Map","Conspire","Energized Spire","Fiend Mod","GifTheSpireLib","Googly Eyes","Gremlin Skip","Halation","Hermit","Hubris","Infinite Spire","Jedi Mod","Minty Spire (QoL Compilation)","Permanent Neow","Quick Restart","Relic Filter","Replay The Spire","Spikes Relics","StSLib","Stuff the Spire","Synergy Search","The Bladedancer","The Bug Knight","The Construct","The Cursed","The Factory","The Forsaken","The Jungle","The Necromancer","The Spell Scribe","The Trickster","Trackpad","slay the spire mod where everything is the same but ironclad has a cowboy hat","vexMod"],"gold_per_floor":[113,125,135,146,121,141,141,190,216,262,278,278,292,305,305,408,408,421,135,145,7,26,26,26,26,53,70,101,112,123,123,123,221,221,238,238,238,261,311,311,329,357,357,373,402,412,430,442,442,442,442],"floor_reached":50,"playtime":2638,"items_purged":[],"score":780,"play_id":"c606a84d-d54d-4465-9478-4a79ca4bc338","local_time":"20201223232741","is_ascension_mode":false,"campfire_choices":[{"floor":7,"key":"REST"},{"data":"Adrenaline","floor":12,"key":"SMITH"},{"data":"Neutralize","floor":15,"key":"SMITH"},{"floor":23,"key":"REST"},{"data":"Envenom","floor":25,"key":"SMITH"},{"floor":32,"key":"REST"},{"data":"Atom Bomb","floor":40,"key":"SMITH"},{"floor":49,"key":"REST"}],"circlet_count":0,"master_deck":["Strike_G","Strike_G","Strike_G+1","Strike_G+1","Strike_G","Defend_G+1","Defend_G","Defend_G","Defend_G","Defend_G","Survivor+1","Neutralize+1","Noxious Fumes","Adrenaline+1","StuffTheSpire:Incantation","Deadly Poison","Reflex","PiercingWail","Crippling Poison","Deflect","Terror","Backstab","StuffTheSpire:Sprint","jedi:poisonivy","Atom Bomb+1","hubris:SlightOfHand","StuffTheSpire:ClusterCrunch","Envenom+1","Tools of the Trade","StuffTheSpire:BumpUp","ReplayTheSpireMod:Tripwire+1","jedi:pocketpoison+1","Bouncing Flask+1","StuffTheSpire:BumpUp+1","Bane+1","PiercingWail"],"relics":["Ring of the Snake","Snake Skull","energizedSpire:NeverEndingSparkler","halation:PromiseList","SpikesRelics:DaevaFist","Velvet Choker","Thread and Needle","Lantern","vexMod:Dragonfruit","War Paint","HoveringKite","Simple Rune","hubris:Spice"],"acts_visited":["Exordium","TheCity","TheBeyond"],"potions_floor_usage":[8,8,8,16,22,33,33,42,46,50,50],"damage_taken":[{"damage":0,"enemies":"Cultist","floor":1,"turns":3},{"damage":0,"enemies":"Jaw Worm","floor":2,"turns":2},{"damage":0,"enemies":"Small Slimes","floor":3,"turns":3},{"damage":5,"enemies":"2 Fungi Beasts","floor":4,"turns":3},{"damage":0,"enemies":"Large Slime","floor":6,"turns":5},{"damage":10,"enemies":"Gremlin Nob","floor":8,"turns":5},{"damage":0,"enemies":"Blue Slaver","floor":11,"turns":3},{"damage":0,"enemies":"Exordium Wildlife","floor":13,"turns":3},{"damage":0,"enemies":"Gremlin Gang","floor":14,"turns":2},{"damage":9,"enemies":"Slime Boss","floor":16,"turns":7},{"damage":11,"enemies":"2 Thieves","floor":18,"turns":4},{"damage":0,"enemies":"Chosen","floor":20,"turns":5},{"damage":12,"enemies":"Shelled Parasite and Fungi","floor":22,"turns":6},{"damage":12,"enemies":"Snake Plant","floor":27,"turns":4},{"damage":9,"enemies":"Replay:Snechameleon","floor":28,"turns":6},{"damage":10,"enemies":"Chosen and Byrds","floor":29,"turns":4},{"damage":0,"enemies":"Shelled Parasite and Fungi","floor":30,"turns":2},{"damage":9,"enemies":"conspire:MysteriousRune","floor":33,"turns":8},{"damage":0,"enemies":"Orb Walker","floor":35,"turns":3},{"damage":12,"enemies":"Mind Bloom Boss Battle","floor":39,"turns":7},{"damage":5,"enemies":"3 Shapes","floor":41,"turns":6},{"damage":6,"enemies":"Nemesis","floor":42,"turns":5},{"damage":0,"enemies":"Spire Growth","floor":44,"turns":4},{"damage":7,"enemies":"Giant Head","floor":45,"turns":6},{"damage":0,"enemies":"Transient","floor":46,"turns":5},{"damage":3,"enemies":"Maw","floor":47,"turns":6},{"damage":0,"enemies":"3 Darklings","floor":48,"turns":5},{"damage":89,"enemies":"Awakened One","floor":50,"turns":9}],"seed_played":"5275478910120432014","potions_obtained":[{"floor":1,"key":"Weak Potion"},{"floor":4,"key":"ColorlessPotion"},{"floor":8,"key":"CunningPotion"},{"floor":11,"key":"DistilledChaos"},{"floor":13,"key":"FearPotion"},{"floor":14,"key":"Weak Potion"},{"floor":16,"key":"FearPotion"},{"floor":18,"key":"Toxic Potion"},{"floor":22,"key":"SteroidPotion"},{"floor":33,"key":"SpeedPotion"},{"floor":35,"key":"BlessingOfTheForge"},{"floor":44,"key":"PowerPotion"}],"is_trial":false,"path_per_floor":["M","M","M","M","?","M","R","E","T","T","M","R","M","M","R","B",null,"M","$","M","$","M","R","?","R","T","M","E","M","M","?","R","B",null,"M","?","?","T","?","R","M","E","T","M","E","M","M","M","R","B"],"character_chosen":"THE_SILENT","items_purchased":["Snake Skull","Noxious Fumes","Adrenaline","StuffTheSpire:Incantation","Block Potion","Thread and Needle","Envenom"],"campfire_rested":4,"item_purchase_floors":[0,0,0,0,0,19,21],"current_hp_per_floor":[47,47,47,42,42,42,63,53,53,53,53,53,53,53,53,44,70,59,59,59,59,47,68,68,68,68,56,52,42,42,42,64,55,75,75,75,75,75,71,71,66,68,68,68,61,61,58,58,75,0,0],"gold":442,"neow_bonus":"","is_daily":false,"chose_seed":false,"campfire_upgraded":4,"win_rate":0.0,"timestamp":1608794861,"path_taken":["M","M","M","M","?","M","R","E","T","?","M","R","M","?","R","BOSS","M","$","M","$","M","R","?","R","T","M","E","M","M","?","R","BOSS","M","?","?","?","?","R","M","E","T","M","E","?","?","?","R","BOSS"],"items_purchased_type":["Relic","Card","Card","Card","Potion","Relic","Card"],"build_version":"2020-12-22","purchased_purges":0,"victory":false,"max_hp_per_floor":[70,70,70,70,70,70,70,70,70,70,70,70,70,70,70,70,70,70,70,70,70,70,70,70,70,70,70,75,75,75,75,75,75,75,75,75,75,75,83,83,83,91,83,83,75,75,75,75,75,75,75],"card_choices":[{"not_picked":["StuffTheSpire:ClusterCrunch","Dagger Throw"],"picked":"Deadly Poison","floor":1},{"not_picked":["Hidden Blade","Blur"],"picked":"Reflex","floor":2},{"not_picked":["Finisher","ReplayTheSpireMod:The Works"],"picked":"PiercingWail","floor":3},{"not_picked":["StuffTheSpire:Fury","Flying Knee"],"picked":"Crippling Poison","floor":4},{"not_picked":["Cloak And Dagger","Well Laid Plans"],"picked":"Deflect","floor":6},{"not_picked":["Flying Knee","Sucker Punch"],"picked":"Terror","floor":8},{"not_picked":["Quick Slash","hubris:SlightOfHand"],"picked":"Backstab","floor":11},{"not_picked":["Dagger Spray","hubris:Counter"],"picked":"StuffTheSpire:Sprint","floor":13},{"not_picked":["Night Terror","Fluid Movement"],"picked":"jedi:poisonivy","floor":14},{"not_picked":["Adrenaline","jedi:studypoison"],"picked":"Atom Bomb","floor":16},{"not_picked":["Quick Slash","Slice+1"],"picked":"hubris:SlightOfHand","floor":18},{"not_picked":["Finisher","jedi:unstablefumes"],"picked":"StuffTheSpire:ClusterCrunch","floor":20},{"not_picked":["StuffTheSpire:ClusterCrunch","StuffTheSpire:DoubleShiv","Deadly Poison"],"picked":"SKIP","floor":22},{"not_picked":["Tools of the Trade","Dagger Spray","StuffTheSpire:ClusterCrunch"],"picked":"SKIP","floor":27},{"not_picked":["Dagger Spray","StuffTheSpire:ClusterCrunch"],"picked":"Tools of the Trade","floor":27},{"not_picked":["StuffTheSpire:BrimstoneBlast","InfectiousVector","Well Laid Plans"],"picked":"SKIP","floor":28},{"not_picked":["Sucker Punch","StuffTheSpire:Injection"],"picked":"StuffTheSpire:BumpUp","floor":29},{"not_picked":["Dash","hubris:SlightOfHand"],"picked":"ReplayTheSpireMod:Tripwire+1","floor":30},{"not_picked":["Cloak And Dagger+1","Deflect","Outmaneuver+1"],"picked":"SKIP","floor":35},{"not_picked":["Quick Slash+1","Cloak And Dagger"],"picked":"jedi:pocketpoison+1","floor":39},{"not_picked":["Blade Dance","Underhanded Strike+1","Dagger Spray"],"picked":"SKIP","floor":41},{"not_picked":["Backflip","hubris:Sniper+1"],"picked":"Bouncing Flask+1","floor":42},{"not_picked":["Predator","hubris:SpiceAddiction"],"picked":"StuffTheSpire:BumpUp+1","floor":44},{"not_picked":["Phantasmal Killer","hubris:SpiceAddiction","ShadowRift+1"],"picked":"SKIP","floor":45},{"not_picked":["hubris:SpiceAddiction","Blade Dance+1","hubris:SpiceAddiction"],"picked":"SKIP","floor":46},{"not_picked":["Infinite Blades+1","Dagger Spray+1"],"picked":"Bane+1","floor":47},{"not_picked":["StuffTheSpire:DoubleShiv+1","Deadly Poison+1"],"picked":"PiercingWail","floor":48}],"player_experience":1068995,"relics_obtained":[{"floor":8,"key":"halation:PromiseList"},{"floor":10,"key":"SpikesRelics:DaevaFist"},{"floor":26,"key":"Lantern"},{"floor":28,"key":"vexMod:Dragonfruit"},{"floor":31,"key":"War Paint"},{"floor":38,"key":"Simple Rune"},{"floor":39,"key":"hubris:Spice"},{"floor":42,"key":"hubris:Spice"},{"floor":43,"key":"hubris:Spice"},{"floor":45,"key":"hubris:Spice"}],"event_choices":[{"damage_healed":0,"gold_gain":0,"player_choice":"Fight","damage_taken":0,"max_hp_gain":0,"max_hp_loss":0,"event_name":"MindBloom","floor":39,"gold_loss":0}],"is_beta":false,"boss_relics":[{"not_picked":["aspiration:ScribeSkillbook","Tiny House"],"picked":"Velvet Choker"},{"not_picked":["Painkiller Herb","conspire:RoyalGoblet"],"picked":"HoveringKite"}],"items_purged_floors":[],"is_endless":false,"potions_floor_spawned":[1,4,8,11,13,14,16,18,22,30,33,35,44,45],"killed_by":"Awakened One","ascension_level":0}}