{"host":"rmbuwlawxck4c8ol","time":1608772523,"event":{"mods":["AchievementEnabler","Aspiration","BaseMod","Better Altar","Better Match","Better Note","Better Sensory Stone","Better Skull","Better Third Choice","BetterRewards","CCEM","Clawfect","Conspire","Downfall","GifTheSpireLib","Halation","Hermit","Highlight Path","Hubris","Hunter ??","Infinite Spire","Mad Scientist","Marisa????????","Mimic Mod","Minty Spire (QoL Compilation)","Permanent Neow","Replay The Spire","Shade Mod","Shop Mod","Spicy Shops","StSLib","Stuff the Spire","The Administrix","The Blackbeard","The Bug Knight","The Construct","The Cursed","The Disciple","The Jungle","The Mystic","The Necromancer","The Problem Sleuth","The Runesmith","The Spell Scribe","Unceasing Turn Reminder","[IsaacMod]????","everything is the same but u backflip on backflip"],"gold_per_floor":[99,99,99,110,139,66,66,66,66,76,76,107,32,32,45,56,66,171,171,171,182,182,182,182,182,182],"floor_reached":24,"playtime":1731,"items_purged":[],"score":192,"play_id":"11d2127a-6298-4d1a-81d9-a3e458cf9ab8","local_time":"20201224011523","is_ascension_mode":false,"campfire_choices":[{"data":"Slimebound:Split","floor":1,"key":"SMITH"},{"data":"StuffTheSpire:BrainWave","floor":8,"key":"SMITH"},{"floor":13,"key":"REST"},{"data":"Slimebound:DuplicatedForm","floor":20,"key":"SMITH"}],"circlet_count":0,"master_deck":["Slimebound:Tackle","Slimebound:Split+1","Slimebound:CorrosiveSpit","Slimebound:LeadByExample","Slimebound:RejuvenatingLick","Slimebound:Gluttony","Injury","StuffTheSpire:BrainWave+1","Slimebound:GoopSpray","Slimebound:SelfFormingGoo","Slimebound:LeechLife","Slimebound:SplitBruiser","Slimebound:DuplicatedForm+1","Slimebound:SlimeSlap","Slimebound:MassRepurpose","Slimebound:MegaLick","Slimebound:FlameTackle","Slimebound:ForwardTackle","Slimebound:Gluttony","Slimebound:MassRepurpose","Slimebound:MegaLick"],"relics":["Slimebound:AbsorbEndCombat","HushsDoor","MaYiHuaBei","Blood Vial","hubris:SphereOfDissonance","StuffTheSpire:Saxophone","PillsDrop","halation:LettersToHer","downfall:HeartBlessingGreen","Pandora\u0027s Box","Boot"],"acts_visited":["Exordium","TheCity"],"potions_floor_usage":[21,24],"damage_taken":[{"damage":16,"enemies":"Small Slimes","floor":4,"turns":3},{"damage":25,"enemies":"conspire:MimicChest","floor":5,"turns":5},{"damage":20,"enemies":"downfall:FleeingMerchant","floor":6,"turns":4},{"damage":23,"enemies":"2 Louse","floor":10,"turns":2},{"damage":19,"enemies":"Replay:BlueRogue","floor":12,"turns":5},{"damage":0,"enemies":"Cultist","floor":14,"turns":1},{"damage":11,"enemies":"Blue Slaver","floor":15,"turns":3},{"damage":0,"enemies":"3 Louse","floor":16,"turns":1},{"damage":18,"enemies":"Large Slime","floor":17,"turns":4},{"damage":41,"enemies":"downfall:Ironclad","floor":18,"turns":5},{"damage":53,"enemies":"Shell Parasite","floor":21,"turns":4},{"damage":25,"enemies":"Spheric Guardian","floor":24,"turns":3}],"seed_played":"-6015998844488495617","potions_obtained":[{"floor":10,"key":"SmokeBomb"},{"floor":15,"key":"SpeedPotion"},{"floor":16,"key":"champ:CounterPotion"},{"floor":18,"key":"BlessingOfTheForge"},{"floor":21,"key":"SkillPotion"}],"is_trial":false,"path_per_floor":["R","PTL","PTL","M","?","$","?","R","T","M","?","E","R","M","M","M","M","B",null,"R","M","?","?","M"],"character_chosen":"SLIMEBOUND","items_purchased":["StuffTheSpire:Saxophone"],"campfire_rested":1,"item_purchase_floors":[6],"current_hp_per_floor":[60,60,60,60,59,57,42,42,42,29,29,30,48,50,55,55,54,55,55,55,33,18,18,0,0,0],"gold":182,"neow_bonus":"RANDOM_COMMON_RELIC","is_daily":false,"chose_seed":false,"campfire_upgraded":3,"win_rate":0.0,"timestamp":1608772523,"path_taken":["R","PTL","PTL","M","?","$","?","R","T","M","?","E","R","?","M","M","M","BOSS","R","M","?","?","M"],"items_purchased_type":["Relic"],"build_version":"2020-12-22","purchased_purges":0,"victory":false,"max_hp_per_floor":[60,60,60,60,60,60,60,60,60,60,60,60,60,55,55,55,55,55,55,55,55,55,55,55,55,55],"card_choices":[{"not_picked":["Slimebound:SplitAcid","Slimebound:FinishingTackle"],"picked":"Slimebound:LeadByExample","floor":4},{"not_picked":["Slimebound:ComboTackle","Slimebound:SamplingLick"],"picked":"Slimebound:RejuvenatingLick","floor":5},{"not_picked":["Slimebound:ItLooksTasty","Slimebound:Prepare"],"picked":"Slimebound:Gluttony","floor":6},{"not_picked":["Slimebound:RainOfGoop","Slimebound:ProtectTheBoss"],"picked":"Slimebound:GoopSpray","floor":10},{"not_picked":["Slimebound:SlimeTap","Slimebound:SplitBruiser"],"picked":"Slimebound:SelfFormingGoo","floor":12},{"not_picked":["Slimebound:SplitAcid","Slimebound:LivingWall"],"picked":"Slimebound:LeechLife","floor":14},{"not_picked":["Slimebound:SplitAcid","Slimebound:GoopSpray"],"picked":"Bomb","floor":15},{"not_picked":["Slimebound:SamplingLick","Slimebound:ForwardTackle"],"picked":"Slimebound:MassRepurpose","floor":16},{"not_picked":["Slimebound:LeechingTouch","Slimebound:PressTheAttack"],"picked":"Slimebound:SplitBruiser","floor":17},{"not_picked":["Slimebound:SlimeSlap","Slimebound:OozeBath"],"picked":"Slimebound:DuplicatedForm","floor":18},{"not_picked":["Slimebound:Nibble","Slimebound:BestDefense+1","Slimebound:LevelUp"],"picked":"SKIP","floor":21}],"player_experience":206382,"relics_obtained":[{"floor":5,"key":"hubris:SphereOfDissonance"},{"floor":9,"key":"PillsDrop"},{"floor":12,"key":"halation:LettersToHer"}],"event_choices":[{"damage_healed":0,"gold_gain":0,"cards_transformed":["Slimebound:MassRepurpose"],"player_choice":"Transformed","damage_taken":0,"max_hp_gain":0,"max_hp_loss":0,"event_name":"Transmorgrifier","floor":23,"gold_loss":0,"cards_obtained":["Slimebound:MegaLick"]}],"is_beta":false,"boss_relics":[{"not_picked":["ReplayTheSpireMod:DimensionalGlitch","Velvet Choker"],"picked":"Pandora\u0027s Box"},{"not_picked":[]}],"items_purged_floors":[],"is_endless":false,"potions_floor_spawned":[10,15,16,18,21],"killed_by":"Spheric Guardian","ascension_level":0}}