{"host":"sum4dy402bbv9y4o","time":1608841718,"event":{"mods":["Aspiration","BaseMod","Conspire","Highlight Path","Minty Spire (QoL Compilation)","StSLib"],"gold_per_floor":[112,13,13,288,302,302,329,329,355,387,460,493,493,508,508,582,582,592,610,47,57,67,67,67],"floor_reached":23,"playtime":589,"items_purged":["Regret"],"score":518,"play_id":"8e5c20a6-d812-4871-81c1-43b93a4455b2","local_time":"20201224232838","is_ascension_mode":true,"campfire_choices":[{"data":"Inflame","floor":6,"key":"SMITH"},{"data":"Inflame","floor":8,"key":"SMITH"},{"data":"Armaments","floor":15,"key":"SMITH"}],"circlet_count":0,"master_deck":["AscendersBane","conspire:GhostlyStrike","conspire:GhostlyStrike","conspire:GhostlyStrike","conspire:GhostlyStrike","conspire:GhostlyStrike","conspire:GhostlyDefend","conspire:GhostlyDefend","conspire:GhostlyDefend","conspire:GhostlyDefend","Bash","Twin Strike","Inflame+1","conspire:Charge","Inflame+1","Dropkick","Metallicize","Armaments+1","Offering","Feel No Pain","Rampage"],"relics":["Black Blood","NeowsBlessing","Dream Catcher","Happy Flower","Mercury Hourglass","StrikeDummy","Matryoshka","ClockworkSouvenir","aspiration:AnachronicSnailShell"],"acts_visited":["Exordium","TheCity"],"potions_floor_usage":[10,16,16,18,22],"damage_taken":[{"damage":0,"enemies":"Jaw Worm","floor":1,"turns":1},{"damage":0,"enemies":"Cultist","floor":5,"turns":1},{"damage":2,"enemies":"3 Sentries","floor":7,"turns":2},{"damage":15,"enemies":"Lagavulin","floor":10,"turns":4},{"damage":8,"enemies":"Gremlin Nob","floor":12,"turns":3},{"damage":5,"enemies":"Small Slimes","floor":14,"turns":2},{"damage":8,"enemies":"Slime Boss","floor":16,"turns":6},{"damage":14,"enemies":"Spheric Guardian","floor":18,"turns":3},{"damage":24,"enemies":"2 Thieves","floor":19,"turns":3},{"damage":7,"enemies":"Cultist and Chosen","floor":21,"turns":5},{"damage":18,"enemies":"Chosen and Byrds","floor":22,"turns":5},{"damage":57,"enemies":"Book of Stabbing","floor":23,"turns":4}],"seed_played":"3565313665758436145","potions_obtained":[{"floor":10,"key":"Fire Potion"},{"floor":12,"key":"CultistPotion"},{"floor":16,"key":"SteroidPotion"},{"floor":19,"key":"GamblersBrew"}],"is_trial":false,"path_per_floor":["M","$","?","?","M","R","E","R","T","E","T","E","?","M","R","B",null,"M","M","$","M","M","E"],"character_chosen":"IRONCLAD","items_purchased":["Inflame","Fire Potion","ClockworkSouvenir","aspiration:AnachronicSnailShell"],"campfire_rested":0,"item_purchase_floors":[2,2,20,20],"current_hp_per_floor":[74,74,74,74,75,75,75,75,75,66,66,64,60,61,61,59,71,69,57,57,62,56,0,0],"gold":67,"neow_bonus":"THREE_ENEMY_KILL","is_daily":false,"chose_seed":false,"campfire_upgraded":3,"win_rate":0.0,"timestamp":1608841718,"path_taken":["M","$","?","?","?","R","E","R","T","E","?","E","?","M","R","BOSS","M","M","$","M","M","E"],"items_purchased_type":["Card","Potion","Relic","Relic"],"build_version":"2020-12-22","purchased_purges":1,"victory":false,"max_hp_per_floor":[75,75,75,75,75,75,75,75,75,75,75,75,75,75,75,75,75,75,75,75,75,75,75,75],"card_choices":[{"not_picked":["Iron Wave","Flex"],"picked":"Twin Strike","floor":1},{"not_picked":["Anger","Dark Embrace"],"picked":"conspire:Charge","floor":5},{"not_picked":["Iron Wave","Fire Breathing"],"picked":"Inflame","floor":7},{"not_picked":["Juggernaut","Havoc"],"picked":"Dropkick","floor":10},{"not_picked":["Blood for Blood","conspire:Charge"],"picked":"Metallicize","floor":12},{"not_picked":["Ghostly Armor","Carnage"],"picked":"Armaments","floor":14},{"not_picked":["Impervious","Double Tap"],"picked":"Offering","floor":16},{"not_picked":["Sword Boomerang","Perfected Strike"],"picked":"Feel No Pain","floor":18},{"not_picked":["Heavy Blade","Anger"],"picked":"Rampage","floor":19},{"not_picked":["Warcry","Heavy Blade","Pommel Strike"],"picked":"SKIP","floor":21},{"not_picked":["Iron Wave","Inflame","Twin Strike"],"picked":"SKIP","floor":22}],"player_experience":2841505,"relics_obtained":[{"floor":7,"key":"Dream Catcher"},{"floor":9,"key":"Happy Flower"},{"floor":10,"key":"Mercury Hourglass"},{"floor":11,"key":"StrikeDummy"},{"floor":12,"key":"Matryoshka"}],"event_choices":[{"damage_healed":0,"gold_gain":0,"player_choice":"Agree","damage_taken":0,"max_hp_gain":0,"max_hp_loss":0,"event_name":"conspire:LoneGhost","floor":3,"gold_loss":0},{"damage_healed":0,"gold_gain":275,"player_choice":"Desecrate","damage_taken":0,"max_hp_gain":0,"max_hp_loss":0,"event_name":"Golden Shrine","floor":4,"gold_loss":0,"cards_obtained":["Regret"]},{"damage_healed":0,"gold_gain":0,"player_choice":"Leave","damage_taken":0,"max_hp_gain":0,"max_hp_loss":0,"event_name":"conspire:Investor","floor":13,"gold_loss":0}],"is_beta":false,"boss_relics":[{"not_picked":["aspiration:PoetsPen","conspire:RunicOctahedron"],"picked":"Black Blood"}],"items_purged_floors":[20],"is_endless":false,"potions_floor_spawned":[10,12,16,19],"killed_by":"Book of Stabbing","ascension_level":20}}