{"host":"02w9hl92h62kgkzk","time":1608833745,"event":{"mods":["2.2 Compatiblity","AchievementEnabler","Act Like it!","AlwaysNeverKeys","Aspiration","BaseMod","Better Altar","Better Match","Better Note","Better Sensory Stone","Better Skull","Better Third Choice","Better Vampires","BetterRewards","Block Reminder","CCEM","ChefMod","Colored Map","Colored Powertips","Conspire","Downfall","Ekko","Elementarium","Emptier Cage","Energized Spire","Friendly Minions","FruityMod","Gensokyo","GifTheSpireLib","Halation","Hallownest","Hermit","Hubris","Jorbs\u0027s Wanderer Trilogy","Magitek Elite","Marisa????????","Marked Mod","Minty Spire (QoL Compilation)","Permanent Neow","QueenMod","Quick Restart","Random Character Mod","Rare Cards Sparkle","Replay The Spire","Retaliation","Reworked Bosses","Robot Space Explorer","Shade Mod","Shop Mod","Spicy Shops","Spikes Relics","StSLib","Stuff the Spire","Synergy Search","The Administrix","The Animator","The Blackbeard","The Blue Laboratory","The Bug Knight","The Construct","The Death Knight","The Factory","The Florist","The Forsaken","The Gatherer","The Hayseed","The Hierophant","The Jungle","The Marked","The Runesmith","The Valiant","The Wild Card","TheHero","TheVacant","Trackpad","Transform Curses","Unceasing Turn Reminder","Wandering Minibosses","vexMod"],"gold_per_floor":[115,565,580,10,10,39,39,65,65,83,42,59,73,73,73,174,174,184,184,11,11,30,62,62,80,80,96,124,134,134,152,152,253,253,269,315,111,111,87,106,152,170,217,230,261,286,286,306,306,306,306,306,16,43,43],"floor_reached":56,"playtime":4599,"items_purged":["RobotSpaceExplorer:PlasmaMissile","RobotSpaceExplorer:GlueShot","RobotSpaceExplorer:IronShell","RobotSpaceExplorer:StarDust+1","RobotSpaceExplorer:StarDust+1"],"score":1307,"play_id":"475968f8-3755-4a86-b9f8-7881f37b6055","local_time":"20201224121545","daily_mods":["Draft","Heirloom"],"is_ascension_mode":false,"campfire_choices":[{"data":"RobotSpaceExplorer:StarDust","floor":7,"key":"SMITH"},{"floor":15,"key":"DIG"},{"floor":30,"key":"RECALL"},{"data":"RobotSpaceExplorer:DualCore","floor":32,"key":"SMITH"},{"data":"RobotSpaceExplorer:Accelerator","floor":47,"key":"SMITH"},{"data":"RobotSpaceExplorer:FreezeRay","floor":49,"key":"SMITH"},{"data":"RobotSpaceExplorer:ScrapMissile","floor":52,"key":"SMITH"}],"circlet_count":0,"master_deck":["RobotSpaceExplorer:Probe","RobotSpaceExplorer:FreezeRay+1","RobotSpaceExplorer:ScrapMissile","RobotSpaceExplorer:MiniDrones+1","RobotSpaceExplorer:DualCore+1","RobotSpaceExplorer:ScrapMissile+1","RobotSpaceExplorer:ScrapToss","RobotSpaceExplorer:StunGrenade","RobotSpaceExplorer:MiniDrones+1","RobotSpaceExplorer:LuckyStrike","RobotSpaceExplorer:MetalStrike+1","RobotSpaceExplorer:MetalStrike+1","RobotSpaceExplorer:Blitz+1","RobotSpaceExplorer:Accelerator+1","RobotSpaceExplorer:Pulsar","RobotSpaceExplorer:FreezeRay","RobotSpaceExplorer:Blaster"],"relics":["RobotSpaceExplorer:RoboCore","StuffTheSpire:Expresso","MerchantsRug","HollowMod:LifeEnderRelic","halation:EternalFortune","StuffTheSpire:HeavyRock","RobotSpaceExplorer:FoglandsKnife","aspiration:Lifesprig","trackpad:RapidFire","halation:RedSoulGem","CCEMRelics:Pendulum","Matryoshka","conspire:Dentures","aspiration:PoetsPen_weak","CatCart","sneckomod:BlankCard","CCEMRelics:Barrel","Vajra","Lantern","trackpad:SappingStone","Blue Doll","aspiration:ChemicalBlood","RobotSpaceExplorer:SlideRule","trackpad:ToughGloves"],"acts_visited":["Hallownest:Greenpath","TheCity","TheBeyond","TheEnding"],"potions_floor_usage":[55],"damage_taken":[{"damage":7,"enemies":"Hallownest:monsterHuskWarrior","floor":1,"turns":3},{"damage":0,"enemies":"Hallownest:2_Baldur","floor":3,"turns":2},{"damage":1,"enemies":"Hallownest:eliteMossKnight","floor":6,"turns":4},{"damage":5,"enemies":"Hallownest:eliteVengeflyKing","floor":8,"turns":4},{"damage":0,"enemies":"Hallownest:monsterHuskGuard","floor":10,"turns":2},{"damage":0,"enemies":"Hallownest:monsterAspidMother","floor":12,"turns":3},{"damage":0,"enemies":"Hallownest:monsterMossCharger","floor":13,"turns":1},{"damage":0,"enemies":"Hallownest:BossFalseKnight","floor":16,"turns":4},{"damage":11,"enemies":"conspire:FuzzyDice","floor":18,"turns":3},{"damage":0,"enemies":"3 Byrds","floor":22,"turns":2},{"damage":9,"enemies":"Replay:Snechameleon","floor":23,"turns":2},{"damage":0,"enemies":"Sentry and Sphere","floor":25,"turns":2},{"damage":10,"enemies":"Shelled Parasite and Fungi","floor":27,"turns":2},{"damage":4,"enemies":"Gremlin Leader","floor":28,"turns":3},{"damage":0,"enemies":"Snake Plant","floor":29,"turns":2},{"damage":0,"enemies":"Sentry and Sphere","floor":31,"turns":2},{"damage":0,"enemies":"bossMod:newChamp","floor":33,"turns":4},{"damage":0,"enemies":"Orb Walker","floor":35,"turns":1},{"damage":0,"enemies":"Orin","floor":36,"turns":5},{"damage":0,"enemies":"3 Darklings","floor":40,"turns":1},{"damage":0,"enemies":"R_Hoarder","floor":41,"turns":3},{"damage":0,"enemies":"4 Shapes","floor":42,"turns":1},{"damage":0,"enemies":"Maw","floor":44,"turns":2},{"damage":0,"enemies":"Giant Head","floor":45,"turns":3},{"damage":0,"enemies":"Transient","floor":48,"turns":3},{"damage":0,"enemies":"Replay:Hell Engine","floor":50,"turns":1},{"damage":0,"enemies":"Shield and Spear","floor":54,"turns":2},{"damage":0,"enemies":"The Heart","floor":55,"turns":3}],"seed_played":"-2151335763125385927","potions_obtained":[{"floor":8,"key":"Weak Potion"},{"floor":10,"key":"Swift Potion"},{"floor":16,"key":"blueLaboratory:NullPotion"},{"floor":22,"key":"ColorlessPotion"},{"floor":25,"key":"blueLaboratory:RecallPotion"},{"floor":31,"key":"blueLaboratory:EnragingPotion"},{"floor":42,"key":"blueLaboratory:HorrorPotion"},{"floor":45,"key":"FairyPotion"},{"floor":48,"key":"blueLaboratory:FruitPunch"},{"floor":54,"key":"blueLaboratory:BottleOfRum"}],"is_trial":true,"path_per_floor":["M","?","M","$","?","E","R","E","T","M","$","M","M","?","R_BF","B",null,"M","?","$","?","M","E","$","M","T","M","E","M","R","M","R","B",null,"M","?","$","?","$","M","E","M","T","M","E","T","R","M","R","B",null,"R","$","E","B",null],"character_chosen":"RobotSpaceExplorer","items_purchased":["MerchantsRug","HollowMod:LifeEnderRelic","champ:Barbells","trackpad:RapidFire","sneckomod:BlankCard","RobotSpaceExplorer:SlideRule","RobotSpaceExplorer:FreezeRay"],"campfire_rested":0,"item_purchase_floors":[4,4,4,20,37,53,53],"current_hp_per_floor":[68,37,37,37,40,39,39,34,34,34,34,34,37,40,40,40,84,73,48,48,48,51,42,42,42,42,32,28,28,28,28,28,28,87,87,87,87,87,87,87,87,87,87,87,87,87,87,87,87,87,87,87,87,87,87],"gold":43,"neow_bonus":"","is_daily":false,"chose_seed":false,"campfire_upgraded":5,"win_rate":0.0,"timestamp":1608833745,"path_taken":["M","?","?","$","?","E","R","E","T","M","$","M","M","?","R_BF","BOSS","M","?","$","?","?","E","$","?","T","M","E","M","R","M","R","BOSS","M","?","$","?","$","M","E","?","T","M","E","?","R","M","R","BOSS","R","$","E","BOSS"],"items_purchased_type":["Relic","Relic","Relic","Relic","Relic","Relic","Card"],"build_version":"2020-12-22","purchased_purges":5,"victory":true,"max_hp_per_floor":[75,75,75,75,78,78,78,78,78,78,78,78,81,84,84,84,84,84,84,84,84,87,87,87,87,87,87,87,87,87,87,87,87,87,87,87,87,87,87,87,87,87,87,87,87,87,87,87,87,87,87,87,87,87,87],"card_choices":[{"not_picked":["RobotSpaceExplorer:ImprovisedAttack","RobotSpaceExplorer:SwiftStep"],"picked":"RobotSpaceExplorer:Probe","floor":0},{"not_picked":["RobotSpaceExplorer:GlueShot","RobotSpaceExplorer:Probe"],"picked":"RobotSpaceExplorer:FreezeRay","floor":0},{"not_picked":["RobotSpaceExplorer:SelfCleaning","RobotSpaceExplorer:SurgingStrike"],"picked":"RobotSpaceExplorer:ScrapMissile","floor":0},{"not_picked":["RobotSpaceExplorer:ToxicBomb","RobotSpaceExplorer:FrostMissile"],"picked":"RobotSpaceExplorer:ImprovisedAttack","floor":0},{"not_picked":["RobotSpaceExplorer:FranticSearch","RobotSpaceExplorer:SwiftStep"],"picked":"RobotSpaceExplorer:MiniDrones","floor":0},{"not_picked":["RobotSpaceExplorer:ExhaustFan","RobotSpaceExplorer:ScrapToss"],"picked":"RobotSpaceExplorer:StarDust","floor":0},{"not_picked":["RobotSpaceExplorer:Calculate","RobotSpaceExplorer:SlimeMissile"],"picked":"RobotSpaceExplorer:DualCore","floor":0},{"not_picked":["RobotSpaceExplorer:Pulsar","RobotSpaceExplorer:SurgingStrike"],"picked":"RobotSpaceExplorer:ScrapMissile","floor":0},{"not_picked":["RobotSpaceExplorer:Discharger","RobotSpaceExplorer:ScrapMissile"],"picked":"RobotSpaceExplorer:IronShell","floor":0},{"not_picked":["RobotSpaceExplorer:MiniDrones","RobotSpaceExplorer:DoubleFind"],"picked":"RobotSpaceExplorer:StarDust","floor":0},{"not_picked":["RobotSpaceExplorer:Electroshield","RobotSpaceExplorer:GearShield"],"picked":"RobotSpaceExplorer:ScrapToss","floor":0},{"not_picked":["RobotSpaceExplorer:SwiftStep","RobotSpaceExplorer:Electropulse"],"picked":"RobotSpaceExplorer:PlasmaMissile","floor":0},{"not_picked":["RobotSpaceExplorer:ScrapMissile","RobotSpaceExplorer:Counterblock"],"picked":"RobotSpaceExplorer:StunGrenade","floor":0},{"not_picked":["RobotSpaceExplorer:Probe","RobotSpaceExplorer:FranticSearch"],"picked":"RobotSpaceExplorer:GlueShot","floor":0},{"not_picked":["RobotSpaceExplorer:Probe","RobotSpaceExplorer:PowerCollector"],"picked":"RobotSpaceExplorer:MiniDrones","floor":0},{"not_picked":["RobotSpaceExplorer:SwiftStep","RobotSpaceExplorer:Ammunition"],"picked":"RobotSpaceExplorer:LuckyStrike","floor":1},{"not_picked":["RobotSpaceExplorer:SurgingStrike","RobotSpaceExplorer:Pulsar"],"picked":"RobotSpaceExplorer:MetalStrike","floor":3},{"not_picked":["RobotSpaceExplorer:PowerCollector","RobotSpaceExplorer:FreezingShield","RobotSpaceExplorer:SelfCleaning"],"picked":"SKIP","floor":6},{"not_picked":["RobotSpaceExplorer:MiniDrones","RobotSpaceExplorer:Pulsar"],"picked":"RobotSpaceExplorer:MetalStrike","floor":8},{"not_picked":["RobotSpaceExplorer:FranticSearch","RobotSpaceExplorer:SurgingShield","RobotSpaceExplorer:Pulsar"],"picked":"SKIP","floor":10},{"not_picked":["RobotSpaceExplorer:IronShell","RobotSpaceExplorer:Counterblock","RobotSpaceExplorer:GlueShot"],"picked":"SKIP","floor":12},{"not_picked":["RobotSpaceExplorer:StarDust","RobotSpaceExplorer:SelfCleaning","RobotSpaceExplorer:Autoloader"],"picked":"SKIP","floor":13},{"not_picked":["RobotSpaceExplorer:TrailblazerForm","RobotSpaceExplorer:Arsenal"],"picked":"RobotSpaceExplorer:Wormhole","floor":16},{"not_picked":["RobotSpaceExplorer:ScrapMissile","RobotSpaceExplorer:SwiftStep"],"picked":"RobotSpaceExplorer:PowerGlove+1","floor":18},{"not_picked":["RobotSpaceExplorer:Electropulse+1","RobotSpaceExplorer:SlimeMissile+1","RobotSpaceExplorer:Counterblock"],"picked":"SKIP","floor":22},{"not_picked":["RobotSpaceExplorer:Counterblock","RobotSpaceExplorer:Comet","RobotSpaceExplorer:SurgingShield"],"picked":"SKIP","floor":23},{"not_picked":["RobotSpaceExplorer:SurgingShield","RobotSpaceExplorer:Discharger"],"picked":"RobotSpaceExplorer:Blitz+1","floor":25},{"not_picked":["RobotSpaceExplorer:Counterblock+1","RobotSpaceExplorer:ScrapMissile","RobotSpaceExplorer:BigMissile+1"],"picked":"SKIP","floor":27},{"not_picked":["RobotSpaceExplorer:SlimeMissile","RobotSpaceExplorer:FreezingShield+1","RobotSpaceExplorer:JunkDive+1"],"picked":"SKIP","floor":28},{"not_picked":["RobotSpaceExplorer:Counterblock","RobotSpaceExplorer:SurgingShield","RobotSpaceExplorer:GlueSpray+1"],"picked":"SKIP","floor":29},{"not_picked":["RobotSpaceExplorer:MiniDrones","RobotSpaceExplorer:Pulsar","RobotSpaceExplorer:IronShell"],"picked":"SKIP","floor":31},{"not_picked":["RobotSpaceExplorer:HighVoltage","RobotSpaceExplorer:TrailblazerForm"],"picked":"RobotSpaceExplorer:Accelerator","floor":33},{"not_picked":["RobotSpaceExplorer:FreezingShield","RobotSpaceExplorer:Jetpack+1","RobotSpaceExplorer:Pulsar+1"],"picked":"SKIP","floor":35},{"not_picked":["RobotSpaceExplorer:ImprovisedAttack+1","RobotSpaceExplorer:StarDust","RobotSpaceExplorer:FranticSearch+1"],"picked":"SKIP","floor":40},{"not_picked":["RobotSpaceExplorer:SwiftStep+1","RobotSpaceExplorer:Smokescreen","RobotSpaceExplorer:RigExplosive"],"picked":"SKIP","floor":41},{"not_picked":["RobotSpaceExplorer:GearShield","RobotSpaceExplorer:Blitz+1","RobotSpaceExplorer:RigExplosive+1"],"picked":"SKIP","floor":42},{"not_picked":["RobotSpaceExplorer:MiniDrones+1","RobotSpaceExplorer:Counterblock+1","RobotSpaceExplorer:FranticSearch+1"],"picked":"SKIP","floor":44},{"not_picked":["RobotSpaceExplorer:SurgingStrike+1","RobotSpaceExplorer:DoubleFind","RobotSpaceExplorer:MakeshiftVolley+1"],"picked":"SKIP","floor":45},{"not_picked":["RobotSpaceExplorer:DoubleFind+1","RobotSpaceExplorer:MiniDrones","RobotSpaceExplorer:PowerGlove"],"picked":"SKIP","floor":48},{"not_picked":["RobotSpaceExplorer:SurgingShield+1","RobotSpaceExplorer:MetalStrike+1"],"picked":"RobotSpaceExplorer:Blaster","floor":54}],"player_experience":934026,"relics_obtained":[{"floor":6,"key":"StuffTheSpire:HeavyRock"},{"floor":8,"key":"RobotSpaceExplorer:FoglandsKnife"},{"floor":13,"key":"halation:EternalFortune"},{"floor":15,"key":"aspiration:Lifesprig"},{"floor":22,"key":"halation:EternalFortune"},{"floor":23,"key":"CCEMRelics:Pendulum"},{"floor":26,"key":"Matryoshka"},{"floor":28,"key":"conspire:Dentures"},{"floor":36,"key":"CatCart"},{"floor":41,"key":"CCEMRelics:Barrel"},{"floor":43,"key":"Vajra"},{"floor":43,"key":"Lantern"},{"floor":45,"key":"trackpad:SappingStone"},{"floor":46,"key":"Blue Doll"},{"floor":46,"key":"aspiration:ChemicalBlood"},{"floor":54,"key":"trackpad:ToughGloves"}],"event_choices":[{"damage_healed":0,"gold_gain":450,"player_choice":"GO GO GO GO ","damage_taken":35,"relics_obtained":[],"max_hp_gain":0,"max_hp_loss":0,"event_name":"betterSkull:BetterSkull","floor":2,"gold_loss":0,"cards_upgraded":[]},{"damage_healed":0,"gold_gain":0,"player_choice":"Fight","damage_taken":0,"max_hp_gain":0,"max_hp_loss":0,"event_name":"OrinTheCat","floor":36,"gold_loss":0},{"damage_healed":0,"gold_gain":0,"cards_transformed":["RobotSpaceExplorer:PowerGlove"],"player_choice":"Transformed","damage_taken":0,"max_hp_gain":0,"max_hp_loss":0,"event_name":"Transmorgrifier","floor":38,"gold_loss":0,"cards_obtained":["RobotSpaceExplorer:Pulsar"]}],"is_beta":false,"boss_relics":[{"not_picked":["hubris:HollowSoul","Runesmith:UraniumAnvil"],"picked":"trackpad:Coffee"},{"not_picked":["halation:HeavySnake","RobotSpaceExplorer:TurboCore"],"picked":"aspiration:PoetsPen_weak"}],"items_purged_floors":[11,20,37,39,53],"is_endless":false,"potions_floor_spawned":[8,10,16,22,25,31,35,42,45,48,54],"ascension_level":0}}