{"host":"96bpdudduaq3ttpf","time":1608790679,"event":{"mods":["Act Like it!","Astrologer","Bard","Bartender","BaseMod","BetterRewards","CapriCore","Challenge The Spire","Chen","Downfall","Elementarium","Friendly Minions","GifTheSpireLib","Hallownest","Hermit","Jorbs\u0027s Wanderer Trilogy","KinomotoSakuraMod(????)","Koishi","KomeijiMod","Mari Mod (Legacy)","Mari\u0027s V1 Patch","Marisa????????","Mimic Mod","Minty Spire (QoL Compilation)","Prisma Mod","Replay The Spire","Shade Mod","StSLib","Td1madao Mod","The Administrix","The Animator","The Bug Knight","The Construct","The Cursed","The Factory","The Gatherer","The Hierophant","The Immortal","The IronCluck","The Jungle","The Mystic","The Necromancer","The Runesmith","The Senshi","The Servant 0.9.4","WarShipGirlsR/????R mod","Yohane!","Yuyuko"],"gold_per_floor":[113,132,16,16,16,16,30,30,30,50,85,85,95,95,95,194,194,207,220,21,21,35,35,35,63,87,103,28,45,45,56,56,56,56,56,56],"floor_reached":35,"playtime":1500,"items_purged":["Koishi:BasicDefend"],"score":277,"play_id":"656493af-76ac-40bb-8a79-89de6086a389","local_time":"20201223231759","is_ascension_mode":false,"campfire_choices":[{"data":"Koishi:RorschachInDanmaku","floor":6,"key":"SMITH"},{"data":"Koishi:ReflexRadar","floor":8,"key":"SMITH"},{"floor":12,"key":"REST"},{"data":"Koishi:HeartAttack","floor":15,"key":"SMITH"},{"floor":23,"key":"REST"},{"data":"Koishi:SubconsciousSweep","floor":30,"key":"SMITH"}],"circlet_count":0,"master_deck":["Koishi:BasicStrike","Koishi:BasicStrike","Koishi:BasicDefend","Koishi:BasicDefend","Koishi:Provoke","Koishi:HauntingSlash+1","Koishi:HeartfeltFancy","Koishi:RorschachInDanmaku+1","Koishi:UnconsciousUprising","Koishi:LastRemote","Koishi:ReflexRadar+1","Koishi:HeartAttack+1","Koishi:RoseHell","Koishi:SubconsciousSweep+1","Koishi:PhantomBarrier+1","Koishi:SubconsciousSweep","Koishi:HeartAttack+1","Koishi:SubconsciousSweep","Shame","Koishi:Prune+1","Koishi:IdleWhim","Koishi:MassHysteria+1","Koishi:ConditionedTeleport"],"relics":["Koishi:ImaginaryFriend","Simple Rune","Pear","Empty Cage","DollysMirror","theSenshi:FeatherClipsRelic","Thread and Needle","Molten Egg 2","ReplayTheSpireMod:TigerMarble"],"acts_visited":["Exordium","TheCity"],"potions_floor_usage":[10,16,35,35],"damage_taken":[{"damage":3,"enemies":"Small Slimes","floor":1,"turns":4},{"damage":0,"enemies":"Cultist","floor":2,"turns":3},{"damage":1,"enemies":"Jaw Worm","floor":7,"turns":7},{"damage":30,"enemies":"Gremlin Gang","floor":10,"turns":11},{"damage":29,"enemies":"Lagavulin","floor":11,"turns":8},{"damage":0,"enemies":"Exordium Wildlife","floor":13,"turns":5},{"damage":41,"enemies":"Fading Forest","floor":16,"turns":11},{"damage":18,"enemies":"Shell Parasite","floor":18,"turns":4},{"damage":8,"enemies":"2 Thieves","floor":19,"turns":5},{"damage":16,"enemies":"Snake Plant","floor":22,"turns":2},{"damage":16,"enemies":"Book of Stabbing","floor":25,"turns":4},{"damage":0,"enemies":"Sentry and Sphere","floor":27,"turns":3},{"damage":8,"enemies":"3 Cultists","floor":29,"turns":3},{"damage":0,"enemies":"Cultist and Chosen","floor":31,"turns":3},{"damage":59,"enemies":"Champ","floor":35,"turns":6}],"seed_played":"-7644354508418775469","potions_obtained":[{"floor":7,"key":"DistilledChaos"},{"floor":11,"key":"Milkshake"},{"floor":22,"key":"CalmPotion"},{"floor":25,"key":"Block Potion"},{"floor":29,"key":"construct:ShiftPotion"},{"floor":31,"key":"Death Potion"}],"is_trial":false,"path_per_floor":["M","M","$","?","$","R","M","R","T","M","E","R","M","?","R","B",null,"M","M","$","T","M","R","?","E","T","M","$","M","R","M","PTL","PTL","R","B"],"character_chosen":"KOISHI","items_purchased":["Koishi:UnconsciousUprising","Koishi:LastRemote","Koishi:SubconsciousSweep","DollysMirror"],"campfire_rested":2,"item_purchase_floors":[3,3,20,20],"current_hp_per_floor":[58,59,59,59,59,59,60,60,60,36,21,42,44,70,70,43,70,52,46,46,46,38,59,59,49,49,55,55,53,53,59,59,59,59,0,0],"gold":56,"neow_bonus":"RANDOM_COLORLESS","is_daily":false,"chose_seed":false,"campfire_upgraded":4,"win_rate":0.0,"timestamp":1608790679,"path_taken":["M","M","$","?","$","R","M","R","T","?","E","R","M","?","R","BOSS","M","M","$","?","M","R","?","E","T","M","?","M","R","M","PTL","PTL","R","BOSS"],"items_purchased_type":["Card","Card","Card","Relic"],"build_version":"2020-12-22","purchased_purges":1,"victory":false,"max_hp_per_floor":[60,60,60,60,60,60,60,60,60,60,70,70,70,70,70,70,70,70,70,70,70,70,70,70,70,70,70,70,70,70,70,70,70,70,70,70],"card_choices":[{"not_picked":["expansioncontent:FaceSlap","ReplayTheSpireMod:Uncanny Aura"],"picked":"expansioncontent:PrepareCrush","floor":0},{"not_picked":["Koishi:RacingHeart","Koishi:ParalyzingFear"],"picked":"Koishi:HeartfeltFancy","floor":1},{"not_picked":["Koishi:ReflexRadar","Koishi:ParalyzingFear"],"picked":"Koishi:RorschachInDanmaku","floor":2},{"not_picked":["Koishi:Jaunt","Koishi:Vanish"],"picked":"Koishi:ReflexRadar","floor":7},{"not_picked":["Koishi:SubterraneanRose","Koishi:PhantomBarrier"],"picked":"Koishi:HeartAttack","floor":10},{"not_picked":["Koishi:SpiritedAway","Koishi:HeartfeltFancy","Koishi:PhantomStrike"],"picked":"SKIP","floor":11},{"not_picked":["Koishi:EmbryosDream","Koishi:Vanish","Koishi:SpiritedAway"],"picked":"SKIP","floor":13},{"not_picked":["Koishi:ImGoingToCallYouNow","Koishi:TerrifyingSpectre"],"picked":"Koishi:RoseHell","floor":16},{"not_picked":["Koishi:PhilosophyOfTheDespised","Koishi:PhantomBarrier"],"picked":"Koishi:SubconsciousSweep","floor":18},{"not_picked":["Koishi:JumpScare+1","Koishi:PhilosophyOfTheDespised"],"picked":"Koishi:PhantomBarrier+1","floor":19},{"not_picked":["Koishi:LastRemote","Koishi:PhantomBarrier"],"picked":"Koishi:SubconsciousSweep","floor":22},{"not_picked":["Koishi:BramblyRoseGarden","Koishi:DNAsFlaw"],"picked":"Koishi:Prune+1","floor":25},{"not_picked":["Koishi:EmbersOfLove","Koishi:ParalyzingFear+1"],"picked":"Koishi:IdleWhim","floor":27},{"not_picked":["Koishi:StingingMind+1","Koishi:SpiritedAway+1"],"picked":"Koishi:MassHysteria+1","floor":29},{"not_picked":["Koishi:BloodcurdlingScream+1","Koishi:FleetingPhantom","Koishi:StingingMind+1"],"picked":"SKIP","floor":31}],"player_experience":725285,"relics_obtained":[{"floor":9,"key":"Simple Rune"},{"floor":11,"key":"Pear"},{"floor":21,"key":"theSenshi:FeatherClipsRelic"},{"floor":25,"key":"Molten Egg 2"},{"floor":26,"key":"ReplayTheSpireMod:TigerMarble"}],"event_choices":[{"damage_healed":0,"gold_gain":0,"player_choice":"Upgraded","damage_taken":0,"max_hp_gain":0,"max_hp_loss":0,"event_name":"Upgrade Shrine","floor":4,"gold_loss":0,"cards_upgraded":["Koishi:HauntingSlash"]},{"cards_removed":["expansioncontent:PrepareCrush"],"damage_healed":26,"gold_gain":0,"player_choice":"Offered Uncommon","damage_taken":0,"max_hp_gain":0,"max_hp_loss":0,"event_name":"Bonfire Elementals","floor":14,"gold_loss":0},{"damage_healed":0,"gold_gain":0,"player_choice":"Stole Relic","damage_taken":0,"relics_obtained":["Thread and Needle"],"max_hp_gain":0,"max_hp_loss":0,"event_name":"Addict","floor":24,"gold_loss":0,"cards_obtained":["Shame"]}],"is_beta":false,"boss_relics":[{"not_picked":["Kintsugi","Snecko Eye"],"picked":"Empty Cage"}],"items_purged_floors":[28],"is_endless":false,"potions_floor_spawned":[7,11,22,25,29,31],"killed_by":"Champ","ascension_level":0}}