{"host":"Fun","time":1608851512,"event":{"mods":["BaseMod","Colored Map","Filter the Spire","Minty Spire (QoL Compilation)","Relic Stats","StSLib"],"gold_per_floor":[111,111,111,129,152,152,171,202,202,215,215,32,103,146,146,269,269,294,317,317,15,15,46,46,84,107,107,123,123,166,185,185,311,311,336,354,73,73,93,93,193,193,193,229,243,243,268,268,268,268],"floor_reached":51,"playtime":3304,"items_purged":["Strike_P","Strike_P"],"score":1027,"play_id":"839c3a02-5690-43a0-b3ca-e76710c8d991","local_time":"20201224181152","is_ascension_mode":true,"campfire_choices":[{"data":"Eruption","floor":6.0,"key":"SMITH"},{"floor":11.0,"key":"REST"},{"floor":15.0,"key":"REST"},{"data":"Wireheading","floor":24.0,"key":"SMITH"},{"floor":29.0,"key":"REST"},{"floor":32.0,"key":"REST"},{"data":"Omniscience","floor":40.0,"key":"SMITH"},{"data":"TalkToTheHand","floor":42.0,"key":"SMITH"},{"floor":46.0,"key":"REST"},{"data":"DevaForm","floor":49,"key":"SMITH"}],"circlet_count":0,"master_deck":["Defend_P+1","Defend_P+1","Defend_P+1","Defend_P+1","Eruption+1","Vigilance","Alpha+1","ReachHeaven","Evaluate","CarveReality","TalkToTheHand","Prostrate","EmptyBody","Wireheading+1","DevaForm+1","CutThroughFate","Establishment","JustLucky+1","FlurryOfBlows+1","LessonLearned","Nirvana","CutThroughFate+1","Omniscience+1","Perseverance","TalkToTheHand+1","JustLucky","MasterReality","Wallop","CutThroughFate","SpiritShield+1","ForeignInfluence+1","Flash of Steel+1","ThirdEye+1","CutThroughFate+1","Prostrate+1","Evaluate+1"],"relics":["PureWater","WarpedTongs","Golden Idol","Dream Catcher","Yang","OrangePellets","Kunai","Unceasing Top","SlaversCollar","Nunchaku","Dead Branch","Potion Belt","Toxic Egg 2","Strawberry","Busted Crown","Damaru","Frozen Egg 2","Molten Egg 2"],"acts_visited":["Exordium","TheCity","TheBeyond"],"potions_floor_usage":[50],"damage_taken":[{"damage":0.0,"enemies":"2 Louse","floor":1.0,"turns":3.0},{"damage":0.0,"enemies":"Jaw Worm","floor":4.0,"turns":3.0},{"damage":0.0,"enemies":"Cultist","floor":5.0,"turns":3.0},{"damage":0.0,"enemies":"Red Slaver","floor":7.0,"turns":4.0},{"damage":26.0,"enemies":"Gremlin Nob","floor":8.0,"turns":3.0},{"damage":5.0,"enemies":"Exordium Thugs","floor":10.0,"turns":6.0},{"damage":13.0,"enemies":"3 Sentries","floor":14.0,"turns":8.0},{"damage":12.0,"enemies":"The Guardian","floor":16.0,"turns":9.0},{"damage":1.0,"enemies":"Chosen","floor":18.0,"turns":7.0},{"damage":17.0,"enemies":"Spheric Guardian","floor":19.0,"turns":7.0},{"damage":0.0,"enemies":"Gremlin Leader","floor":23.0,"turns":5.0},{"damage":35.0,"enemies":"Slavers","floor":25.0,"turns":6.0},{"damage":1.0,"enemies":"Centurion and Healer","floor":28.0,"turns":6.0},{"damage":14.0,"enemies":"Gremlin Leader","floor":30.0,"turns":5.0},{"damage":5.0,"enemies":"Cultist and Chosen","floor":31.0,"turns":6.0},{"damage":0.0,"enemies":"Champ","floor":33.0,"turns":7.0},{"damage":0.0,"enemies":"3 Darklings","floor":35.0,"turns":6.0},{"damage":2.0,"enemies":"3 Shapes","floor":36.0,"turns":8.0},{"damage":1.0,"enemies":"3 Darklings","floor":39.0,"turns":7.0},{"damage":11.0,"enemies":"Reptomancer","floor":44.0,"turns":8.0},{"damage":7.0,"enemies":"Maw","floor":45.0,"turns":7.0},{"damage":0,"enemies":"Transient","floor":47,"turns":5},{"damage":15,"enemies":"Donu and Deca","floor":50,"turns":6}],"seed_played":"-5246991744994986313","potions_obtained":[{"floor":3.0,"key":"ColorlessPotion"},{"floor":3.0,"key":"Strength Potion"},{"floor":3.0,"key":"CultistPotion"},{"floor":5.0,"key":"FairyPotion"},{"floor":19.0,"key":"DuplicationPotion"},{"floor":28.0,"key":"DuplicationPotion"},{"floor":30.0,"key":"SneckoOil"},{"floor":39.0,"key":"Ancient Potion"},{"floor":47,"key":"FearPotion"}],"is_trial":false,"path_per_floor":["M","?","?","M","M","R","M","E","T","M","R","$","T","E","R","B",null,"M","M","?","$","?","E","R","E","T","T","M","R","E","M","R","B",null,"M","M","$","?","M","R","?","R","T","E","M","R","M","?","R","B",null],"character_chosen":"WATCHER","items_purchased":["OrangePellets","Wireheading","LessonLearned","Nirvana","CutThroughFate","Damaru","ForeignInfluence+1"],"campfire_rested":5,"item_purchase_floors":[12,12,21,21,21,37,37],"current_hp_per_floor":[65,49,49,49,49,49,49,23,23,18,37,37,37,24,43,31,65,64,47,47,47,47,47,47,12,12,12,11,30,23,18,39,39,72,72,70,70,70,69,69,69,69,69,58,51,72,72,72,72,57],"gold":268,"neow_bonus":"THREE_RARE_CARDS","is_daily":false,"chose_seed":false,"campfire_upgraded":5,"win_rate":0.0,"timestamp":1608851512,"path_taken":["M","?","?","?","M","R","M","E","T","M","R","?","?","E","R","BOSS","M","M","?","$","?","E","R","E","T","?","M","R","E","M","R","BOSS","M","M","$","?","M","R","?","R","T","E","M","R","?","?","R","BOSS"],"items_purchased_type":["Relic","Card","Card","Card","Card","Relic","Card"],"build_version":"2020-12-18","purchased_purges":2,"victory":true,"max_hp_per_floor":[65,65,65,65,65,65,65,65,65,65,65,65,65,65,65,65,65,65,65,65,65,65,65,65,65,65,65,65,65,72,72,72,72,72,72,72,72,72,72,72,72,72,72,72,72,72,72,72,72,72],"relic_stats":{"OrangePellets":[70],"Dream Catcher":5,"Nunchaku":[26],"Busted Crown":16,"counters":[23,135],"Golden Idol":173,"Dead Branch":[107],"Yang":[367],"Kunai":[81],"obtain_stats":[{"Potion Belt":26,"Golden Idol":2,"Dead Branch":25,"Damaru":37,"Yang":9,"Frozen Egg 2":43,"WarpedTongs":0,"OrangePellets":12,"SlaversCollar":17,"Dream Catcher":8,"Nunchaku":23,"Busted Crown":34,"Strawberry":30,"Molten Egg 2":44,"Kunai":13,"PureWater":0,"Toxic Egg 2":27,"Unceasing Top":14},{"Potion Belt":12,"Golden Idol":1,"Dead Branch":12,"Damaru":18,"Yang":5,"Frozen Egg 2":19,"WarpedTongs":0,"OrangePellets":6,"SlaversCollar":8,"Dream Catcher":5,"Nunchaku":11,"Busted Crown":16,"Strawberry":14,"Molten Egg 2":20,"Kunai":6,"PureWater":0,"Toxic Egg 2":12,"Unceasing Top":7},{"Potion Belt":64,"Golden Idol":3,"Dead Branch":64,"Damaru":102,"Yang":16,"Frozen Egg 2":109,"WarpedTongs":0,"OrangePellets":22,"SlaversCollar":39,"Dream Catcher":16,"Nunchaku":58,"Busted Crown":88,"Strawberry":75,"Molten Egg 2":117,"Kunai":22,"PureWater":0,"Toxic Egg 2":64,"Unceasing Top":30}],"Unceasing Top":[53],"WarpedTongs":[135]},"card_choices":[{"not_picked":["Brilliance","Scrawl"],"picked":"Alpha","floor":0.0},{"not_picked":["FlyingSleeves","ThirdEye"],"picked":"ReachHeaven","floor":1.0},{"not_picked":["Crescendo","Indignation"],"picked":"Evaluate","floor":4.0},{"not_picked":["ClearTheMind","FollowUp"],"picked":"CarveReality","floor":5.0},{"not_picked":["Consecrate","Crescendo"],"picked":"TalkToTheHand","floor":7.0},{"not_picked":["ReachHeaven","BattleHymn"],"picked":"Prostrate","floor":8.0},{"not_picked":["Perseverance","Crescendo"],"picked":"EmptyBody","floor":10.0},{"not_picked":["EmptyMind","Study"],"picked":"Consecrate","floor":11.0},{"not_picked":["WaveOfTheHand","ThirdEye"],"picked":"DevaForm","floor":14.0},{"not_picked":["FlyingSleeves","Conclude"],"picked":"CutThroughFate","floor":15.0},{"not_picked":["MasterReality","Blasphemy"],"picked":"Establishment","floor":16.0},{"not_picked":["Indignation","PathToVictory"],"picked":"JustLucky+1","floor":18.0},{"not_picked":["Adaptation","Worship"],"picked":"FlurryOfBlows+1","floor":19.0},{"not_picked":["BowlingBash","Study","Evaluate"],"picked":"SKIP","floor":23.0},{"not_picked":["EmptyFist","Conclude+1"],"picked":"TalkToTheHand","floor":25.0},{"not_picked":["SashWhip+1","Pray+1"],"picked":"JustLucky","floor":28.0},{"not_picked":["FollowUp","Prostrate+1"],"picked":"MasterReality","floor":29.0},{"not_picked":["FlyingSleeves+1","Consecrate"],"picked":"Wallop","floor":30.0},{"not_picked":["ClearTheMind+1","SashWhip"],"picked":"CutThroughFate","floor":31.0},{"not_picked":["Judgement+1","Wish+1"],"picked":"SpiritShield+1","floor":33.0},{"not_picked":["Perseverance+1"],"picked":"SKIP","floor":35.0},{"not_picked":["Adaptation+1"],"picked":"SKIP","floor":36.0},{"not_picked":[],"picked":"Flash of Steel","floor":38.0},{"not_picked":[],"picked":"ThirdEye+1","floor":39.0},{"not_picked":[],"picked":"CutThroughFate+1","floor":44.0},{"not_picked":[],"picked":"Prostrate+1","floor":45.0},{"not_picked":[],"picked":"Evaluate+1","floor":46.0},{"not_picked":["Perseverance+1"],"picked":"SKIP","floor":47}],"player_experience":110382,"relics_obtained":[{"floor":8.0,"key":"Dream Catcher"},{"floor":9.0,"key":"Yang"},{"floor":13.0,"key":"Kunai"},{"floor":14.0,"key":"Unceasing Top"},{"floor":23.0,"key":"Nunchaku"},{"floor":25.0,"key":"Dead Branch"},{"floor":26.0,"key":"Potion Belt"},{"floor":27.0,"key":"Toxic Egg 2"},{"floor":30.0,"key":"Strawberry"},{"floor":43.0,"key":"Frozen Egg 2"},{"floor":44.0,"key":"Molten Egg 2"}],"event_choices":[{"damage_healed":0.0,"max_hp_gain":0.0,"max_hp_loss":0.0,"gold_gain":0.0,"event_name":"Golden Idol","player_choice":"Take Damage","floor":2.0,"gold_loss":0.0,"damage_taken":16.0,"relics_obtained":["Golden Idol"]},{"damage_healed":0.0,"max_hp_gain":0.0,"max_hp_loss":0.0,"gold_gain":0.0,"event_name":"Lab","player_choice":"Got Potions","floor":3.0,"gold_loss":0.0,"damage_taken":0.0},{"damage_healed":0.0,"max_hp_gain":0.0,"max_hp_loss":0.0,"gold_gain":0.0,"event_name":"Vampires","player_choice":"Ignored","floor":20.0,"gold_loss":0.0,"damage_taken":0.0},{"damage_healed":0.0,"max_hp_gain":0.0,"max_hp_loss":0.0,"gold_gain":0.0,"cards_transformed":["Strike_P","Strike_P"],"event_name":"Drug Dealer","player_choice":"Became Test Subject","floor":22.0,"gold_loss":0.0,"damage_taken":0.0,"cards_obtained":["Omniscience","Perseverance"]},{"damage_healed":0.0,"max_hp_gain":0.0,"max_hp_loss":0.0,"gold_gain":0.0,"event_name":"SensoryStone","player_choice":"Memory 1","floor":38.0,"gold_loss":0.0,"damage_taken":0.0},{"damage_healed":0.0,"max_hp_gain":0.0,"max_hp_loss":0.0,"gold_gain":100.0,"event_name":"Golden Shrine","player_choice":"Pray","floor":41.0,"gold_loss":0.0,"damage_taken":0.0},{"cards_removed":["Consecrate"],"damage_healed":0,"gold_gain":0,"player_choice":"Removed Attack","damage_taken":0,"max_hp_gain":0,"max_hp_loss":0,"event_name":"Falling","floor":48,"gold_loss":0}],"is_beta":true,"boss_relics":[{"not_picked":["Black Star","Snecko Eye"],"picked":"SlaversCollar"},{"not_picked":["Astrolabe","Pandora\u0027s Box"],"picked":"Busted Crown"}],"items_purged_floors":[21,37],"is_endless":false,"potions_floor_spawned":[5,10,16,19,28,30,39,47],"ascension_level":4}}