{"host":"202rh853cfmsp27s","time":1608804072,"event":{"mods":["AchievementEnabler","BaseMod","Bestiary","Better Altar","Better Match","Better Note","Better Sensory Stone","Better Skull","Better Third Choice","Better Vampires","BetterRewards","Colored Map","Colored Powertips","Curses Come First","Decade(???)","DeckTracker","Downfall","GifTheSpireLib","Gold Saver","Googly Eyes","Gremlin Mod","Halation","Hermit","Highlight Path","Infinite Spire","Minty Spire (QoL Compilation)","Permanent Neow","Random Character Button","Rare Cards Sparkle","Relic Stats","Replay The Spire","Shade Mod","Spicy Shops","StSLib","The Animator","The Bug Knight","The Wild Card","Unceasing Turn Reminder"],"gold_per_floor":[111,111,131,142,158,190,190,190,190,10,39,59,24,36,36,136,136,61,61,61,61,61,61,61,61,61,61,61,61,61,61,61,61,61,61,61,61,61,61,61,61,61,61,61,61,61,61,0,0,0,0,0,0],"floor_reached":52,"playtime":5391,"items_purged":["Strike_B"],"score":684,"play_id":"4c768c08-3cd0-46a1-8b89-4e4c61d442d3","local_time":"20201224030112","is_ascension_mode":false,"campfire_choices":[{"data":"Crystallizer","floor":7,"key":"SMITH"},{"data":"Zap","floor":15,"key":"SMITH"},{"data":"Storm","floor":28,"key":"SMITH"},{"data":"Machine Learning","floor":32,"key":"SMITH"},{"data":"BasicCrystalCard","floor":40,"key":"SMITH"},{"data":"BasicCrystalCard","floor":42,"key":"SMITH"},{"data":"Hologram","floor":44,"key":"SMITH"},{"floor":49,"key":"RECALL"}],"circlet_count":0,"master_deck":["Zap+1","Dualcast","Crystallizer","FTL","Streamline","Crystallizer+1","BootSequence","Turbo","Machine Learning+1","Hologram+1","Hologram","Storm+1","Sweeping Beam","Coolheaded","Reboot","Darkness","Crystallizer","Core Surge","BasicCrystalCard+1","White Noise+1","Conserve Battery","Panic Button","Force Field+1","Hello World","FIFO Queue","Injury","Force Field","Redo","Decay","Electrodynamics","Mirror Shield","BasicCrystalCard+1","Stack","BasicCrystalCard+1","Chill","ReplayTheSpireMod:Splinters","BasicCrystalCard+1","ReplayTheSpireMod:Reroute Power","Electrodynamics","Multi-Cast"],"relics":["Cracked Core","Empty Cage","ChewingGum","Bronze Scales","HornCleat","Omamori","halation:Thesaurus","Sling","Thread and Needle","Replay:Grab Bag","Cursed Key","Ectoplasm","Calling Bell","Pandora\u0027s Box","Matryoshka","halation:VictoryRuler","Simple Rune","ClockworkSouvenir","Juzu Bracelet","halation:AfternoonTea","infinitespire:Bottled Soul","halation:SelfBoilingWater","Mango","Gremlin Horn","halation:Yufonium","halation:PapillonHeart","ReplayTheSpireMod:Lightbulb","Nunchaku","Red Mask","Black Star"],"acts_visited":["Exordium","TheCity","TheBeyond","Exordium"],"potions_floor_usage":[16,27,50,50],"damage_taken":[{"damage":8,"enemies":"2 Louse","floor":1,"turns":3},{"damage":0,"enemies":"Small Slimes","floor":3,"turns":4},{"damage":1,"enemies":"Jaw Worm","floor":4,"turns":3},{"damage":0,"enemies":"Looter","floor":5,"turns":2},{"damage":18,"enemies":"Replay:BlueRogue","floor":6,"turns":5},{"damage":11,"enemies":"3 Sentries","floor":11,"turns":6},{"damage":0,"enemies":"Exordium Thugs","floor":12,"turns":3},{"damage":0,"enemies":"Lots of Slimes","floor":14,"turns":3},{"damage":25,"enemies":"Fading Forest","floor":16,"turns":11},{"damage":20,"enemies":"2 Thieves","floor":18,"turns":5},{"damage":15,"enemies":"Sentry and Sphere","floor":21,"turns":4},{"damage":0,"enemies":"Snake Plant","floor":22,"turns":3},{"damage":5,"enemies":"Book of Stabbing","floor":23,"turns":4},{"damage":0,"enemies":"Snecko","floor":24,"turns":5},{"damage":0,"enemies":"HollowMod:Nosk","floor":25,"turns":5},{"damage":7,"enemies":"Colosseum Slavers","floor":27,"turns":3},{"damage":1,"enemies":"Colosseum Nobs","floor":27,"turns":4},{"damage":7,"enemies":"Centurion and Healer","floor":29,"turns":4},{"damage":0,"enemies":"Chosen and Byrds","floor":31,"turns":4},{"damage":18,"enemies":"Automaton","floor":33,"turns":5},{"damage":7,"enemies":"3 Shapes","floor":35,"turns":3},{"damage":11,"enemies":"3 Darklings","floor":38,"turns":3},{"damage":6,"enemies":"Writhing Mass","floor":41,"turns":4},{"damage":4,"enemies":"Maw","floor":45,"turns":7},{"damage":0,"enemies":"Sphere and 2 Shapes","floor":46,"turns":3},{"damage":8,"enemies":"Nightmare","floor":47,"turns":6},{"damage":4,"enemies":"Replay:Hell Engine","floor":50,"turns":8},{"damage":9,"enemies":"Small Slimes","floor":52,"turns":2}],"seed_played":"-3360613750141275033","potions_obtained":[{"floor":4,"key":"SpeedPotion"},{"floor":11,"key":"Dexterity Potion"},{"floor":12,"key":"Energy Potion"},{"floor":16,"key":"EssenceOfSteel"},{"floor":31,"key":"EssenceOfDarkness"},{"floor":37,"key":"champ:CounterPotion"},{"floor":50,"key":"PowerPotion"}],"is_trial":false,"path_per_floor":["M","?","M","M","M","E","R","?","T","$","E","M","?","M","R","B",null,"M","AVR","?","M","M","E","M","E","T","?","R","M","?","M","R","B",null,"M","?","?","M","?","R","M","R","T","R","M","M","NM","?","R_BF","B",null,"M"],"character_chosen":"DEFECT","items_purchased":["ReplayTheSpireMod:CursedCoin","halation:Thesaurus","Machine Learning","Hologram"],"campfire_rested":0,"item_purchase_floors":[10,10,10,10],"current_hp_per_floor":[67,60,60,59,59,41,41,41,41,41,30,30,48,48,48,37,75,55,55,55,40,40,35,35,35,35,41,41,34,34,34,34,16,89,82,82,48,37,37,37,31,31,31,31,27,27,19,19,19,15,85,76,76],"gold":0,"neow_bonus":"DOUBLE_BOSS_RELIC","is_daily":false,"chose_seed":false,"campfire_upgraded":7,"win_rate":0.0,"timestamp":1608804072,"path_taken":["M","?","M","M","M","E","R","?","T","?","E","M","?","?","R","BOSS","M","AVR","?","M","M","E","M","E","T","?","R","M","?","M","R","BOSS","M","?","?","M","?","R","M","R","T","R","M","M","NM","?","R_BF","BOSS","M"],"items_purchased_type":["Relic","Relic","Card","Card"],"build_version":"2020-12-22","purchased_purges":1,"victory":false,"max_hp_per_floor":[75,75,75,75,75,75,75,75,75,75,75,75,75,75,75,75,75,75,75,75,75,75,75,75,75,75,89,89,89,89,89,89,89,89,89,85,85,85,85,85,85,85,85,85,85,85,85,85,85,85,85,85,85],"relic_stats":{"Nunchaku":[1],"Gremlin Horn":[11,11],"counters":[28,122],"Bronze Scales":[323],"Pandora\u0027s Box":["Darkness","Crystallizer","Core Surge","BasicCrystalCard"],"Ectoplasm":738,"Juzu Bracelet":0,"Black Star":0,"Cursed Key":2,"obtain_stats":[{"halation:PapillonHeart":36,"Gremlin Horn":27,"Mango":27,"Juzu Bracelet":23,"Empty Cage":0,"Sling":10,"Cursed Key":17,"ClockworkSouvenir":19,"Nunchaku":47,"HornCleat":6,"Matryoshka":17,"infinitespire:Bottled Soul":26,"halation:VictoryRuler":17,"Red Mask":48,"Cracked Core":0,"ReplayTheSpireMod:CursedCoin":10,"Replay:Grab Bag":17,"halation:Yufonium":34,"Thread and Needle":11,"Omamori":9,"halation:Thesaurus":10,"halation:SelfBoilingWater":26,"Calling Bell":17,"Bronze Scales":2,"ChewingGum":0,"Pandora\u0027s Box":17,"Simple Rune":17,"Ectoplasm":17,"Black Star":51,"halation:AfternoonTea":25,"ReplayTheSpireMod:Lightbulb":37},{"halation:PapillonHeart":21,"Gremlin Horn":17,"Mango":17,"Juzu Bracelet":13,"Empty Cage":0,"Sling":5,"Cursed Key":9,"ClockworkSouvenir":10,"Nunchaku":26,"HornCleat":5,"Matryoshka":9,"infinitespire:Bottled Soul":15,"halation:VictoryRuler":9,"Red Mask":26,"Cracked Core":0,"ReplayTheSpireMod:CursedCoin":5,"Replay:Grab Bag":9,"halation:Yufonium":20,"Thread and Needle":6,"Omamori":5,"halation:Thesaurus":5,"halation:SelfBoilingWater":15,"Calling Bell":9,"Bronze Scales":1,"ChewingGum":0,"Pandora\u0027s Box":9,"Simple Rune":9,"Ectoplasm":9,"Black Star":27,"halation:AfternoonTea":15,"ReplayTheSpireMod:Lightbulb":21},{"halation:PapillonHeart":89,"Gremlin Horn":73,"Mango":73,"Juzu Bracelet":56,"Empty Cage":0,"Sling":17,"Cursed Key":40,"ClockworkSouvenir":45,"Nunchaku":112,"HornCleat":17,"Matryoshka":40,"infinitespire:Bottled Soul":66,"halation:VictoryRuler":40,"Red Mask":112,"Cracked Core":0,"ReplayTheSpireMod:CursedCoin":17,"Replay:Grab Bag":40,"halation:Yufonium":86,"Thread and Needle":23,"Omamori":17,"halation:Thesaurus":17,"halation:SelfBoilingWater":66,"Calling Bell":40,"Bronze Scales":3,"ChewingGum":0,"Pandora\u0027s Box":40,"Simple Rune":40,"Ectoplasm":40,"Black Star":120,"halation:AfternoonTea":66,"ReplayTheSpireMod:Lightbulb":89}]},"card_choices":[{"not_picked":["Coolheaded","Barrage"],"picked":"Crystallizer","floor":1},{"not_picked":["Rebound","Steam"],"picked":"FTL","floor":3},{"not_picked":["Beam Cell","Cold Snap"],"picked":"Streamline","floor":4},{"not_picked":["Stack","Fusion"],"picked":"Crystallizer","floor":5},{"not_picked":["Undo","Melter"],"picked":"BootSequence","floor":6},{"not_picked":["Steam","Rip and Tear"],"picked":"Storm","floor":11},{"not_picked":["ReplaySolidLightProjector","Steam"],"picked":"Sweeping Beam","floor":12},{"not_picked":["Hologram","Time Bomb"],"picked":"Coolheaded","floor":14},{"not_picked":["Hyperbeam","All For One"],"picked":"Reboot","floor":16},{"not_picked":["Barrage","Sweeping Beam"],"picked":"White Noise+1","floor":18},{"not_picked":["Turbo","Leap"],"picked":"Conserve Battery","floor":21},{"not_picked":["Conserve Battery","Coolheaded+1"],"picked":"Panic Button","floor":22},{"not_picked":["ReplaySolidLightProjector","Leap+1"],"picked":"Force Field+1","floor":23},{"not_picked":["Sweeping Beam","ReplaySolidLightProjector"],"picked":"Hello World","floor":24},{"not_picked":["Panic Button+1","Steam Power"],"picked":"FIFO Queue","floor":25},{"not_picked":["Consume","Sweeping Beam+1"],"picked":"Force Field","floor":27},{"not_picked":["Steam Power+1","Gash+1"],"picked":"Redo","floor":29},{"not_picked":["Conserve Battery+1","Double Energy+1"],"picked":"Electrodynamics","floor":31},{"not_picked":["Buffer","Machine Learning"],"picked":"Mirror Shield","floor":33},{"not_picked":["Steam","Streamline"],"picked":"BasicCrystalCard","floor":35},{"not_picked":["Gash","Skim+1"],"picked":"Compile Driver","floor":37},{"not_picked":["Cold Snap","Undo+1"],"picked":"Stack","floor":37},{"not_picked":["Leap","Hologram"],"picked":"BasicCrystalCard+1","floor":38},{"not_picked":["Core Surge","Rip and Tear"],"picked":"Chill","floor":41},{"not_picked":["Stack+1","Coolheaded+1"],"picked":"BasicCrystalCard+1","floor":45},{"not_picked":["BasicCrystalCard","Panic Button"],"picked":"ReplayTheSpireMod:Reroute Power","floor":46},{"not_picked":["Gash","FIFO Queue+1"],"picked":"Electrodynamics","floor":47},{"not_picked":["ReplayTheSpireMod:Fabricate Wheel","Fission"],"picked":"Multi-Cast","floor":50}],"player_experience":86308,"relics_obtained":[{"floor":6,"key":"HornCleat"},{"floor":9,"key":"Omamori"},{"floor":11,"key":"Thread and Needle"},{"floor":17,"key":"Matryoshka"},{"floor":17,"key":"halation:VictoryRuler"},{"floor":17,"key":"Simple Rune"},{"floor":23,"key":"Juzu Bracelet"},{"floor":25,"key":"halation:AfternoonTea"},{"floor":26,"key":"infinitespire:Bottled Soul"},{"floor":26,"key":"halation:SelfBoilingWater"},{"floor":27,"key":"Mango"},{"floor":27,"key":"Gremlin Horn"},{"floor":37,"key":"ReplayTheSpireMod:Lightbulb"},{"floor":47,"key":"Nunchaku"}],"event_choices":[{"damage_healed":0,"gold_gain":0,"player_choice":"Relic ","damage_taken":7,"max_hp_gain":0,"max_hp_loss":0,"event_name":"betterThird:BetterScrap","floor":2,"gold_loss":0,"cards_obtained":["Unload"]},{"damage_healed":0,"gold_gain":0,"cards_transformed":["Strike_B"],"player_choice":"Change","damage_taken":0,"max_hp_gain":0,"max_hp_loss":0,"event_name":"Living Wall","floor":8,"gold_loss":0,"cards_obtained":["Turbo"]},{"damage_healed":18,"gold_gain":0,"player_choice":"Healed","damage_taken":0,"max_hp_gain":0,"max_hp_loss":0,"event_name":"The Cleric","floor":13,"gold_loss":35},{"cards_removed":["Crystallizer"],"damage_healed":0,"gold_gain":0,"player_choice":"Give","damage_taken":0,"max_hp_gain":0,"max_hp_loss":0,"event_name":"betterNote:BetterNote","floor":20,"gold_loss":0,"cards_obtained":["Intimidate"]},{"damage_healed":0,"gold_gain":0,"player_choice":"Fight","damage_taken":0,"max_hp_gain":0,"max_hp_loss":0,"event_name":"Colosseum","floor":27,"gold_loss":0},{"damage_healed":0,"gold_gain":0,"player_choice":"Fought Nobs","damage_taken":0,"max_hp_gain":0,"max_hp_loss":0,"event_name":"Colosseum","floor":27,"gold_loss":0},{"damage_healed":0,"gold_gain":0,"player_choice":"Cursed","damage_taken":0,"max_hp_gain":0,"max_hp_loss":0,"event_name":"Wheel of Change","floor":30,"gold_loss":0,"cards_obtained":["Decay"]},{"cards_removed":["Compile Driver"],"damage_healed":0,"gold_gain":0,"player_choice":"Removed Attack","damage_taken":0,"max_hp_gain":0,"max_hp_loss":0,"event_name":"Falling","floor":39,"gold_loss":0},{"damage_healed":0,"gold_gain":0,"player_choice":"Paid","damage_taken":0,"relics_obtained":["Red Mask"],"max_hp_gain":0,"max_hp_loss":0,"event_name":"Tomb of Lord Red Mask","floor":48,"gold_loss":61}],"is_beta":false,"boss_relics":[{"not_picked":["halation:PlatinumPhoenix","Replay:Ancient Bell"],"picked":"Replay:Grab Bag"},{"not_picked":["Philosopher\u0027s Stone","halation:CatFaceCupcake"],"picked":"Cursed Key"},{"not_picked":["Busted Crown","Replay:Bronze Core"],"picked":"Ectoplasm"},{"not_picked":["halation:LoveArrow","Replay:Drink Me"],"picked":"Calling Bell"},{"not_picked":["halation:Risk","halation:MonkeysPaw"],"picked":"Pandora\u0027s Box"},{"not_picked":["Tiny House","Kintsugi"],"picked":"halation:Yufonium"},{"not_picked":["ReplayTheSpireMod:DimensionalGlitch","Abe\u0027s Treasure"],"picked":"Black Star"}],"items_purged_floors":[10],"is_endless":true,"potions_floor_spawned":[4,11,12,16,18,22,25,27,31,33,41,45,46,50],"killed_by":"Small Slimes","ascension_level":0}}