{"host":"q2j4ef1ti78v4imq","time":1608845909,"event":{"mods":["AchievementEnabler","BaseMod","Better Altar","Better Match","Better Note","Better Sensory Stone","Better Skull","Better Third Choice","Block Reminder","Hermit","Minty Spire (QoL Compilation)","Relic Stats","Replay The Spire","Shade Mod","StSLib"],"gold_per_floor":[115,115,290,339,353,353,374,412,459,473,473,498,42,42,42,42,42],"floor_reached":16,"playtime":461,"items_purged":[],"score":170,"play_id":"ec0029aa-597d-4a4f-9a08-706a386f5dce","local_time":"20201224213829","is_ascension_mode":true,"campfire_choices":[{"data":"Deadly Poison","floor":6,"key":"SMITH"},{"data":"Catalyst","floor":11,"key":"SMITH"},{"floor":15,"key":"REST"}],"circlet_count":0,"master_deck":["AscendersBane","Strike_G","Strike_G","Strike_G","Strike_G","Strike_G","Defend_G","Defend_G","Defend_G","Defend_G","Defend_G","Survivor","Neutralize","Deadly Poison+1","Bane","Crippling Poison","Catalyst+1","Prepared","ReplayTheSpireMod:IOU"],"relics":["Ring of the Snake","Golden Idol","Replay:Rubber Ducky","Mirror","Replay:Wax Seal","The Specimen","Question Card"],"acts_visited":["Exordium"],"potions_floor_usage":[8,8,16],"damage_taken":[{"damage":0,"enemies":"Small Slimes","floor":1,"turns":4},{"damage":0,"enemies":"Jaw Worm","floor":5,"turns":5},{"damage":0,"enemies":"2 Louse","floor":7,"turns":3},{"damage":24,"enemies":"Gremlin Nob","floor":8,"turns":4},{"damage":0,"enemies":"2 Fungi Beasts","floor":10,"turns":4},{"damage":8,"enemies":"Exordium Wildlife","floor":12,"turns":5},{"damage":43,"enemies":"Slime Boss","floor":16,"turns":7}],"seed_played":"-6205830541856586429","potions_obtained":[{"floor":1,"key":"Toxic Potion"},{"floor":5,"key":"Toxic Potion"},{"floor":10,"key":"Poison Potion"}],"is_trial":false,"path_per_floor":["M","?","?","T","M","R","M","E","T","M","R","M","$","?","R","B"],"character_chosen":"THE_SILENT","items_purchased":["The Specimen","Question Card"],"campfire_rested":1,"item_purchase_floors":[13,13],"current_hp_per_floor":[65,47,47,47,47,47,47,23,23,23,23,15,15,15,36,0,0],"gold":42,"neow_bonus":"TEN_PERCENT_HP_BONUS","is_daily":false,"chose_seed":false,"campfire_upgraded":2,"win_rate":0.0,"timestamp":1608845909,"path_taken":["M","?","?","?","M","R","M","E","T","M","R","M","?","?","R","BOSS"],"items_purchased_type":["Relic","Relic"],"build_version":"2020-12-22","purchased_purges":0,"victory":false,"max_hp_per_floor":[72,72,72,72,72,72,72,72,72,72,72,72,72,72,72,72,72],"relic_stats":{"counters":[7,32],"Golden Idol":23,"Question Card":0,"obtain_stats":[{"The Specimen":13,"Golden Idol":2,"Replay:Wax Seal":9,"Mirror":8,"Question Card":13,"Ring of the Snake":0,"Replay:Rubber Ducky":4},{"The Specimen":6,"Golden Idol":1,"Replay:Wax Seal":4,"Mirror":4,"Question Card":6,"Ring of the Snake":0,"Replay:Rubber Ducky":1},{"The Specimen":25,"Golden Idol":4,"Replay:Wax Seal":16,"Mirror":16,"Question Card":25,"Ring of the Snake":0,"Replay:Rubber Ducky":4}],"Ring of the Snake":[14]},"card_choices":[{"not_picked":["Endless Agony","Concentrate"],"picked":"Deadly Poison","floor":1},{"not_picked":["Backflip","Setup"],"picked":"Bane","floor":5},{"not_picked":["Malaise","Underhanded Strike"],"picked":"Crippling Poison","floor":7},{"not_picked":["Blade Dance","ReplayTheSpireMod:Shiv Toss"],"picked":"Catalyst","floor":8},{"not_picked":["Dagger Throw","Acrobatics","Endless Agony"],"picked":"SKIP","floor":10},{"not_picked":["Wraith Form v2","Poisoned Stab"],"picked":"Prepared","floor":12}],"player_experience":822433,"relics_obtained":[{"floor":4,"key":"Replay:Rubber Ducky"},{"floor":8,"key":"Mirror"},{"floor":9,"key":"Replay:Wax Seal"}],"event_choices":[{"damage_healed":0,"gold_gain":0,"player_choice":"Take Damage","damage_taken":18,"relics_obtained":["Golden Idol"],"max_hp_gain":0,"max_hp_loss":0,"event_name":"Golden Idol","floor":2,"gold_loss":0},{"damage_healed":0,"gold_gain":175,"player_choice":"AGREE","damage_taken":115,"max_hp_gain":0,"max_hp_loss":0,"event_name":"betterThird:BetterSerpent","floor":3,"gold_loss":0},{"cards_removed":["Doubt"],"damage_healed":0,"gold_gain":0,"player_choice":"Forget","damage_taken":0,"max_hp_gain":0,"max_hp_loss":0,"event_name":"Living Wall","floor":14,"gold_loss":0}],"is_beta":false,"boss_relics":[],"items_purged_floors":[],"is_endless":false,"potions_floor_spawned":[1,5,10],"killed_by":"Slime Boss","ascension_level":14}}