{"host":"o5hcpxouyak38pnq","time":1608820158,"event":{"mods":["BaseMod","DeckTracker","Downfall","Hermit","Hubris","Minty Spire (QoL Compilation)","Replay The Spire","StSLib","The Construct","The Cursed","The Poker Player"],"gold_per_floor":[0,19,19,35,20,20,20,31,31,31,48,61,94,112,128,225,225,150,170,170,170,221,116,116,3,63,203,203,270,270,270,324,467,467,467,527,587,587,645,370,396,321,336,347,272,285,304,316,328,328],"floor_reached":51,"playtime":8725,"items_purged":["Guardian:Strike_Guardian","Guardian:Strike_Guardian","Guardian:Gem_Red"],"score":675,"play_id":"5173f5ff-3848-4c58-b4bd-012ee1a56426","local_time":"20201224092918","is_ascension_mode":false,"campfire_choices":[{"data":"Guardian:CurlUp","floor":1.0,"key":"SMITH"},{"data":"Guardian:TimeSifter","floor":6.0,"key":"SMITH"},{"data":"Neutralize","floor":9.0,"key":"SMITH"},{"data":"Guardian:StasisField","floor":18.0,"key":"SMITH"},{"data":"Guardian:GuardianWhirl","floor":28.0,"key":"SMITH"},{"floor":30.0,"key":"REST"},{"data":"Guardian:ExploitGems","floor":35,"key":"SMITH"},{"floor":42,"key":"RECALL"},{"floor":45,"key":"REST"}],"circlet_count":0,"master_deck":["Guardian:Defend_Guardian","Guardian:Defend_Guardian","Guardian:Defend_Guardian","Guardian:Defend_Guardian","Guardian:CurlUp+1","Guardian:Preprogram","Survivor","Neutralize+1","Guardian:PiercingHide+1","Guardian:TimeSifter+1","Guardian:TimeSifter","Guardian:StasisField+1","Guardian:ArmoredProtocol","Guardian:Reroute","Guardian:StasisStrike","Guardian:ChargeUp+1","Guardian:GuardianWhirl+1","Guardian:Incinerate","Guardian:Recover","Guardian:Repulse","Guardian:SpikerProtocol+1","Guardian:ExploitGems+1","Guardian:GuardianWhirl","Guardian:TemporalStrike+1","Guardian:SpikerProtocol+1","Guardian:Incinerate+1"],"relics":["Guardian:ModeShifter","Blue Doll","SacredBark","downfall:HeartBlessingGreen","downfall:KnowingSkull","The Courier","hubris:ToyBattleship","Empty Cage","ReplayTheSpireMod:Shallot","downfall:HeartBlessingBlue","downfall:HeartBlessingRed"],"acts_visited":["Exordium","TheCity","TheBeyond"],"potions_floor_usage":[39,43,49,50],"damage_taken":[{"damage":2.0,"enemies":"2 Louse","floor":2.0,"turns":3.0},{"damage":0.0,"enemies":"Small Slimes","floor":4.0,"turns":5.0},{"damage":0.0,"enemies":"downfall:FleeingMerchant","floor":5.0,"turns":4.0},{"damage":0.0,"enemies":"Cultist","floor":8.0,"turns":4.0},{"damage":0.0,"enemies":"Exordium Wildlife","floor":11.0,"turns":4.0},{"damage":13.0,"enemies":"Lots of Slimes","floor":12.0,"turns":5.0},{"damage":27.0,"enemies":"Lagavulin","floor":13.0,"turns":12.0},{"damage":2.0,"enemies":"3 Louse","floor":14.0,"turns":5.0},{"damage":10.0,"enemies":"Gremlin Gang","floor":15.0,"turns":8.0},{"damage":2.0,"enemies":"downfall:Silent","floor":16.0,"turns":10.0},{"damage":0.0,"enemies":"Shell Parasite","floor":19.0,"turns":7.0},{"damage":3.0,"enemies":"3 Byrds","floor":22.0,"turns":7.0},{"damage":3.0,"enemies":"downfall:FleeingMerchant","floor":23.0,"turns":4.0},{"damage":3.0,"enemies":"downfall:FleeingMerchant","floor":25.0,"turns":4.0},{"damage":10.0,"enemies":"Snake Plant","floor":26.0,"turns":3.0},{"damage":13.0,"enemies":"Snake Plant","floor":27.0,"turns":5.0},{"damage":13.0,"enemies":"Replay:Snechameleon","floor":29.0,"turns":6.0},{"damage":14.0,"enemies":"3 Cultists","floor":32.0,"turns":5.0},{"damage":11.0,"enemies":"downfall:Watcher","floor":33.0,"turns":10.0},{"damage":18,"enemies":"3 Shapes","floor":36,"turns":6},{"damage":10,"enemies":"Orb Walker","floor":37,"turns":6},{"damage":3,"enemies":"3 Darklings","floor":39,"turns":6},{"damage":3,"enemies":"downfall:FleeingMerchant","floor":40,"turns":4},{"damage":20,"enemies":"Sphere and 2 Shapes","floor":43,"turns":5},{"damage":9,"enemies":"Spire Growth","floor":44,"turns":7},{"damage":0,"enemies":"3 Darklings","floor":46,"turns":5},{"damage":0,"enemies":"Writhing Mass","floor":47,"turns":5},{"damage":0,"enemies":"Maw","floor":48,"turns":9},{"damage":1,"enemies":"3 Darklings","floor":49,"turns":3},{"damage":7,"enemies":"downfall:Ironclad","floor":50,"turns":15}],"seed_played":"7411780625457776268","potions_obtained":[{"floor":8.0,"key":"AttackPotion"},{"floor":11.0,"key":"ColorlessPotion"},{"floor":13.0,"key":"champ:CounterPotion"},{"floor":16.0,"key":"Guardian:DefensiveModePotion"},{"floor":26.0,"key":"Guardian:DefensiveModePotion"},{"floor":29.0,"key":"EntropicBrew"},{"floor":37,"key":"Milkshake"},{"floor":43,"key":"LiquidMemories"},{"floor":44,"key":"Guardian:AcceleratePotion"},{"floor":49,"key":"Fruit Juice"}],"is_trial":false,"path_per_floor":["R","M","?","M","$","R","T","M","R","?","M","M","E","M","M","B",null,"R","M","?","?","M","$","T","$","M","?","R","E","R","?","M","B",null,"R","M","M","?","M","$","T","R","M","M","R","M","M","M","M","B",null],"character_chosen":"GUARDIAN","items_purchased":["Guardian:Gem_Crimson","Guardian:Incinerate","Guardian:Repulse","ReplayTheSpireMod:Shallot"],"campfire_rested":2,"item_purchase_floors":[23,23,25,40],"current_hp_per_floor":[80,78,78,78,78,78,78,78,78,78,78,65,38,36,26,24,80,80,80,80,72,69,66,66,63,53,40,40,27,51,51,37,26,80,80,62,52,52,49,46,46,56,36,27,54,54,54,54,63,56],"gold":328,"neow_bonus":"THREE_RARE_CARDS","is_daily":false,"chose_seed":false,"campfire_upgraded":6,"win_rate":0.0,"timestamp":1608820158,"path_taken":["R","M","?","M","$","R","T","M","R","?","M","M","E","M","M","BOSS","R","M","?","?","M","$","T","$","?","?","R","E","R","?","M","BOSS","R","M","M","?","M","$","T","R","M","M","R","?","M","M","M","BOSS"],"items_purchased_type":["Card","Card","Card","Relic"],"build_version":"2020-12-22","purchased_purges":3,"victory":true,"max_hp_per_floor":[80,80,80,80,80,80,80,80,80,80,80,80,80,80,80,80,80,80,80,80,80,80,80,80,80,80,80,80,80,80,80,80,80,80,80,80,80,80,80,80,80,90,90,90,90,90,90,90,100,100],"card_choices":[{"not_picked":["Guardian:StasisStrike","Guardian:ExploitGems"],"picked":"Guardian:Gem_Synthetic","floor":0.0},{"not_picked":["Guardian:Gem_Red","Guardian:PrismaticBeam"],"picked":"Guardian:Preprogram","floor":2.0},{"not_picked":["Guardian:Suspension","Guardian:Incinerate"],"picked":"Guardian:PiercingHide","floor":4.0},{"not_picked":["Guardian:Gem_Red","Guardian:ChargeCore"],"picked":"Guardian:TimeSifter","floor":5.0},{"not_picked":["Guardian:PrimingBeam","Guardian:RefractedBeam"],"picked":"Guardian:Gem_Lightblue","floor":8.0},{"not_picked":["Guardian:ChargeCore","Guardian:Preprogram","Guardian:PrimingBeam"],"picked":"SKIP","floor":11.0},{"not_picked":["Guardian:ChargeCore","Guardian:RollAttack"],"picked":"Guardian:TimeSifter","floor":12.0},{"not_picked":["Guardian:Gem_Cyan","Guardian:RefractedBeam"],"picked":"Guardian:StasisField","floor":13.0},{"not_picked":["Guardian:TimeCapacitor","Guardian:Planning"],"picked":"Guardian:ArmoredProtocol","floor":14.0},{"not_picked":["Guardian:CrystalBeam","Guardian:ChargeCore"],"picked":"Guardian:Reroute","floor":15.0},{"not_picked":["Guardian:FastForward","Guardian:ConstructionForm"],"picked":"Guardian:StasisStrike","floor":16.0},{"not_picked":["Guardian:PolyBeam+1","Guardian:PrimingBeam"],"picked":"Guardian:ChargeUp+1","floor":19.0},{"not_picked":["Guardian:RollAttack","Guardian:Emergency"],"picked":"Guardian:Gem_Cyan","floor":22.0},{"not_picked":["Guardian:HyperBeam_Guardian","Guardian:PrismaticBarrier"],"picked":"Guardian:Gem_White","floor":23.0},{"not_picked":["Guardian:Planning+1","Guardian:Suspension"],"picked":"Guardian:Recover","floor":25.0},{"not_picked":["Guardian:Gem_Red","Guardian:Clone"],"picked":"Guardian:Gem_Blue","floor":26.0},{"not_picked":["Guardian:Gem_Red","Guardian:Incinerate"],"picked":"Guardian:SpikerProtocol+1","floor":27.0},{"not_picked":["Guardian:DecasProtection","Guardian:Gem_Red"],"picked":"Guardian:Gem_Synthetic","floor":29.0},{"not_picked":["Guardian:PrimingBeam","Guardian:RollAttack+1","Guardian:TemporalStrike"],"picked":"SKIP","floor":32.0},{"not_picked":["Guardian:AncientConstruct","Guardian:TimeSifter"],"picked":"Guardian:ExploitGems","floor":33.0},{"not_picked":["Guardian:Gem_Lightblue","Guardian:TemporalStrike"],"picked":"Guardian:GuardianWhirl","floor":36},{"not_picked":["Guardian:Suspension+1","Guardian:ChargeCore","Guardian:Repulse"],"picked":"SKIP","floor":37},{"not_picked":["Guardian:Gem_Green","Guardian:CrystalBeam+1","Guardian:ArmoredProtocol+1"],"picked":"SKIP","floor":39},{"not_picked":["Guardian:DecasProtection","Guardian:PrimingBeam+1"],"picked":"Guardian:TemporalStrike+1","floor":40},{"not_picked":["Guardian:TemporalStrike+1","Guardian:SentryBeam","Guardian:DonusPower+1"],"picked":"SKIP","floor":43},{"not_picked":["Guardian:Gem_Green","Guardian:Reroute","Guardian:CrystalBeam"],"picked":"SKIP","floor":44},{"not_picked":["Guardian:FastForward","Guardian:GuardianWhirl+1"],"picked":"Guardian:SpikerProtocol+1","floor":46},{"not_picked":["Guardian:CrystalBeam","Guardian:BronzeOrb","Guardian:DonusPower+1"],"picked":"SKIP","floor":47},{"not_picked":["Guardian:Gem_Lightblue","Guardian:Gem_Green"],"picked":"Guardian:Incinerate+1","floor":48},{"not_picked":["Guardian:AncientConstruct","Guardian:DonusPower","Guardian:Suspension"],"picked":"SKIP","floor":49}],"player_experience":522347,"relics_obtained":[{"floor":7.0,"key":"Blue Doll"},{"floor":24.0,"key":"The Courier"},{"floor":29.0,"key":"hubris:ToyBattleship"}],"event_choices":[{"damage_healed":0.0,"max_hp_gain":0.0,"max_hp_loss":0.0,"gold_gain":0.0,"event_name":"The Library","player_choice":"Read","floor":20.0,"gold_loss":0.0,"damage_taken":0.0,"cards_obtained":["Guardian:GuardianWhirl"]},{"damage_healed":0.0,"max_hp_gain":0.0,"max_hp_loss":0.0,"gold_gain":0.0,"event_name":"Ghosts","player_choice":"Ignored","floor":31.0,"gold_loss":0.0,"damage_taken":0.0}],"is_beta":false,"boss_relics":[{"not_picked":["Replay:Bronze Core","downfall:Hecktoplasm"],"picked":"SacredBark"},{"not_picked":["hubris:ScarierMask","Ring of Chaos"],"picked":"Empty Cage"}],"items_purged_floors":[23,25,40],"is_endless":false,"potions_floor_spawned":[8,11,13,15,16,26,29,32,33,37,43,44,46,47,49],"ascension_level":0}}