{"host":"12piqfhmdln9x2la","time":1608776217,"event":{"mods":["2.2 Compatiblity","AchievementEnabler","BaseMod","BetterRewards","Colored Powertips","Minty Spire (QoL Compilation)","Quick Restart","SuperFastMode"],"gold_per_floor":[110,110,35,110,110,110,148,172,172,186,209,240,240,240,240,371,371,396,416,416,416],"floor_reached":20,"playtime":432,"items_purged":["Strike_R"],"score":228,"play_id":"56b5fdf9-8900-4c05-be01-6a610b206313","local_time":"20201224111657","is_ascension_mode":true,"campfire_choices":[{"floor":6,"key":"RECALL"},{"data":"Flex","floor":13,"key":"SMITH"},{"data":"Inflame","floor":15,"key":"SMITH"}],"circlet_count":0,"master_deck":["Strike_R","Strike_R","Strike_R","Defend_R","Defend_R","Defend_R","Bash","Heavy Blade","Burning Pact","Inflame+1","Heavy Blade","Clash","Flex+1","Anger","Reaper","CurseOfTheBell","Hemokinesis","Wild Strike+1"],"relics":["Burning Blood","NeowsBlessing","Golden Idol","Eternal Feather","Bird Faced Urn","Meat on the Bone","Calling Bell","Potion Belt","Blue Candle","Shovel"],"acts_visited":["Exordium","TheCity"],"potions_floor_usage":[10,16],"damage_taken":[{"damage":0,"enemies":"2 Louse","floor":1,"turns":1},{"damage":0,"enemies":"Lagavulin","floor":7,"turns":1},{"damage":0,"enemies":"Cultist","floor":8,"turns":1},{"damage":14,"enemies":"Jaw Worm","floor":10,"turns":3},{"damage":4,"enemies":"3 Louse","floor":11,"turns":4},{"damage":24,"enemies":"Gremlin Nob","floor":12,"turns":4},{"damage":51,"enemies":"The Guardian","floor":16,"turns":6},{"damage":54,"enemies":"Shell Parasite","floor":18,"turns":5},{"damage":16,"enemies":"Chosen","floor":19,"turns":4},{"damage":68,"enemies":"Shelled Parasite and Fungi","floor":20,"turns":4}],"seed_played":"9083916940677503648","potions_obtained":[{"floor":7,"key":"EntropicBrew"}],"is_trial":false,"path_per_floor":["M","?","$","?","?","R","E","M","T","M","M","E","R","?","R","B",null,"M","M","M"],"character_chosen":"IRONCLAD","items_purchased":[],"campfire_rested":0,"item_purchase_floors":[],"current_hp_per_floor":[80,80,80,69,49,49,55,61,61,55,59,43,52,52,58,27,80,46,54,0,0],"gold":416,"neow_bonus":"THREE_ENEMY_KILL","is_daily":false,"chose_seed":false,"campfire_upgraded":2,"win_rate":0.0,"timestamp":1608776217,"path_taken":["M","?","?","?","?","R","E","?","T","M","M","E","R","?","R","BOSS","M","M","M"],"items_purchased_type":[],"build_version":"2020-12-22","purchased_purges":1,"victory":false,"max_hp_per_floor":[80,80,80,80,80,80,80,80,80,80,80,80,80,80,80,80,80,80,80,80,80],"card_choices":[{"not_picked":["Sword Boomerang","Havoc"],"picked":"Heavy Blade","floor":1},{"not_picked":["Anger","Shockwave"],"picked":"Inflame","floor":7},{"not_picked":["Wild Strike","Headbutt"],"picked":"Heavy Blade","floor":8},{"not_picked":["Whirlwind","Metallicize"],"picked":"Clash","floor":10},{"not_picked":["Sentinel","Headbutt"],"picked":"Flex","floor":11},{"not_picked":["Feel No Pain","Sword Boomerang"],"picked":"Anger","floor":12},{"not_picked":["Fiend Fire","Barricade"],"picked":"Reaper","floor":16},{"not_picked":["Clothesline","Havoc+1"],"picked":"Hemokinesis","floor":18},{"not_picked":["Anger+1","Flame Barrier"],"picked":"Wild Strike+1","floor":19}],"player_experience":114489,"relics_obtained":[{"floor":7,"key":"Eternal Feather"},{"floor":9,"key":"Bird Faced Urn"},{"floor":12,"key":"Meat on the Bone"},{"floor":17,"key":"Potion Belt"},{"floor":17,"key":"Blue Candle"},{"floor":17,"key":"Shovel"}],"event_choices":[{"damage_healed":0,"gold_gain":0,"cards_transformed":["Strike_R"],"player_choice":"Transformed","damage_taken":0,"max_hp_gain":0,"max_hp_loss":0,"event_name":"Transmorgrifier","floor":2,"gold_loss":0,"cards_obtained":["Burning Pact"]},{"damage_healed":0,"gold_gain":75,"player_choice":"Gather Gold","damage_taken":11,"max_hp_gain":0,"max_hp_loss":0,"event_name":"World of Goop","floor":4,"gold_loss":0},{"damage_healed":0,"gold_gain":0,"player_choice":"Take Damage","damage_taken":20,"relics_obtained":["Golden Idol"],"max_hp_gain":0,"max_hp_loss":0,"event_name":"Golden Idol","floor":5,"gold_loss":0},{"cards_removed":["Defend_R"],"damage_healed":0,"gold_gain":0,"player_choice":"Forget","damage_taken":0,"max_hp_gain":0,"max_hp_loss":0,"event_name":"Living Wall","floor":14,"gold_loss":0}],"is_beta":false,"boss_relics":[{"not_picked":["Sozu","Empty Cage"],"picked":"Calling Bell"}],"items_purged_floors":[3],"is_endless":false,"potions_floor_spawned":[7,10,12],"killed_by":"Shelled Parasite and Fungi","ascension_level":2}}