{"host":"kdt6w7ix8lwe69i9","time":1608783872,"event":{"mods":["Bartender","BaseMod","Downfall","Fiend Mod","Jorbs\u0027s Wanderer Trilogy","Minty Spire (QoL Compilation)","Reimu（博丽灵梦）","Robot Space Explorer","StSLib","The Cursed","The Disciple","The Dragon Tamer","The Druid","The Elementalist","The Forsaken","The Gatherer","The Judge","TheBandit"],"gold_per_floor":[109,127,138,157,174,207,3,3,27,27,46,46,60,94,94,194,194,211,211,225,243,203,203,203],"floor_reached":23,"playtime":2287,"items_purged":[],"score":205,"play_id":"e75d8109-a829-4d3f-96f7-5314463bc144","local_time":"20201223232432","is_ascension_mode":false,"campfire_choices":[{"floor":8,"key":"REST"},{"data":"Mayhem","floor":10,"key":"SMITH"},{"data":"TheCursedMod:HellfireBreathing","floor":12,"key":"SMITH"},{"floor":15,"key":"REST"}],"circlet_count":0,"master_deck":["TheCursedMod:Strike_TheCursed","TheCursedMod:Strike_TheCursed","TheCursedMod:Strike_TheCursed","TheCursedMod:Strike_TheCursed","TheCursedMod:Defend_TheCursed","TheCursedMod:Defend_TheCursed","TheCursedMod:Defend_TheCursed","TheCursedMod:Defend_TheCursed+1","TheCursedMod:CursedWand","TheCursedMod:CleanUpWorkshop+1","TheCursedMod:Dregs","TheCursedMod:Stigma","TheCursedMod:SurpriseAttack","TheCursedMod:CircleOfFlame","TheCursedMod:ReleasedStrength","TheCursedMod:CircleOfCorruption","TheCursedMod:ForbiddenAlchemy","TheCursedMod:CursedBoomerang","Mayhem+1","TheCursedMod:HellfireBreathing+1","TheCursedMod:EmpowerCircles","TheCursedMod:TroublousMinions","TheCursedMod:OutForBlood","TheCursedMod:CursedBlade","TheCursedMod:CursedRelics","TheCursedMod:SurpriseAttack","Regret","TheCursedMod:SpitefulStrike","TheCursedMod:CursedBlade"],"relics":["TheCursedMod:BlackMagic101","War Paint","Orichalcum","theForsaken:Gavel","Bag of Preparation","theForsaken:PaleLantern","ZunR:ReiMu"],"acts_visited":["Exordium","TheCity"],"potions_floor_usage":[4,6,13,13,14,14,16,16,16,16,20,20,20,20,21,21,21,21,21,23],"damage_taken":[{"damage":0,"enemies":"Cultist","floor":1,"turns":3},{"damage":3,"enemies":"Jaw Worm","floor":2,"turns":3},{"damage":0,"enemies":"Small Slimes","floor":3,"turns":2},{"damage":10,"enemies":"Looter","floor":4,"turns":2},{"damage":3,"enemies":"Blue Slaver","floor":5,"turns":2},{"damage":23,"enemies":"Gremlin Nob","floor":6,"turns":4},{"damage":15,"enemies":"Exordium Thugs","floor":11,"turns":4},{"damage":3,"enemies":"Exordium Wildlife","floor":13,"turns":3},{"damage":12,"enemies":"Lagavulin","floor":14,"turns":4},{"damage":18,"enemies":"Slime Boss","floor":16,"turns":8},{"damage":18,"enemies":"Shell Parasite","floor":18,"turns":5},{"damage":13,"enemies":"3 Byrds","floor":20,"turns":4},{"damage":28,"enemies":"Shelled Parasite and Fungi","floor":21,"turns":5},{"damage":32,"enemies":"Gremlin Leader","floor":23,"turns":3}],"seed_played":"-7685531977243295351","potions_obtained":[{"floor":3,"key":"Swift Potion"},{"floor":4,"key":"SpeedPotion"},{"floor":6,"key":"BlessingOfTheForge"},{"floor":14,"key":"Swift Potion"},{"floor":21,"key":"DistilledChaos"}],"is_trial":false,"path_per_floor":["M","M","M","M","M","E","$","R","T","R","M","R","M","E","R","B",null,"M","?","M","M","?","E"],"character_chosen":"THE_CURSED","items_purchased":["TheCursedMod:CursedBoomerang","Mayhem"],"campfire_rested":2,"item_purchase_floors":[7,7],"current_hp_per_floor":[75,72,72,62,59,36,36,58,58,58,43,43,40,28,50,32,75,57,57,44,28,28,0,0],"gold":203,"neow_bonus":"RANDOM_COMMON_RELIC","is_daily":false,"chose_seed":false,"campfire_upgraded":2,"win_rate":0.0,"timestamp":1608783872,"path_taken":["M","M","M","M","M","E","?","R","T","R","M","R","M","E","R","BOSS","M","?","?","M","?","E"],"items_purchased_type":["Card","Card"],"build_version":"2020-12-22","purchased_purges":0,"victory":false,"max_hp_per_floor":[75,75,75,75,75,75,75,75,75,75,75,75,75,75,75,75,75,75,75,75,75,75,75,75],"card_choices":[{"not_picked":["TheCursedMod:Wield","TheCursedMod:RavingStaff"],"picked":"TheCursedMod:Stigma","floor":1},{"not_picked":["TheCursedMod:RapidMovement","TheCursedMod:SpitefulPlan"],"picked":"TheCursedMod:SurpriseAttack","floor":2},{"not_picked":["TheCursedMod:ReleasedKnowledge","TheCursedMod:Obscuration"],"picked":"TheCursedMod:CircleOfFlame","floor":3},{"not_picked":["TheCursedMod:CircleOfWindfury","TheCursedMod:CursedAmulet"],"picked":"TheCursedMod:ReleasedStrength","floor":4},{"not_picked":["TheCursedMod:CursedMace","TheCursedMod:RavingStaff"],"picked":"TheCursedMod:CircleOfCorruption","floor":5},{"not_picked":["TheCursedMod:CursedSpellbook","TheCursedMod:Obscuration"],"picked":"TheCursedMod:ForbiddenAlchemy","floor":6},{"not_picked":["TheCursedMod:SurpriseAttack","TheCursedMod:SpreadPlague"],"picked":"TheCursedMod:HellfireBreathing","floor":11},{"not_picked":["TheCursedMod:TroublousMinions","TheCursedMod:SpreadPlague"],"picked":"TheCursedMod:EmpowerCircles","floor":13},{"not_picked":["TheCursedMod:BlessingInDisguise","TheCursedMod:RapidMovement"],"picked":"TheCursedMod:TroublousMinions","floor":14},{"not_picked":["TheCursedMod:ShockAndAwe","TheCursedMod:Neurasthenia"],"picked":"TheCursedMod:OutForBlood","floor":16},{"not_picked":["TheCursedMod:Wield+1","TheCursedMod:CursedArmor"],"picked":"TheCursedMod:CursedBlade","floor":18},{"not_picked":["TheCursedMod:CursedAmulet","TheCursedMod:Wield"],"picked":"TheCursedMod:SpitefulStrike","floor":20},{"not_picked":["TheCursedMod:RapidMovement","TheCursedMod:Stigma+1"],"picked":"TheCursedMod:CursedBlade","floor":21}],"player_experience":1591405,"relics_obtained":[{"floor":6,"key":"Orichalcum"},{"floor":9,"key":"theForsaken:Gavel"},{"floor":14,"key":"Bag of Preparation"}],"event_choices":[{"damage_healed":0,"gold_gain":0,"player_choice":"3 cards matched","damage_taken":0,"max_hp_gain":0,"max_hp_loss":0,"event_name":"Match and Keep!","floor":19,"gold_loss":0,"cards_obtained":["TheCursedMod:CursedRelics","TheCursedMod:SurpriseAttack","Regret"]},{"damage_healed":0,"gold_gain":0,"player_choice":"Keep O-miki","damage_taken":0,"relics_obtained":["ZunR:ReiMu"],"max_hp_gain":0,"max_hp_loss":0,"event_name":"ZunEvent","floor":22,"gold_loss":40}],"is_beta":false,"boss_relics":[{"not_picked":["Snecko Eye","Fiend:Scarf"],"picked":"theForsaken:PaleLantern"}],"items_purged_floors":[],"is_endless":false,"potions_floor_spawned":[3,4,6,14,21],"killed_by":"Gremlin Leader","ascension_level":0}}