{"host":"hz7oro4zaett5eh9","time":1608824536,"event":{"mods":["BaseMod","BetterRewards","Hubris","Infinite Spire","Minty Spire (QoL Compilation)","Replay The Spire","StSLib","The Jungle"],"gold_per_floor":[113,28,47,47,57,87,87,100,124,124,141,167,179,216,228,343,355,384,396,408,430,454,466,511,523,560,587,599,204,204,218,218,332,332,367,402,402,448,16,47,47,47,74,74,97,114,141,169,169,169,169],"floor_reached":50,"playtime":3572,"items_purged":[],"score":917,"play_id":"5982f6cc-f073-4646-8c92-467d4d0fb67a","local_time":"20201224154216","is_ascension_mode":true,"campfire_choices":[{"data":"Beam Cell","floor":7,"key":"SMITH"},{"floor":10,"key":"REST"},{"floor":13,"key":"RECALL"},{"floor":15,"key":"REST"},{"floor":23,"key":"REST"},{"floor":28,"key":"REST"},{"floor":30,"key":"REST"},{"floor":32,"key":"REST"},{"floor":49,"key":"REST"}],"circlet_count":0,"master_deck":["Strike_B+1","Defend_B","Defend_B","Zap","Static Discharge","Steam","Compile Driver+1","Cold Snap","Gash+1","Bash","WeaponsOverheat","Pot Of Greed+1","Pot Of Greed","Beam Cell+1","Gash","Flex","Whirlwind","Go for the Eyes","Rainbow","Beam Cell","infinitespire:DeathsTouch","Pot Of Greed","Gash","Glacier+1","BasicCrystalCard+1","Scrape+1","Gash+1","Beam Cell","Machine Learning","Hello World+1","Streamline+1","Coolheaded","Crystallizer","Pot Of Greed","infinitespire:Collect","Steam","ReplaySolidLightProjector","Beam Cell","Beam Cell+1","Doubt","Loop","Go for the Eyes+1","Defragment+1","Parasite","Stack"],"relics":["infinitespire:Lucky Rock","Sling","Iron Core","Grinning Jar","Nunchaku","MawBank","Lantern","Empty Cage","hubris:PeanutButter","Gremlin Food","DollysMirror","Pear","infinitespire:EvilPickle","Astrolabe","hubris:BallOfYels","Replay:Frozen Program","infinitespire:WardingShard","Blood Vial"],"acts_visited":["Exordium","TheCity","TheBeyond"],"potions_floor_usage":[16,16,33,36,40,45,45,48,50],"damage_taken":[{"damage":7,"enemies":"2 Louse","floor":1,"turns":3},{"damage":7,"enemies":"Jaw Worm","floor":3,"turns":3},{"damage":0,"enemies":"Small Slimes","floor":5,"turns":3},{"damage":2,"enemies":"Gremlin Nob","floor":6,"turns":3},{"damage":13,"enemies":"Looter","floor":8,"turns":3},{"damage":5,"enemies":"Large Slime","floor":11,"turns":4},{"damage":12,"enemies":"3 Sentries","floor":12,"turns":5},{"damage":13,"enemies":"Gremlin Nob","floor":14,"turns":3},{"damage":35,"enemies":"The Guardian","floor":16,"turns":6},{"damage":28,"enemies":"2 Thieves","floor":18,"turns":3},{"damage":0,"enemies":"3 Byrds","floor":21,"turns":2},{"damage":19,"enemies":"Centurion and Healer","floor":22,"turns":4},{"damage":3,"enemies":"Gremlin Leader","floor":24,"turns":4},{"damage":7,"enemies":"Snake Plant","floor":27,"turns":3},{"damage":6,"enemies":"Snecko","floor":31,"turns":3},{"damage":20,"enemies":"Pondfish","floor":33,"turns":8},{"damage":32,"enemies":"3 Darklings","floor":35,"turns":5},{"damage":22,"enemies":"Orb Walker","floor":36,"turns":3},{"damage":23,"enemies":"Jaw Worm Horde","floor":38,"turns":3},{"damage":0,"enemies":"Giant Head","floor":40,"turns":6},{"damage":11,"enemies":"Transient","floor":45,"turns":5},{"damage":26,"enemies":"3 Darklings","floor":46,"turns":8},{"damage":20,"enemies":"4 Shapes","floor":47,"turns":6},{"damage":33,"enemies":"Writhing Mass","floor":48,"turns":5},{"damage":44,"enemies":"Awakened One","floor":50,"turns":3}],"seed_played":"1617545260232191365","potions_obtained":[{"floor":1,"key":"Energy Potion"},{"floor":8,"key":"Swift Potion"},{"floor":11,"key":"Swift Potion"},{"floor":16,"key":"Strength Potion"},{"floor":18,"key":"Energy Potion"},{"floor":21,"key":"Regen Potion"},{"floor":31,"key":"Reflective Coating"},{"floor":35,"key":"Fire Potion"},{"floor":40,"key":"PotionOfCapacity"},{"floor":45,"key":"Regen Potion"},{"floor":48,"key":"PowerPotion"}],"is_trial":false,"path_per_floor":["M","$","M","?","M","E","R","M","T","R","M","E","R","E","R","B",null,"M","?","AVR","M","M","R","E","?","T","M","R","$","R","M","R","B",null,"M","M","AVR","M","$","E","?","?","T","?","M","M","M","M","R","B"],"character_chosen":"DEFECT","items_purchased":["infinitespire:Lucky Rock","Sling","Static Discharge","Compile Driver+1","Cold Snap","DollysMirror","Pear","hubris:BallOfYels","Replay:Frozen Program","ReplaySolidLightProjector","Beam Cell"],"campfire_rested":7,"item_purchase_floors":[0,0,0,2,2,29,29,39,39,39,39],"current_hp_per_floor":[68,68,61,61,61,59,59,46,46,68,63,51,51,38,60,25,75,47,47,47,47,28,50,47,47,47,40,62,72,85,79,85,65,85,53,40,40,17,17,17,17,17,17,85,74,50,32,15,40,0,0],"gold":169,"neow_bonus":"","is_daily":false,"chose_seed":false,"campfire_upgraded":1,"win_rate":0.0,"timestamp":1608824536,"path_taken":["M","$","M","?","M","E","R","M","T","R","M","E","R","E","R","BOSS","M","?","AVR","M","M","R","E","?","T","M","R","$","R","M","R","BOSS","M","M","AVR","M","$","E","?","?","T","?","M","M","M","M","R","BOSS"],"items_purchased_type":["Relic","Relic","Card","Card","Card","Relic","Relic","Relic","Relic","Card","Card"],"build_version":"2020-12-22","purchased_purges":0,"victory":false,"max_hp_per_floor":[75,75,75,75,75,75,75,75,75,75,75,75,75,75,75,75,75,75,75,75,75,75,75,75,75,75,75,75,85,85,85,85,85,85,85,85,85,85,85,85,85,85,85,85,85,85,85,85,85,85,85],"card_choices":[{"not_picked":["Hello World","Hologram"],"picked":"Steam","floor":1},{"not_picked":["Coolheaded","Doom and Gloom"],"picked":"Gash","floor":3},{"not_picked":["Skim","Warcry"],"picked":"WeaponsOverheat","floor":5},{"not_picked":["Steam Power","Sweeping Beam"],"picked":"Beam Cell","floor":6},{"not_picked":["Coolheaded","Reprogram"],"picked":"Gash","floor":8},{"not_picked":["Streamline","Melter"],"picked":"Flex","floor":11},{"not_picked":["Heatsinks","ReplayTheSpireMod:Reroute Power"],"picked":"Whirlwind","floor":12},{"not_picked":["Cold Snap","ReplaySort"],"picked":"Go for the Eyes","floor":14},{"not_picked":["hubris:Prefetch","Buffer"],"picked":"Rainbow","floor":16},{"not_picked":["Leap","Redo"],"picked":"Beam Cell","floor":18},{"not_picked":["Heatsinks","Go for the Eyes"],"picked":"Gash","floor":21},{"not_picked":["Compile Driver","Barrage"],"picked":"Glacier+1","floor":22},{"not_picked":["Darkness","Self Repair"],"picked":"BasicCrystalCard+1","floor":24},{"not_picked":["Streamline","Coolheaded"],"picked":"Scrape","floor":27},{"not_picked":["Rebound","Coolheaded+1"],"picked":"Beam Cell","floor":31},{"not_picked":["hubris:Prefetch","Fission"],"picked":"Machine Learning","floor":33},{"not_picked":["Turbo+1","Static Discharge"],"picked":"Coolheaded","floor":35},{"not_picked":["Doom and Gloom+1","BasicCrystalCard+1"],"picked":"Crystallizer","floor":36},{"not_picked":["Redo+1","Rebound+1"],"picked":"Steam","floor":38},{"not_picked":["Compile Driver","Stack"],"picked":"Beam Cell+1","floor":40},{"not_picked":["Steam","Cold Snap"],"picked":"Loop","floor":45},{"not_picked":["Coolheaded+1","Static Discharge+1"],"picked":"Go for the Eyes+1","floor":46},{"not_picked":["ReplayTheSpireMod:Omega Cannon","ReplayTheSpireMod:System Scan+1"],"picked":"Defragment+1","floor":47},{"not_picked":["ReplayTheSpireMod:Calculation Training","Skim"],"picked":"Stack","floor":48}],"player_experience":594467,"relics_obtained":[{"floor":6,"key":"Grinning Jar"},{"floor":9,"key":"Nunchaku"},{"floor":12,"key":"MawBank"},{"floor":14,"key":"Lantern"},{"floor":24,"key":"hubris:PeanutButter"},{"floor":40,"key":"infinitespire:WardingShard"},{"floor":43,"key":"Blood Vial"}],"event_choices":[{"damage_healed":0,"gold_gain":0,"player_choice":"Ignored","damage_taken":0,"max_hp_gain":0,"max_hp_loss":0,"event_name":"Vampires","floor":19,"gold_loss":0},{"damage_healed":0,"gold_gain":0,"player_choice":"Opened","damage_taken":0,"relics_obtained":["Gremlin Food"],"max_hp_gain":0,"max_hp_loss":0,"event_name":"The Mausoleum","floor":25,"gold_loss":0},{"cards_removed":["Consume"],"damage_healed":0,"gold_gain":0,"player_choice":"Removed Skill","damage_taken":0,"max_hp_gain":0,"max_hp_loss":0,"event_name":"Falling","floor":42,"gold_loss":0},{"damage_healed":68,"gold_gain":0,"player_choice":"Heal","damage_taken":0,"max_hp_gain":0,"max_hp_loss":0,"event_name":"MindBloom","floor":44,"gold_loss":0,"cards_obtained":["Doubt"]}],"is_beta":false,"boss_relics":[{"not_picked":["Fusion Hammer","hubris:VirtuousBlindfold"],"picked":"Empty Cage"},{"not_picked":["Busted Crown","Snecko Eye"],"picked":"Astrolabe"}],"items_purged_floors":[],"is_endless":false,"potions_floor_spawned":[1,8,11,16,18,21,27,31,35,40,45,48],"killed_by":"Awakened One","ascension_level":3}}