{"host":"9d83omykrosjn1d3","time":1608819828,"event":{"mods":["AchievementEnabler","BaseMod","BetterRewards","Card Forge","Downfall","Hubris","MarisaÅiñ∂âJÅ@ñÇóùçπÅj","Minty Spire (QoL Compilation)","Permanent Neow","Shop Mod","StSLib","SuperFastMode","The Hierophant","The Mystic","The Runesmith"],"gold_per_floor":[99,109,123,134,160,193,228,240,269,311,165,165,165],"floor_reached":12,"playtime":671,"items_purged":[],"score":88,"play_id":"8002c9e2-648c-469e-b051-54e183879dba","local_time":"20201224232348","daily_mods":["SealedDeck","Heirloom","Flight","downfall:Lament","DeadlyEvents","Elite Swarm"],"is_ascension_mode":false,"campfire_choices":[{"data":"Runesmith:BackupBattery","floor":1,"key":"SMITH"}],"circlet_count":0,"master_deck":["Runesmith:HeatedChisel","Runesmith:PoweredAnvil","Runesmith:Firestorm","Runesmith:CraftMagma","Runesmith:BackupBattery+4","Runesmith:GenerateForcefield","Runesmith:DuctTape","Runesmith:LithiumIon"],"relics":["Runesmith:BrokenRuby","Hammer of Thor","Seething Fire","Anvil of the Gods","NeowsBlessing","Turnip","Vajra","Potion Belt","MerchantsRug"],"acts_visited":["Exordium"],"potions_floor_usage":[],"damage_taken":[{"damage":0,"enemies":"Cultist","floor":2,"turns":1},{"damage":5,"enemies":"2 Louse","floor":3,"turns":2},{"damage":0,"enemies":"Small Slimes","floor":4,"turns":2},{"damage":14,"enemies":"Lagavulin","floor":6,"turns":6},{"damage":11,"enemies":"3 Louse","floor":9,"turns":3},{"damage":12,"enemies":"Gremlin Nob","floor":10,"turns":4},{"damage":3,"enemies":"downfall:FleeingMerchant","floor":11,"turns":4},{"damage":28,"enemies":"3 Sentries","floor":12,"turns":4}],"seed_played":"7807983683629702727","potions_obtained":[{"floor":2,"key":"Swift Potion"},{"floor":4,"key":"AttackPotion"},{"floor":6,"key":"ColorlessPotion"}],"is_trial":true,"path_per_floor":["R","M","M","M","T","E","T","?","M","E","$","E"],"character_chosen":"RUNESMITH_CLASS","items_purchased":["Runesmith:LithiumIon","MerchantsRug"],"campfire_rested":0,"item_purchase_floors":[11,11],"current_hp_per_floor":[70,70,65,65,65,51,51,51,40,28,25,0,0],"gold":165,"neow_bonus":"","is_daily":false,"chose_seed":false,"campfire_upgraded":1,"win_rate":0.0,"timestamp":1608819828,"path_taken":["R","M","M","M","?","E","T","?","?","E","?","E"],"items_purchased_type":["Card","Relic"],"build_version":"2020-12-22","purchased_purges":0,"victory":false,"max_hp_per_floor":[70,70,70,70,70,70,70,70,70,70,70,70,70],"card_choices":[{"not_picked":["Runesmith:ChiselStab","Runesmith:CraftSpiculum","Runesmith:RuneHurl"],"picked":"SKIP","floor":2},{"not_picked":["Runesmith:CraftMagma","Runesmith:RuneHurl"],"picked":"Runesmith:CraftProtectio","floor":3},{"not_picked":["Runesmith:ChiselStab","Runesmith:Overpower","Runesmith:Refine"],"picked":"SKIP","floor":4},{"not_picked":["Runesmith:LightningRod","Runesmith:MetallurgicalResearch"],"picked":"Runesmith:GenerateForcefield","floor":6},{"not_picked":["Runesmith:Prism","Runesmith:UnstableHammer","Runesmith:CraftObretio"],"picked":"SKIP","floor":9},{"not_picked":["Runesmith:GenerateForcefield","Runesmith:CraftPrismatica"],"picked":"Runesmith:DuctTape","floor":10},{"not_picked":["Runesmith:BackupBattery","Runesmith:CraftProtectio","Runesmith:UnstableHammer"],"picked":"SKIP","floor":11}],"player_experience":702871,"relics_obtained":[{"floor":5,"key":"Vajra"},{"floor":6,"key":"MawBank"},{"floor":10,"key":"Potion Belt"}],"event_choices":[],"is_beta":false,"boss_relics":[],"items_purged_floors":[],"is_endless":false,"potions_floor_spawned":[2,4,6],"killed_by":"3 Sentries","ascension_level":0}}