{"host":"czen9m7c7ttmirt2","time":1608783851,"event":{"mods":["AchievementEnabler","BaseMod","Better Third Choice","Colored Map","Colored Powertips","Conspire","Hubris","Minty Spire (QoL Compilation)","Replay The Spire","StSLib"],"gold_per_floor":[112,0,0,49,59,84,84,97,142,62,77,96,126,181,181,285,285,301,301,314,325,125,125,125],"floor_reached":23,"playtime":1270,"items_purged":[],"score":306,"play_id":"4c052bba-fb83-4df2-9469-ea0763dea02a","local_time":"20201223222411","is_ascension_mode":true,"campfire_choices":[{"floor":7,"key":"REST"},{"floor":15,"key":"REST"}],"circlet_count":0,"master_deck":["Strike_B","Strike_B","Strike_B","Strike_B","Defend_B","Defend_B","Defend_B","Defend_B","Zap","Dualcast","Gash","Enlightenment","Panic Button","Conserve Battery","ReplayGash","Ball Lightning","hubris:PowerSurge","Hello World","Hyperbeam","White Noise","Creative AI","Rainbow","Gash","Steam+1","conspire:SpireCoStock","conspire:SpireCoStock","conspire:SpireCoStock","conspire:SpireCoStock"],"relics":["Cracked Core","hubris:Towel","conspire:DecoderRing","Replay:Ringing Soul","Replay:Rubber Ducky","conspire:BottledYoYo","Sozu"],"acts_visited":["Exordium","TheCity"],"potions_floor_usage":[16,16],"damage_taken":[{"damage":6,"enemies":"Jaw Worm","floor":1,"turns":4},{"damage":7,"enemies":"Small Slimes","floor":5,"turns":3},{"damage":40,"enemies":"3 Sentries","floor":6,"turns":11},{"damage":0,"enemies":"2 Louse","floor":8,"turns":2},{"damage":1,"enemies":"Exordium Wildlife","floor":11,"turns":3},{"damage":10,"enemies":"Gremlin Gang","floor":12,"turns":4},{"damage":13,"enemies":"Gremlin Nob","floor":13,"turns":3},{"damage":31,"enemies":"The Guardian","floor":16,"turns":12},{"damage":14,"enemies":"3 Byrds","floor":18,"turns":5},{"damage":0,"enemies":"Spheric Guardian","floor":20,"turns":4},{"damage":31,"enemies":"Snecko","floor":21,"turns":6},{"damage":86,"enemies":"Slavers","floor":23,"turns":4}],"seed_played":"8437487711337255735","potions_obtained":[{"floor":1,"key":"Elixir"},{"floor":4,"key":"SteroidPotion"},{"floor":6,"key":"Toxic Potion"},{"floor":16,"key":"LifebloodPotion"}],"is_trial":false,"path_per_floor":["M","?","?","?","M","E","R","M","T","$","M","M","E","?","R","B",null,"M","?","M","M","?","E"],"character_chosen":"DEFECT","items_purchased":["hubris:PowerSurge"],"campfire_rested":2,"item_purchase_floors":[10],"current_hp_per_floor":[74,80,80,80,73,36,62,65,65,68,70,63,53,53,84,56,107,96,99,102,74,77,0,0],"gold":125,"neow_bonus":"RANDOM_EVENT","is_daily":false,"chose_seed":false,"campfire_upgraded":0,"win_rate":0.0,"timestamp":1608783851,"path_taken":["M","?","?","?","M","E","R","M","T","$","M","M","E","?","R","BOSS","M","?","M","?","?","E"],"items_purchased_type":["Card"],"build_version":"2020-12-22","purchased_purges":0,"victory":false,"max_hp_per_floor":[80,86,86,86,86,89,89,92,92,95,98,101,104,104,104,107,107,110,113,116,119,122,122,122],"card_choices":[{"not_picked":["BasicCrystalCard","White Noise"],"picked":"Gash","floor":1},{"not_picked":["BasicCrystalCard","Streamline"],"picked":"Panic Button","floor":4},{"not_picked":["Panic Button","FTL"],"picked":"Conserve Battery","floor":5},{"not_picked":["Coolheaded","Stack"],"picked":"ReplayGash","floor":6},{"not_picked":["Fusion","Barrage"],"picked":"Ball Lightning","floor":8},{"not_picked":["Stack","Self Repair"],"picked":"Hello World","floor":11},{"not_picked":["Barrage","ReplayTheSpireMod:Reroute Power"],"picked":"Hyperbeam","floor":12},{"not_picked":["Hello World","Panic Button"],"picked":"White Noise","floor":13},{"not_picked":["Fission","ReplayTheSpireMod:Omega Cannon"],"picked":"Creative AI","floor":16},{"not_picked":["Static Discharge","Barrage"],"picked":"Blizzard+1","floor":18},{"not_picked":["Recycle","Streamline"],"picked":"Gash","floor":20},{"not_picked":["Beam Cell+1","Stack"],"picked":"Steam+1","floor":21}],"player_experience":186778,"relics_obtained":[{"floor":4,"key":"conspire:DecoderRing"},{"floor":6,"key":"Replay:Ringing Soul"},{"floor":9,"key":"Replay:Rubber Ducky"},{"floor":13,"key":"conspire:BottledYoYo"}],"event_choices":[{"damage_healed":0,"gold_gain":0,"player_choice":"Donut","damage_taken":0,"max_hp_gain":5,"max_hp_loss":0,"event_name":"Big Fish","floor":0,"gold_loss":0},{"damage_healed":0,"gold_gain":0,"player_choice":"RENOUNCE","damage_taken":112,"max_hp_gain":0,"max_hp_loss":0,"event_name":"betterThird:BetterSerpent","floor":2,"gold_loss":112,"cards_obtained":["Enlightenment"]},{"damage_healed":0,"gold_gain":55,"player_choice":"Gained Gold","damage_taken":0,"max_hp_gain":0,"max_hp_loss":0,"event_name":"Golden Wing","floor":14,"gold_loss":0},{"damage_healed":0,"gold_gain":0,"cards_transformed":["Blizzard"],"player_choice":"Transformed","damage_taken":0,"max_hp_gain":0,"max_hp_loss":0,"event_name":"Transmorgrifier","floor":19,"gold_loss":0,"cards_obtained":["Rainbow"]},{"damage_healed":0,"gold_gain":0,"player_choice":"Invest 4","damage_taken":0,"max_hp_gain":0,"max_hp_loss":0,"event_name":"conspire:Investor","floor":22,"gold_loss":0}],"is_beta":false,"boss_relics":[{"not_picked":["Replay:Grab Bag","hubris:TerracottaHorce"],"picked":"Sozu"}],"items_purged_floors":[],"is_endless":false,"potions_floor_spawned":[1,6,16,18],"killed_by":"Slavers","ascension_level":3}}