{"host":"k85tjwrh7mjrrc9a","time":1608780062,"event":{"mods":["AchievementEnabler","BaseMod","Colored Powertips","Highlight Path","Minty Spire (QoL Compilation)","Rare Cards Sparkle","StSLib"],"gold_per_floor":[114,189,189,207,132,166,176,176,201,201,232,232,265,165,165,266,266,281,298,173,173,190,190,204,224,224,224,74,85,104,203,203,303,303,318,318,336,161,178,192,192,56,56,73,73,73,21,37,37,37,37],"floor_reached":50,"playtime":3886,"items_purged":["Strike_R","Strike_R","Strike_R","Pain","Bash"],"score":461,"play_id":"69b8e059-869b-4b47-a01c-ae23545988c4","local_time":"20201223222102","is_ascension_mode":false,"campfire_choices":[{"floor":8,"key":"REST"},{"data":"Limit Break","floor":10,"key":"SMITH"},{"floor":12,"key":"REST"},{"floor":15,"key":"REST"},{"floor":23,"key":"REST"},{"data":"Pommel Strike","floor":27,"key":"SMITH"},{"floor":32,"key":"REST"},{"floor":41,"key":"REST"},{"data":"Inflame","floor":46,"key":"SMITH"},{"floor":49,"key":"REST"}],"circlet_count":0,"master_deck":["Strike_R","Defend_R","Defend_R","Defend_R","Defend_R","Bash+1","Iron Wave","Pommel Strike+1","Limit Break+1","Headbutt","Whirlwind","Heavy Blade+1","Inflame+1","Heavy Blade+1","Flash of Steel","Battle Trance+1","Double Tap","Clumsy","Shrug It Off"],"relics":["Burning Blood","Vajra","Happy Flower","Lizard Tail","Toy Ornithopter","Runic Dome","WarpedTongs","Pear","Cursed Key","Pantograph","Spirit Poop"],"acts_visited":["Exordium","TheCity","TheBeyond"],"potions_floor_usage":[6,13,33,33,44,50,50],"damage_taken":[{"damage":5,"enemies":"2 Louse","floor":1,"turns":3},{"damage":6,"enemies":"Jaw Worm","floor":4,"turns":3},{"damage":36,"enemies":"Lagavulin","floor":6,"turns":8},{"damage":2,"enemies":"Small Slimes","floor":7,"turns":3},{"damage":46,"enemies":"3 Sentries","floor":11,"turns":10},{"damage":16,"enemies":"Lagavulin","floor":13,"turns":6},{"damage":41,"enemies":"Hexaghost","floor":16,"turns":8},{"damage":12,"enemies":"Shell Parasite","floor":18,"turns":4},{"damage":20,"enemies":"Spheric Guardian","floor":19,"turns":4},{"damage":25,"enemies":"Centurion and Healer","floor":22,"turns":5},{"damage":37,"enemies":"Sentry and Sphere","floor":24,"turns":5},{"damage":47,"enemies":"Snecko","floor":25,"turns":6},{"damage":26,"enemies":"Centurion and Healer","floor":29,"turns":3},{"damage":13,"enemies":"Snake Plant","floor":30,"turns":3},{"damage":33,"enemies":"Collector","floor":33,"turns":6},{"damage":30,"enemies":"3 Shapes","floor":35,"turns":2},{"damage":15,"enemies":"Orb Walker","floor":37,"turns":2},{"damage":3,"enemies":"Writhing Mass","floor":39,"turns":3},{"damage":17,"enemies":"Spire Growth","floor":40,"turns":3},{"damage":24,"enemies":"4 Shapes","floor":44,"turns":3},{"damage":11,"enemies":"Maw","floor":48,"turns":5},{"damage":93,"enemies":"Donu and Deca","floor":50,"turns":5}],"seed_played":"-8151619970778189389","potions_obtained":[{"floor":1,"key":"FearPotion"},{"floor":4,"key":"FearPotion"},{"floor":7,"key":"Energy Potion"},{"floor":16,"key":"Ancient Potion"},{"floor":22,"key":"BlessingOfTheForge"},{"floor":24,"key":"Dexterity Potion"},{"floor":30,"key":"Fire Potion"},{"floor":37,"key":"Block Potion"},{"floor":44,"key":"Explosive Potion"},{"floor":48,"key":"SkillPotion"}],"is_trial":false,"path_per_floor":["M","?","?","M","$","E","M","R","T","R","E","R","E","$","R","B",null,"M","M","$","?","M","R","M","M","T","R","$","M","M","?","R","B",null,"M","?","M","$","M","M","R","$","T","M","?","R","$","M","R","B"],"character_chosen":"IRONCLAD","items_purchased":["Double Tap","Shrug It Off"],"campfire_rested":7,"item_purchase_floors":[42,47],"current_hp_per_floor":[80,69,69,69,69,39,43,67,67,67,27,51,41,41,65,30,80,74,60,60,60,41,65,34,43,53,53,53,33,26,26,53,36,90,66,66,57,57,60,49,76,76,76,63,63,63,63,58,84,0,0],"gold":37,"neow_bonus":"UPGRADE_CARD","is_daily":false,"chose_seed":false,"campfire_upgraded":3,"win_rate":0.0,"timestamp":1608780062,"path_taken":["M","?","?","M","$","E","M","R","T","R","E","R","E","?","R","BOSS","M","M","$","?","?","R","M","M","T","R","$","M","M","?","R","BOSS","M","?","M","$","M","M","R","$","T","?","?","R","$","M","R","BOSS"],"items_purchased_type":["Card","Card"],"build_version":"2020-12-22","purchased_purges":5,"victory":false,"max_hp_per_floor":[80,80,80,80,80,80,80,80,80,80,80,80,80,80,80,80,80,80,80,80,80,80,80,80,80,90,90,90,90,90,90,90,90,90,90,90,90,90,90,90,90,90,90,90,87,87,87,87,87,87,87],"card_choices":[{"not_picked":["Armaments","Hemokinesis"],"picked":"Iron Wave","floor":1},{"not_picked":["Headbutt","Sword Boomerang"],"picked":"Pommel Strike","floor":4},{"not_picked":["Reckless Charge","Dropkick","Seeing Red"],"picked":"SKIP","floor":6},{"not_picked":["Warcry","Pommel Strike"],"picked":"Limit Break","floor":7},{"not_picked":["Anger","Clothesline"],"picked":"Headbutt","floor":11},{"not_picked":["Reckless Charge","Combust","Clash"],"picked":"SKIP","floor":13},{"not_picked":["Rupture","Sword Boomerang+1","Infernal Blade"],"picked":"SKIP","floor":18},{"not_picked":["Fire Breathing","Perfected Strike"],"picked":"Whirlwind","floor":19},{"not_picked":["Thunderclap","Blood for Blood","Feel No Pain"],"picked":"SKIP","floor":22},{"not_picked":["Anger","Thunderclap","Havoc"],"picked":"SKIP","floor":24},{"not_picked":["Iron Wave","Burning Pact"],"picked":"Heavy Blade+1","floor":25},{"not_picked":["Flex+1","Clothesline","Immolate"],"picked":"SKIP","floor":29},{"not_picked":["Havoc","Flex"],"picked":"Inflame","floor":30},{"not_picked":["Wild Strike","Havoc+1"],"picked":"Heavy Blade+1","floor":35},{"not_picked":["Entrench+1","Flame Barrier+1","Thunderclap"],"picked":"SKIP","floor":37},{"not_picked":["Intimidate+1","Wild Strike"],"picked":"Battle Trance+1","floor":39},{"not_picked":["Feel No Pain+1","Hemokinesis","Heavy Blade"],"picked":"SKIP","floor":40},{"not_picked":["Carnage+1","Havoc+1","Clothesline"],"picked":"SKIP","floor":44},{"not_picked":["Pummel+1","Armaments+1","Anger"],"picked":"SKIP","floor":48}],"player_experience":33298,"relics_obtained":[{"floor":6,"key":"Vajra"},{"floor":9,"key":"Happy Flower"},{"floor":11,"key":"Lizard Tail"},{"floor":13,"key":"Toy Ornithopter"},{"floor":26,"key":"Pear"},{"floor":43,"key":"Pantograph"}],"event_choices":[{"damage_healed":0,"gold_gain":75,"player_choice":"Gather Gold","damage_taken":11,"max_hp_gain":0,"max_hp_loss":0,"event_name":"World of Goop","floor":2,"gold_loss":0},{"cards_removed":["Strike_R"],"damage_healed":0,"gold_gain":0,"player_choice":"Forget","damage_taken":0,"max_hp_gain":0,"max_hp_loss":0,"event_name":"Living Wall","floor":3,"gold_loss":0},{"damage_healed":0,"gold_gain":0,"player_choice":"Rummage","damage_taken":0,"relics_obtained":["WarpedTongs"],"max_hp_gain":0,"max_hp_loss":0,"event_name":"Accursed Blacksmith","floor":21,"gold_loss":0,"cards_obtained":["Pain"]},{"damage_healed":0,"gold_gain":99,"player_choice":"Stole From Cult","damage_taken":0,"max_hp_gain":0,"max_hp_loss":0,"event_name":"Nest","floor":31,"gold_loss":0},{"damage_healed":0,"gold_gain":0,"player_choice":"2 cards matched","damage_taken":0,"max_hp_gain":0,"max_hp_loss":0,"event_name":"Match and Keep!","floor":36,"gold_loss":0,"cards_obtained":["Bash","Flash of Steel"]},{"damage_healed":0,"gold_gain":0,"player_choice":"2 cards matched","damage_taken":0,"max_hp_gain":0,"max_hp_loss":0,"event_name":"Match and Keep!","floor":36,"gold_loss":0,"cards_obtained":["Bash","Flash of Steel"]},{"cards_removed":["Parasite"],"damage_healed":0,"gold_gain":0,"player_choice":"Offered Curse","damage_taken":0,"relics_obtained":["Spirit Poop"],"max_hp_gain":0,"max_hp_loss":0,"event_name":"Bonfire Elementals","floor":45,"gold_loss":0}],"is_beta":false,"boss_relics":[{"not_picked":["Tiny House","Busted Crown"],"picked":"Runic Dome"},{"not_picked":["Black Blood","Snecko Eye"],"picked":"Cursed Key"}],"items_purged_floors":[5,14,20,28,38],"is_endless":false,"potions_floor_spawned":[1,4,7,16,22,24,30,37,44,48],"killed_by":"Donu and Deca","ascension_level":0}}