{"host":"dculp0u5sf459im8","time":1608804265,"event":{"mods":["BaseMod","Downfall","Infinite Spire","Jedi Mod","Minty Spire (QoL Compilation)","Replay The Spire","StSLib","The Bug Knight","The Construct","The Cursed","The Jungle"],"gold_per_floor":[99,116,116,116,116,116,116,142,142,169,180,180,68,68,83,96,115,212,212,137,137,137,155,155,155,155,80,111,121,46,60,60,80,98,200,250,250,265,8,84,100,132,132,132,132,152,183,191,191,191],"floor_reached":48,"playtime":8048,"items_purged":["Slimebound:Strike_Slimebound"],"score":588,"play_id":"93cf6c96-11c9-4f99-a291-2b7af6480c0f","local_time":"20201224180425","is_ascension_mode":false,"campfire_choices":[{"data":"Slimebound:Split","floor":1,"key":"SMITH"},{"data":"Slimebound:CorrosiveSpit","floor":12,"key":"SMITH"},{"data":"Slimebound:Teamwork","floor":20,"key":"SMITH"},{"floor":27,"key":"RECALL"},{"data":"Slimebound:SpikyOuterGoop","floor":30,"key":"SMITH"},{"data":"Slimebound:LeechEnergy","floor":32,"key":"SMITH"},{"data":"Slimebound:WasteNot","floor":37,"key":"SMITH"},{"data":"Slimebound:TongueLash","floor":44,"key":"SMITH"}],"circlet_count":0,"master_deck":["Slimebound:Strike_Slimebound","Slimebound:Strike_Slimebound","Slimebound:Tackle","Slimebound:Defend_Slimebound","Slimebound:Defend_Slimebound","Slimebound:Defend_Slimebound","Slimebound:Split+1","Slimebound:CorrosiveSpit+1","Slimebound:SpikyOuterGoop+1","Slimebound:TongueLash+1","Slimebound:ViciousTackle+1","Slimebound:LeechingTouch","Slimebound:SplitMire","Slimebound:LeechEnergy+1","Slimebound:Gluttony","Slimebound:SplitBruiser","Slimebound:Prepare","Slimebound:SplitAcid","Slimebound:GrowthPunch","Slimebound:Teamwork+1","Slimebound:SlimeBarrage+1","Slimebound:SplitAcid+1","Slimebound:CorrosiveSpit+1","infinitespire:Gouge","Slimebound:GoopSpray","Slimebound:LeechEnergy+1","Slimebound:SlimeTap","Slimebound:LeechLife","Slimebound:WasteNot+1","Slimebound:LeechEnergy+1","Slimebound:RejuvenatingLick+1","Slimebound:RallyTheTroops+1","Slimebound:SamplingLick+1","Slimebound:HauntingLick+1","Slimebound:LevelUp+1"],"relics":["Slimebound:AbsorbEndCombat","ReplayTheSpireMod:Ninjato","Iron Hammer","Garlic","Coffee Dripper","downfall:HeartBlessingGreen","downfall:RedIOU","DollysMirror","downfall:HeartBlessingBlue","Bottled Lightning","downfall:HeartBlessingRed","Tiny House","Molten Egg 2","Replay:Bandana","infinitespire:Lucky Rock"],"acts_visited":["Exordium","TheCity","TheBeyond"],"potions_floor_usage":[10,18,29,34,35,35,38,42,46,48],"damage_taken":[{"damage":14,"enemies":"Jaw Worm","floor":2,"turns":4},{"damage":27,"enemies":"Replay:BlueRogue","floor":8,"turns":7},{"damage":25,"enemies":"Lagavulin","floor":10,"turns":4},{"damage":8,"enemies":"2 Louse","floor":11,"turns":3},{"damage":12,"enemies":"downfall:FleeingMerchant","floor":13,"turns":4},{"damage":18,"enemies":"Small Slimes","floor":15,"turns":3},{"damage":12,"enemies":"Exordium Wildlife","floor":16,"turns":3},{"damage":12,"enemies":"Blue Slaver","floor":17,"turns":2},{"damage":43,"enemies":"downfall:Ironclad","floor":18,"turns":6},{"damage":0,"enemies":"Chosen","floor":21,"turns":1},{"damage":17,"enemies":"3 Cultists","floor":23,"turns":5},{"damage":49,"enemies":"Nightmare","floor":28,"turns":7},{"damage":17,"enemies":"Sentry and Sphere","floor":29,"turns":4},{"damage":8,"enemies":"Snake Plant","floor":31,"turns":3},{"damage":26,"enemies":"Shelled Parasite and Fungi","floor":33,"turns":4},{"damage":27,"enemies":"Centurion and Healer","floor":34,"turns":5},{"damage":44,"enemies":"downfall:Silent","floor":35,"turns":5},{"damage":36,"enemies":"3 Darklings","floor":38,"turns":4},{"damage":16,"enemies":"downfall:FleeingMerchant","floor":39,"turns":4},{"damage":20,"enemies":"Orb Walker","floor":41,"turns":3},{"damage":24,"enemies":"HollowMod:StalkingDevout","floor":42,"turns":4},{"damage":30,"enemies":"3 Darklings","floor":46,"turns":3},{"damage":19,"enemies":"Jaw Worm Horde","floor":47,"turns":3},{"damage":128,"enemies":"Nightmare","floor":48,"turns":6}],"seed_played":"3313683030154216541","potions_obtained":[{"floor":2,"key":"Adrenaline Potion"},{"floor":15,"key":"Slimebound:SlimedPotion"},{"floor":18,"key":"DuplicationPotion"},{"floor":23,"key":"GamblersBrew"},{"floor":28,"key":"BlessingOfTheForge"},{"floor":31,"key":"Swift Potion"},{"floor":33,"key":"jedi:StrikingPotion"},{"floor":36,"key":"Slimebound:SlimedPotion"},{"floor":38,"key":"Swift Potion"},{"floor":41,"key":"SteroidPotion"},{"floor":42,"key":"SkillPotion"}],"is_trial":false,"path_per_floor":["R","M","?","?","?","PTL","PTL","E","T","E","M","R","$","?","M","M","M","B",null,"R","M","?","M","?","AVR","T","R","NM","M","R","M","R","M","M","B",null,"R","M","$","T","M","E","T","R","?","M","M","NM"],"character_chosen":"SLIMEBOUND","items_purchased":["Slimebound:Gluttony","Slimebound:SplitBruiser","Molten Egg 2"],"campfire_rested":0,"item_purchase_floors":[13,13,39],"current_hp_per_floor":[60,54,54,29,49,49,49,50,50,41,45,45,60,60,56,60,60,53,60,60,60,60,60,60,60,60,70,64,67,67,70,70,70,67,68,75,75,75,75,75,75,75,75,75,75,68,75,0,0,0],"gold":191,"neow_bonus":"TRANSFORM_CARD","is_daily":false,"chose_seed":false,"campfire_upgraded":7,"win_rate":0.0,"timestamp":1608804265,"path_taken":["R","M","?","?","?","PTL","PTL","E","T","E","M","R","$","?","M","?","M","BOSS","R","M","?","M","?","AVR","T","R","NM","M","R","M","R","?","M","BOSS","R","M","$","?","M","E","T","R","?","?","M","NM"],"items_purchased_type":["Card","Card","Relic"],"build_version":"2020-12-22","purchased_purges":1,"victory":false,"max_hp_per_floor":[60,60,60,60,60,60,60,60,60,60,60,60,60,60,60,60,60,60,60,60,60,60,60,60,60,60,70,70,70,70,70,70,70,70,70,75,75,75,75,75,75,75,75,75,75,75,75,75,75,75],"card_choices":[{"not_picked":["Slimebound:LivingWall","Slimebound:FinishingTackle"],"picked":"Slimebound:TongueLash","floor":2},{"not_picked":["Slimebound:PressTheAttack","Slimebound:Schlurp"],"picked":"Slimebound:ViciousTackle","floor":8},{"not_picked":["Slimebound:SlimeSpikes","Slimebound:GoopTackle"],"picked":"Slimebound:LeechingTouch","floor":10},{"not_picked":["Slimebound:MegaLick","Slimebound:SlimeBarrage"],"picked":"Slimebound:SplitMire","floor":11},{"not_picked":["Slimebound:Repurpose","Slimebound:MassFeed"],"picked":"Slimebound:LeechEnergy","floor":13},{"not_picked":["Slimebound:LeechingTouch","Slimebound:GoopSpray"],"picked":"Slimebound:Prepare","floor":15},{"not_picked":["Slimebound:ComboTackle","Slimebound:GoopSpray"],"picked":"Slimebound:SplitAcid","floor":16},{"not_picked":["Slimebound:Chomp","Slimebound:Dissolve"],"picked":"Slimebound:GrowthPunch","floor":17},{"not_picked":["Slimebound:OneTwoCombo","Slimebound:DouseInSlime"],"picked":"Slimebound:Teamwork","floor":18},{"not_picked":["Slimebound:SplitLeeching+1","Slimebound:SlimeSpikes"],"picked":"Slimebound:SlimeBarrage+1","floor":21},{"not_picked":["Slimebound:LeechingTouch","Slimebound:BestDefense"],"picked":"Slimebound:SplitAcid+1","floor":23},{"not_picked":["Slimebound:GrowthPunch+1","Slimebound:WasteNot"],"picked":"Slimebound:GoopSpray","floor":28},{"not_picked":["Slimebound:FinishingTackle","Slimebound:ComboTackle","Slimebound:LeechingTouch"],"picked":"SKIP","floor":29},{"not_picked":["Slimebound:Repurpose","Slimebound:GoopTackle+1"],"picked":"Slimebound:LeechEnergy+1","floor":31},{"not_picked":["Slimebound:SplitBruiser","Slimebound:PressTheAttack"],"picked":"Slimebound:SlimeTap","floor":33},{"not_picked":["Slimebound:LevelUp","Slimebound:ForwardTackle"],"picked":"Slimebound:LeechLife","floor":34},{"not_picked":["Slimebound:DuplicatedForm","Slimebound:MinionMaster"],"picked":"Slimebound:WasteNot","floor":35},{"not_picked":["Slimebound:DisruptingSlam","Slimebound:LeechingTouch"],"picked":"Slimebound:LeechEnergy+1","floor":38},{"not_picked":["Slimebound:SlimeSpikes+1","Slimebound:RainOfGoop"],"picked":"Slimebound:RejuvenatingLick+1","floor":39},{"not_picked":["Slimebound:FormOfPuddle+1","Slimebound:LeechingTouch+1"],"picked":"Slimebound:RallyTheTroops+1","floor":41},{"not_picked":["Slimebound:HauntingLick","Slimebound:SplitBruiser"],"picked":"Slimebound:SamplingLick+1","floor":42},{"not_picked":["Slimebound:SamplingLick","Slimebound:Chomp+1"],"picked":"Slimebound:HauntingLick+1","floor":46},{"not_picked":["Slimebound:SplitAcid+1","Slimebound:LeechEnergy+1"],"picked":"Slimebound:LevelUp+1","floor":47}],"player_experience":244233,"relics_obtained":[{"floor":8,"key":"Iron Hammer"},{"floor":9,"key":"Ancient Tea Set"},{"floor":10,"key":"Garlic"},{"floor":28,"key":"Bottled Lightning"},{"floor":42,"key":"Replay:Bandana"},{"floor":43,"key":"infinitespire:Lucky Rock"}],"event_choices":[{"damage_healed":0,"gold_gain":0,"player_choice":"Success","damage_taken":25,"relics_obtained":["ReplayTheSpireMod:Ninjato"],"max_hp_gain":0,"max_hp_loss":0,"event_name":"Scrap Ooze","floor":4,"gold_loss":0},{"damage_healed":20,"gold_gain":0,"player_choice":"Banana","damage_taken":0,"max_hp_gain":0,"max_hp_loss":0,"event_name":"Big Fish","floor":5,"gold_loss":0}],"is_beta":false,"boss_relics":[{"not_picked":["Busted Crown","Velvet Choker"],"picked":"Coffee Dripper"},{"not_picked":["Replay:Drink Me","Runic Pyramid"],"picked":"Tiny House"}],"items_purged_floors":[25],"is_endless":true,"potions_floor_spawned":[2,15,18,23,28,31,33,38,41,42],"killed_by":"Nightmare","ascension_level":0}}