{"host":"jw4qy1ihmjslahm8","time":1608785850,"event":{"mods":["Act Like it!","BaseMod","BetterRewards","Colored Map","Downfall","Gensokyo","HololiveMod","Hubris","Infinite Spire","MarisaÅiñ∂âJÅ@ñÇóùçπÅj","Minty Spire (QoL Compilation)","Replay The Spire","StSLib","The Animator"],"gold_per_floor":[199,212,230,230,248,193,193,215,215,227,227,247,247,247,272,376,376,476,491,491,491,517,532,532,532,532,546,565,565,565,591,604,439,459,459,459],"floor_reached":35,"playtime":4190,"items_purged":[],"score":321,"play_id":"95259162-71db-4279-a650-0d75dfb8cd01","local_time":"20201223205730","is_ascension_mode":false,"campfire_choices":[{"data":"animator:Kazuma","floor":1,"key":"SMITH"},{"data":"animator:YunYun","floor":11,"key":"SMITH"},{"floor":29,"key":"REST"}],"circlet_count":0,"master_deck":["animator:Strike_Konosuba","animator:Defend_Konosuba","animator:Strike","animator:Strike","animator:Strike","animator:Defend+1","animator:Defend","animator:Defend","animator:Kazuma+1","animator:Aqua","animator:ZankiKiguchi","animator:IzunaHatsuse","Pain","animator:Sloth","animator:YunYun+1","animator:Viivi","animator:Shuna","animator:Kazuma","animator:Kaijin","animator:Azekura","animator:Rimuru","animator:HigakiRinne","Normality","sneckomod:TailWhip","animator:Sora","animator:MamizouFutatsuiwa","ReplayTheSpireMod:??????????????????????","animator:DolaSchwi","animator:EmiyaShirou","animator:YachiyoNanami","animator:FielNirvalen","animator:DolaSchwi","animator:WinryRockbell","RitualDagger+1","animator:TukaLunaMarceau+1","animator:Shuna+1","animator:DolaCouronne+1","animator:WinryRockbell+1"],"relics":["animator:LivingPicture","animator:TheMissingPiece","animator:PurgingStone","WarpedTongs","Paper Crane","Onion Ring","Odd Mushroom","ReplayTheSpireMod:SealedPack","Letter Opener","Calipers","MutagenicStrength","Lizard Tail","Toxic Egg 2","animator:Buoy"],"acts_visited":["Exordium","TheCity"],"potions_floor_usage":[16,18,18,31,34,35,35],"damage_taken":[{"damage":0,"enemies":"Jaw Worm","floor":2,"turns":9},{"damage":4,"enemies":"Cultist","floor":3,"turns":7},{"damage":0,"enemies":"2 Louse","floor":5,"turns":4},{"damage":1,"enemies":"downfall:FleeingMerchant","floor":6,"turns":4},{"damage":5,"enemies":"2 Fungi Beasts","floor":8,"turns":3},{"damage":0,"enemies":"3 Louse","floor":10,"turns":2},{"damage":6,"enemies":"The Mushroom Lair","floor":12,"turns":5},{"damage":1,"enemies":"Blue Slaver","floor":15,"turns":3},{"damage":6,"enemies":"downfall:Silent","floor":16,"turns":20},{"damage":9,"enemies":"Colosseum Nobs","floor":18,"turns":7},{"damage":16,"enemies":"3 Byrds","floor":19,"turns":6},{"damage":0,"enemies":"Shell Parasite","floor":22,"turns":7},{"damage":0,"enemies":"Cultist and Chosen","floor":23,"turns":4},{"damage":15,"enemies":"Centurion and Healer","floor":27,"turns":7},{"damage":13,"enemies":"Snake Plant","floor":28,"turns":4},{"damage":0,"enemies":"Nightmare","floor":31,"turns":9},{"damage":14,"enemies":"Chosen and Byrds","floor":32,"turns":8},{"damage":0,"enemies":"downfall:FleeingMerchant","floor":33,"turns":4},{"damage":29,"enemies":"Snecko","floor":34,"turns":8},{"damage":47,"enemies":"downfall:Ironclad","floor":35,"turns":15}],"seed_played":"-4215210860184966086","potions_obtained":[{"floor":2,"key":"Milkshake"},{"floor":5,"key":"infinitespire:BlackPotion"},{"floor":8,"key":"SteroidPotion"},{"floor":19,"key":"FearPotion"},{"floor":22,"key":"Adrenaline Potion"},{"floor":28,"key":"Cursed Concoction"},{"floor":30,"key":"CultistPotion"},{"floor":32,"key":"animator:FalseLifePotion"}],"is_trial":false,"path_per_floor":["R","M","M","?","M","$","T","M","?","M","R","?","?","?","M","B",null,"R_BF","M","PTL","PTL","M","M","?","AVR","T","M","M","R","?","NM","M","$","M","B"],"character_chosen":"THE_ANIMATOR","items_purchased":["animator:Viivi","animator:Buoy"],"campfire_rested":1,"item_purchase_floors":[6,33],"current_hp_per_floor":[66,66,64,64,66,66,66,61,61,61,61,59,59,59,60,56,67,58,44,44,44,46,50,50,50,50,38,25,45,45,48,36,36,7,0,0],"gold":459,"neow_bonus":"HUNDRED_GOLD","is_daily":false,"chose_seed":false,"campfire_upgraded":2,"win_rate":0.0,"timestamp":1608785850,"path_taken":["R","M","M","?","?","$","T","M","?","M","R","?","?","?","M","BOSS","R_BF","M","PTL","PTL","M","M","?","AVR","T","M","M","R","?","NM","M","$","M","BOSS"],"items_purchased_type":["Card","Relic"],"build_version":"2020-12-22","purchased_purges":0,"victory":false,"max_hp_per_floor":[66,66,66,66,66,66,66,66,66,66,66,67,67,67,67,67,67,67,67,67,67,67,67,67,67,67,67,67,67,67,67,67,67,67,67,67],"card_choices":[{"not_picked":["animator:TukaLunaMarceau","animator:Archer"],"picked":"animator:ZankiKiguchi","floor":2},{"not_picked":["animator:Konayuki","animator:WinryRockbell"],"picked":"animator:IzunaHatsuse","floor":3},{"not_picked":["animator:Assassin","animator:ChaikaBohdan"],"picked":"animator:Sloth","floor":5},{"not_picked":["animator:Aqua","animator:Verdia"],"picked":"animator:YunYun","floor":6},{"not_picked":["animator:Gillette","animator:Rider"],"picked":"animator:Shuna","floor":8},{"not_picked":["animator:Bozes","animator:Shion"],"picked":"animator:Kazuma","floor":10},{"not_picked":["animator:Illya","animator:Fredrika"],"picked":"animator:Kaijin","floor":12},{"not_picked":["animator:Emonzaemon","animator:DolaStephanie"],"picked":"animator:Rimuru","floor":15},{"not_picked":["animator:Rimuru","animator:Biyorigo"],"picked":"animator:HigakiRinne","floor":16},{"not_picked":["hexamod:Float","Zap"],"picked":"sneckomod:TailWhip","floor":17},{"not_picked":["animator:PinaCoLada","animator:Shiro"],"picked":"animator:Sora","floor":17},{"not_picked":["animator:MisaKurobane","animator:Urushihara"],"picked":"animator:MamizouFutatsuiwa","floor":17},{"not_picked":["hubris:Fate","hubris:InfiniteBlow"],"picked":"ReplayTheSpireMod:??????????????????????","floor":17},{"not_picked":["animator:Tet","animator:Jibril"],"picked":"animator:DolaSchwi","floor":18},{"not_picked":["animator:OrikoMikuni","animator:Millim+1"],"picked":"animator:EmiyaShirou","floor":19},{"not_picked":["animator:Illya+1","animator:YunYun"],"picked":"animator:YachiyoNanami","floor":22},{"not_picked":["animator:AcuraTooru","animator:YachiyoNanami"],"picked":"animator:FielNirvalen","floor":23},{"not_picked":["animator:Tet","animator:FielNirvalen"],"picked":"animator:DolaSchwi","floor":27},{"not_picked":["animator:Benimaru+1","animator:ZankiKiguchi"],"picked":"animator:WinryRockbell","floor":28},{"not_picked":["animator:Emonzaemon+1","animator:TsurugaMeisai+1"],"picked":"animator:TukaLunaMarceau+1","floor":31},{"not_picked":["animator:MaesHughes+1","animator:YunYun"],"picked":"animator:Shuna+1","floor":32},{"not_picked":["animator:DolaRiku+1","animator:Azriel"],"picked":"animator:DolaCouronne+1","floor":33},{"not_picked":["animator:YaoHaDucy","animator:Illya+1"],"picked":"animator:WinryRockbell+1","floor":34}],"player_experience":34141,"relics_obtained":[{"floor":7,"key":"Paper Crane"},{"floor":9,"key":"Onion Ring"},{"floor":12,"key":"Odd Mushroom"},{"floor":18,"key":"Letter Opener"},{"floor":18,"key":"Calipers"},{"floor":26,"key":"Lizard Tail"},{"floor":31,"key":"Toxic Egg 2"}],"event_choices":[{"damage_healed":0,"gold_gain":0,"player_choice":"Rummage","damage_taken":0,"relics_obtained":["WarpedTongs"],"max_hp_gain":0,"max_hp_loss":0,"event_name":"Accursed Blacksmith","floor":4,"gold_loss":0,"cards_obtained":["Pain"]},{"damage_healed":0,"gold_gain":0,"player_choice":"Fought Mushrooms","damage_taken":0,"max_hp_gain":0,"max_hp_loss":0,"event_name":"Mushrooms","floor":12,"gold_loss":0},{"damage_healed":0,"gold_gain":0,"player_choice":"Inject Mutagens","damage_taken":0,"relics_obtained":["MutagenicStrength"],"max_hp_gain":0,"max_hp_loss":0,"event_name":"Drug Dealer","floor":24,"gold_loss":0}],"is_beta":false,"boss_relics":[{"not_picked":["hubris:RunicObelisk","Velvet Choker"],"picked":"ReplayTheSpireMod:SealedPack"}],"items_purged_floors":[],"is_endless":false,"potions_floor_spawned":[2,5,8,19,22,28,32],"killed_by":"downfall:Ironclad","ascension_level":0}}