{"host":"wna8kqr6yweggo4i","time":1608796650,"event":{"mods":["BaseMod","Colored Powertips","Hermit","Hubris","Marisa????????","Minty Spire (QoL Compilation)","StSLib"],"gold_per_floor":[210,226,77,252,269,297,317,336,362,362,362,380,350,367,367,471,471,491,510,510,510],"floor_reached":20,"playtime":894,"items_purged":[],"score":178,"play_id":"b25db5be-c6f3-456b-a53b-b69460ffe41f","local_time":"20201224015730","is_ascension_mode":false,"campfire_choices":[{"floor":10,"key":"REST"},{"floor":15,"key":"REST"}],"circlet_count":0,"master_deck":["hermit:Strike_Hermit","hermit:Strike_Hermit","hermit:Strike_Hermit","hermit:Strike_Hermit","hermit:Defend_Hermit","hermit:Defend_Hermit","hermit:Defend_Hermit+1","hermit:Defend_Hermit","hermit:Snapshot","hermit:Covet","hermit:BigShot","hermit:Combo","Doubt","hermit:TrackingShot","hermit:Dive","hermit:Dive+1","hermit:Virtue","hermit:Determination","hermit:Glare","hermit:Roughhouse","hermit:TrackingShot"],"relics":["hermit:Momento","Oddly Smooth Stone","Happy Flower","War Paint","hubris:Towel","hubris:Stopwatch"],"acts_visited":["Exordium","TheCity"],"potions_floor_usage":[16,16,20],"damage_taken":[{"damage":1,"enemies":"Jaw Worm","floor":1,"turns":4},{"damage":7,"enemies":"Small Slimes","floor":2,"turns":4},{"damage":6,"enemies":"Cultist","floor":5,"turns":5},{"damage":38,"enemies":"Gremlin Nob","floor":6,"turns":5},{"damage":12,"enemies":"Large Slime","floor":7,"turns":4},{"damage":6,"enemies":"Blue Slaver","floor":8,"turns":5},{"damage":6,"enemies":"Exordium Wildlife","floor":12,"turns":4},{"damage":10,"enemies":"Looter","floor":13,"turns":4},{"damage":3,"enemies":"2 Fungi Beasts","floor":14,"turns":6},{"damage":11,"enemies":"Slime Boss","floor":16,"turns":4},{"damage":8,"enemies":"Shell Parasite","floor":18,"turns":6},{"damage":33,"enemies":"Spheric Guardian","floor":19,"turns":8},{"damage":35,"enemies":"Centurion and Healer","floor":20,"turns":6}],"seed_played":"4404275127330985515","potions_obtained":[{"floor":1,"key":"SpeedPotion"},{"floor":2,"key":"Dexterity Potion"},{"floor":7,"key":"Ancient Potion"},{"floor":16,"key":"Explosive Potion"}],"is_trial":false,"path_per_floor":["M","M","$","?","M","E","M","M","T","R","?","M","M","M","R","B",null,"M","M","M"],"character_chosen":"HERMIT","items_purchased":["Oddly Smooth Stone"],"campfire_rested":2,"item_purchase_floors":[3],"current_hp_per_floor":[74,67,67,67,61,23,11,5,5,27,27,21,11,8,30,19,75,67,34,0,0],"gold":510,"neow_bonus":"HUNDRED_GOLD","is_daily":false,"chose_seed":false,"campfire_upgraded":0,"win_rate":0.0,"timestamp":1608796650,"path_taken":["M","M","$","?","M","E","M","M","T","R","?","M","M","M","R","BOSS","M","M","M"],"items_purchased_type":["Relic"],"build_version":"2020-12-22","purchased_purges":0,"victory":false,"max_hp_per_floor":[75,75,75,75,75,75,75,75,75,75,75,75,75,75,75,75,75,75,75,75,75],"card_choices":[{"not_picked":["hermit:Showdown","hermit:Coalescence"],"picked":"hermit:BigShot","floor":1},{"not_picked":["hermit:ShadowCloak","hermit:Deadeye"],"picked":"hermit:Combo","floor":2},{"not_picked":["hermit:BigShot","hermit:Manifest"],"picked":"hermit:TrackingShot","floor":5},{"not_picked":["hermit:LoneWolf","hermit:BodyArmor"],"picked":"hermit:Dive","floor":6},{"not_picked":["hermit:TakeCover","hermit:Quickdraw","hermit:Snipe"],"picked":"SKIP","floor":7},{"not_picked":["hermit:SprayPray","hermit:Coalescence"],"picked":"hermit:Dive","floor":8},{"not_picked":["hermit:LuckOfTheDraw","hermit:Manifest"],"picked":"hermit:Virtue","floor":12},{"not_picked":["hermit:Quickdraw","hermit:SprayPray"],"picked":"hermit:Determination","floor":13},{"not_picked":["hermit:Malice","hermit:PistolWhip"],"picked":"hermit:Glare","floor":14},{"not_picked":["hermit:RoundhouseKick","hermit:Reprieve"],"picked":"hermit:Roughhouse","floor":16},{"not_picked":["hermit:Roulette+1","hermit:Manifest","hermit:HoleUp"],"picked":"SKIP","floor":18},{"not_picked":["hermit:Adapt","hermit:Quickdraw"],"picked":"hermit:TrackingShot","floor":19}],"player_experience":374544,"relics_obtained":[{"floor":6,"key":"Happy Flower"},{"floor":9,"key":"War Paint"}],"event_choices":[{"damage_healed":0,"gold_gain":175,"player_choice":"AGREE","damage_taken":0,"max_hp_gain":0,"max_hp_loss":0,"event_name":"Liars Game","floor":4,"gold_loss":0,"cards_obtained":["Doubt"]}],"is_beta":false,"boss_relics":[{"not_picked":["Ectoplasm","hermit:BartenderGlass"],"picked":"hubris:Stopwatch"}],"items_purged_floors":[],"is_endless":false,"potions_floor_spawned":[1,2,7,16],"killed_by":"Centurion and Healer","ascension_level":0}}