{"host":"x565ttcahk6mfbvs","time":1608817657,"event":{"mods":["AchievementEnabler","BaseMod","BetterRewards","Downfall","Minty Spire (QoL Compilation)","Permanent Neow","Remove Card Discount Mod","StSLib","UnlockEverythingMod"],"gold_per_floor":[111,111,121,29,41,69,69,95,174,209,209,76,88,53,53,126,176,188,188,188,203,221,221,221],"floor_reached":23,"playtime":944,"items_purged":["Strike_P","Pain","PathToVictory","Strike_P"],"score":718,"play_id":"10108f01-86fe-4def-b4a9-e04119121382","local_time":"20201224074737","is_ascension_mode":true,"campfire_choices":[{"data":"ForeignInfluence","floor":7,"key":"SMITH"},{"data":"TalkToTheHand","floor":11,"key":"SMITH"},{"data":"ForeignInfluence","floor":15,"key":"SMITH"}],"circlet_count":0,"master_deck":["AscendersBane","Strike_P","Strike_P","Defend_P","Defend_P","Defend_P","Defend_P","Eruption","Vigilance+1","Fasting2+1","TalkToTheHand+1","BattleHymn+1","CarveReality","ForeignInfluence+1","ForeignInfluence","ForeignInfluence+1","ReachHeaven","ConjureBlade","TalkToTheHand","Crescendo","Wireheading+1"],"relics":["PureWater","PreservedInsect","Question Card","Ginger","Turnip","Frozen Egg 2","WarpedTongs","Ice Cream","Omamori","Bottled Lightning","StoneCalendar","Tiny House","Damaru"],"acts_visited":["Exordium","TheCity"],"potions_floor_usage":[1,6,10,16,16,18,22,22],"damage_taken":[{"damage":14,"enemies":"Jaw Worm","floor":1,"turns":5},{"damage":3,"enemies":"Cultist","floor":3,"turns":6},{"damage":0,"enemies":"Small Slimes","floor":5,"turns":5},{"damage":0,"enemies":"Gremlin Nob","floor":6,"turns":4},{"damage":0,"enemies":"Lagavulin","floor":8,"turns":5},{"damage":1,"enemies":"3 Sentries","floor":10,"turns":5},{"damage":0,"enemies":"2 Fungi Beasts","floor":13,"turns":5},{"damage":27,"enemies":"The Guardian","floor":16,"turns":9},{"damage":23,"enemies":"Shell Parasite","floor":18,"turns":6},{"damage":0,"enemies":"Chosen","floor":21,"turns":5},{"damage":36,"enemies":"Centurion and Healer","floor":22,"turns":5},{"damage":4,"enemies":"Slavers","floor":23,"turns":3}],"seed_played":"-1873831071509567134","potions_obtained":[{"floor":1,"key":"Strength Potion"},{"floor":6,"key":"EssenceOfSteel"},{"floor":10,"key":"FearPotion"},{"floor":17,"key":"LiquidBronze"},{"floor":18,"key":"CultistPotion"},{"floor":20,"key":"AttackPotion"}],"is_trial":false,"path_per_floor":["M","?","M","$","M","E","R","E","T","E","R","$","M","?","R","B",null,"M","?","?","M","M","E"],"character_chosen":"WATCHER","items_purchased":["PreservedInsect","CultistPotion","PathToVictory","Question Card","Ginger","Frozen Egg 2","PowerPotion","BattleHymn+1","ReachHeaven","SkillPotion"],"campfire_rested":0,"item_purchase_floors":[0,0,0,0,0,0,0,4,12,12],"current_hp_per_floor":[47,47,44,44,44,44,44,44,44,43,43,43,43,60,60,33,64,41,41,41,41,5,1,1],"gold":221,"neow_bonus":"","is_daily":false,"chose_seed":false,"campfire_upgraded":3,"win_rate":0.0,"timestamp":1608817657,"path_taken":["M","?","M","$","?","E","R","E","T","E","R","$","M","?","R","BOSS","M","?","?","M","M","E"],"items_purchased_type":["Relic","Potion","Card","Relic","Relic","Relic","Potion","Card","Card","Potion"],"build_version":"2020-12-22","purchased_purges":4,"victory":false,"max_hp_per_floor":[68,68,68,68,68,68,68,68,68,68,68,68,68,68,68,68,73,73,73,73,73,73,73,73],"card_choices":[{"not_picked":["InnerPeace","FlyingSleeves","ThirdEye"],"picked":"Fasting2+1","floor":1},{"not_picked":["FollowUp","DeusExMachina","Consecrate"],"picked":"TalkToTheHand","floor":3},{"not_picked":["WreathOfFlame","EmptyMind","DeceiveReality"],"picked":"CarveReality","floor":5},{"not_picked":["CrushJoints","EmptyBody","Adaptation+1"],"picked":"ForeignInfluence","floor":6},{"not_picked":["ThirdEye","JustLucky","ClearTheMind"],"picked":"ForeignInfluence","floor":8},{"not_picked":["Crescendo","ConjureBlade","MentalFortress+1"],"picked":"ForeignInfluence","floor":10},{"not_picked":["Swivel","FlyingSleeves","CutThroughFate","EmptyBody"],"picked":"SKIP","floor":13},{"not_picked":["Blasphemy","Judgement","Establishment+1"],"picked":"ConjureBlade","floor":16},{"not_picked":["JustLucky","Consecrate","Fasting2+1"],"picked":"TalkToTheHand","floor":18},{"not_picked":["WheelKick","JustLucky","Fasting2+1"],"picked":"Crescendo","floor":21},{"not_picked":["Worship","Blasphemy","MentalFortress+1"],"picked":"Wireheading+1","floor":22}],"player_experience":280117,"relics_obtained":[{"floor":6,"key":"Ice Cream"},{"floor":8,"key":"Omamori"},{"floor":9,"key":"Bottled Lightning"},{"floor":10,"key":"StoneCalendar"}],"event_choices":[{"damage_healed":0,"gold_gain":0,"player_choice":"Rummage","damage_taken":0,"relics_obtained":["WarpedTongs"],"max_hp_gain":0,"max_hp_loss":0,"event_name":"Accursed Blacksmith","floor":2,"gold_loss":0,"cards_obtained":["Pain"]},{"damage_healed":17,"gold_gain":0,"player_choice":"Healed","damage_taken":0,"max_hp_gain":0,"max_hp_loss":0,"event_name":"The Cleric","floor":14,"gold_loss":35},{"damage_healed":0,"gold_gain":0,"player_choice":"Opened","damage_taken":0,"relics_obtained":["Damaru"],"max_hp_gain":0,"max_hp_loss":0,"event_name":"The Mausoleum","floor":19,"gold_loss":0,"cards_obtained":["Writhe"]},{"damage_healed":0,"gold_gain":0,"player_choice":"Got Potions","damage_taken":0,"max_hp_gain":0,"max_hp_loss":0,"event_name":"Lab","floor":20,"gold_loss":0}],"is_beta":false,"boss_relics":[{"not_picked":["Runic Dome","Runic Pyramid"],"picked":"Tiny House"}],"items_purged_floors":[0,4,4,12],"is_endless":false,"potions_floor_spawned":[1,5,6,10,18,21],"killed_by":"Slavers","ascension_level":20}}