{"host":"5bdt6s51dmpd4l3v","time":1608787732,"event":{"mods":["AchievementEnabler","BaseMod","Colored Map","Colored Powertips","Highlight Path","Minty Spire (QoL Compilation)","Quick Restart","Rare Cards Sparkle","StSLib"],"gold_per_floor":[109,133,144,6,24,24,53,65,77,107,119,166,178,203,215,227,227],"floor_reached":16,"playtime":3826,"items_purged":[],"score":193,"play_id":"1cbcef22-6824-4fcb-b977-1174469e8e8a","local_time":"20201224132852","is_ascension_mode":true,"campfire_choices":[{"data":"Flex","floor":6,"key":"SMITH"},{"data":"Whirlwind","floor":8,"key":"SMITH"},{"data":"Armaments","floor":11,"key":"SMITH"},{"data":"Inflame","floor":13,"key":"SMITH"},{"floor":15,"key":"REST"}],"circlet_count":0,"master_deck":["AscendersBane","Strike_R","Strike_R","Strike_R","Strike_R","Strike_R","Defend_R","Defend_R","Defend_R","Defend_R","Bash","Thunderclap","Warcry","Whirlwind+1","Inflame+1","Flex+1","Armaments+1","Rage","Battle Trance"],"relics":["Burning Blood","NeowsBlessing","Dream Catcher","MawBank","Meat on the Bone","Bronze Scales"],"acts_visited":["Exordium"],"potions_floor_usage":[7,12,14],"damage_taken":[{"damage":0.0,"enemies":"Cultist","floor":1.0,"turns":1.0},{"damage":0,"enemies":"Jaw Worm","floor":3,"turns":1},{"damage":0,"enemies":"2 Louse","floor":5,"turns":1},{"damage":40,"enemies":"3 Sentries","floor":7,"turns":7},{"damage":17,"enemies":"Looter","floor":10,"turns":3},{"damage":43,"enemies":"Gremlin Nob","floor":12,"turns":5},{"damage":5,"enemies":"Blue Slaver","floor":14,"turns":4},{"damage":36,"enemies":"The Guardian","floor":16,"turns":4}],"seed_played":"2103204732872306937","potions_obtained":[{"floor":3,"key":"BloodPotion"},{"floor":10,"key":"ElixirPotion"},{"floor":12,"key":"PowerPotion"}],"is_trial":false,"path_per_floor":["M","T","M","$","M","R","E","R","T","M","R","E","R","M","R","B"],"character_chosen":"IRONCLAD","items_purchased":["Whirlwind","Inflame"],"campfire_rested":1,"item_purchase_floors":[4,4],"current_hp_per_floor":[74,74,75,75,75,75,56,56,56,45,45,20,20,33,55,19,19],"gold":227,"neow_bonus":"THREE_ENEMY_KILL","is_daily":false,"chose_seed":false,"campfire_upgraded":4,"win_rate":0.0,"timestamp":1608787732,"path_taken":["M","?","?","$","M","R","E","R","T","M","R","E","R","M","R","BOSS"],"items_purchased_type":["Card","Card"],"build_version":"2020-12-22","purchased_purges":0,"victory":false,"max_hp_per_floor":[75,75,75,75,75,75,75,75,75,75,75,75,75,75,75,75,75],"card_choices":[{"not_picked":["Sentinel","Disarm"],"picked":"Thunderclap","floor":1.0},{"not_picked":["Uppercut","Wild Strike"],"picked":"Warcry","floor":3},{"not_picked":["Carnage","Flame Barrier"],"picked":"Flex","floor":5},{"not_picked":["Infernal Blade","Thunderclap","Power Through"],"picked":"SKIP","floor":7},{"not_picked":["Rampage","Sentinel"],"picked":"Armaments","floor":10},{"not_picked":["Clash","Armaments"],"picked":"Rage","floor":12},{"not_picked":["Clash","Ghostly Armor","Bludgeon"],"picked":"SKIP","floor":14},{"not_picked":["Sword Boomerang","Warcry"],"picked":"Battle Trance","floor":15}],"player_experience":216094,"relics_obtained":[{"floor":2,"key":"Dream Catcher"},{"floor":7,"key":"MawBank"},{"floor":9,"key":"Meat on the Bone"},{"floor":12,"key":"Bronze Scales"}],"event_choices":[],"is_beta":false,"boss_relics":[],"items_purged_floors":[],"is_endless":false,"potions_floor_spawned":[3,10,12],"killed_by":"The Guardian","ascension_level":15}}