{"host":"pi8b3ffzwvxqztac","time":1608819279,"event":{"mods":["BaseMod","Colored Map","Downfall","Minty Spire (QoL Compilation)","StSLib"],"gold_per_floor":[99,116,116,127,140,65,118,145,145,145,145,174,187,200,219,320,320,320,333,433,433,448,462,462,6,6,6,44,44,55,55,55,55],"floor_reached":32,"playtime":1935,"items_purged":["Regret"],"score":341,"play_id":"43636c74-eeb8-4e11-ae4d-531ca3081be5","local_time":"20201225031439","is_ascension_mode":true,"campfire_choices":[{"floor":1,"key":"RECALL"},{"data":"sneckomod:WideSting","floor":6,"key":"SMITH"},{"data":"sneckomod:Unknown","floor":9,"key":"SMITH"},{"data":"sneckomod:SlitherStrike","floor":11,"key":"SMITH"},{"data":"sneckomod:CheapStock","floor":18,"key":"SMITH"},{"data":"sneckomod:SnekBite","floor":27,"key":"SMITH"},{"data":"sneckomod:QuickMove","floor":29,"key":"SMITH"}],"circlet_count":0,"master_deck":["sneckomod:Strike","sneckomod:Strike","sneckomod:Strike","sneckomod:Defend+1","sneckomod:Defend","sneckomod:Defend","sneckomod:TailWhip","sneckomod:SnekBite+1","sneckomod:Unknown+1","sneckomod:Unknown+1","sneckomod:Nope","sneckomod:WideSting+1","sneckomod:UnknownVulnerable","sneckomod:SlitherStrike+1","sneckomod:UnknownVulnerable","sneckomod:QuickMove+1","sneckomod:CheapStock+1","sneckomod:UnknownRareAttack","sneckomod:UnknownWeak+1","sneckomod:UnknownBlock","sneckomod:DiceCrush","sneckomod:DiceCrush","sneckomod:Unknown0Cost+1","sneckomod:UnknownCommonAttack+1"],"relics":["sneckomod:SneckoSoul","War Paint","downfall:HeartBlessingRed","sneckomod:LoadedDie","Ancient Tea Set","Strawberry","Black Star","Ginger","Bottled Tornado","Mango","Mummified Hand"],"acts_visited":["Exordium","TheCity"],"potions_floor_usage":[16,16,20,23,30],"damage_taken":[{"damage":3,"enemies":"Jaw Worm","floor":2,"turns":3},{"damage":1,"enemies":"2 Louse","floor":4,"turns":2},{"damage":6,"enemies":"Cultist","floor":5,"turns":1},{"damage":39,"enemies":"Lagavulin","floor":8,"turns":8},{"damage":1,"enemies":"Gremlin Nob","floor":12,"turns":2},{"damage":6,"enemies":"3 Louse","floor":13,"turns":2},{"damage":0,"enemies":"Blue Slaver","floor":14,"turns":3},{"damage":3,"enemies":"2 Fungi Beasts","floor":15,"turns":2},{"damage":33,"enemies":"downfall:Ironclad","floor":16,"turns":7},{"damage":5,"enemies":"Chosen","floor":19,"turns":3},{"damage":33,"enemies":"downfall:Watcher","floor":20,"turns":9},{"damage":6,"enemies":"3 Byrds","floor":22,"turns":4},{"damage":46,"enemies":"Snake Plant","floor":23,"turns":7},{"damage":8,"enemies":"downfall:FleeingMerchant","floor":25,"turns":4},{"damage":14,"enemies":"Sentry and Sphere","floor":28,"turns":4},{"damage":21,"enemies":"Shelled Parasite and Fungi","floor":30,"turns":6},{"damage":37,"enemies":"Chosen and Byrds","floor":32,"turns":4}],"seed_played":"5701717481545130976","potions_obtained":[{"floor":4,"key":"Block Potion"},{"floor":14,"key":"Energy Potion"},{"floor":15,"key":"DuplicationPotion"},{"floor":22,"key":"SneckoOil"},{"floor":28,"key":"sneckomod:MuddlingPotion"}],"is_trial":false,"path_per_floor":["R","M","?","M","M","R","T","E","R","?","R","E","M","M","M","B",null,"R","M","?","?","M","M","T","$","?","R","M","R","M","?","M"],"character_chosen":"THE_SNECKO","items_purchased":["Mango","Guardian:BlockOnCardUsePotion"],"campfire_rested":0,"item_purchase_floors":[25,25],"current_hp_per_floor":[99,96,96,95,89,89,89,51,51,51,51,58,52,52,49,17,109,109,105,73,73,67,21,21,27,68,68,55,55,35,35,0,0],"gold":55,"neow_bonus":"TEN_PERCENT_HP_BONUS","is_daily":false,"chose_seed":false,"campfire_upgraded":6,"win_rate":0.0,"timestamp":1608819279,"path_taken":["R","M","?","M","M","R","T","E","R","?","R","E","M","?","M","BOSS","R","M","?","?","M","M","T","$","?","R","?","R","M","?","M"],"items_purchased_type":["Relic","Potion"],"build_version":"2020-12-22","purchased_purges":1,"victory":false,"max_hp_per_floor":[99,99,99,99,99,99,99,100,100,100,100,108,108,108,108,109,109,109,110,111,111,111,111,111,125,125,125,126,126,127,127,127,127],"card_choices":[{"not_picked":["sneckomod:UnknownClassTHE_CHAMP_GRAY","sneckomod:SnakeSap"],"picked":"sneckomod:Nope","floor":2},{"not_picked":["sneckomod:DiceCrush","sneckomod:UnknownCommonSkill","sneckomod:ImprovisedAttack"],"picked":"SKIP","floor":4},{"not_picked":["sneckomod:DiceBlock","sneckomod:SoulCleanse"],"picked":"sneckomod:WideSting","floor":5},{"not_picked":["sneckomod:SoulDraw","sneckomod:Nope"],"picked":"sneckomod:UnknownVulnerable","floor":8},{"not_picked":["sneckomod:RainOfDice","sneckomod:UnknownClassBLUE"],"picked":"sneckomod:UnknownVulnerable","floor":12},{"not_picked":["sneckomod:UnknownCommonSkill","sneckomod:SerpentIdol"],"picked":"sneckomod:QuickMove","floor":13},{"not_picked":["sneckomod:WideSting","sneckomod:SerpentMind","sneckomod:UnknownClassPURPLE"],"picked":"SKIP","floor":14},{"not_picked":["sneckomod:DiceBoulder","sneckomod:UnknownClassHEXA_GHOST_PURPLE"],"picked":"sneckomod:CheapStock","floor":15},{"not_picked":["sneckomod:SoulExchange","sneckomod:Restock"],"picked":"sneckomod:UnknownRareAttack","floor":16},{"not_picked":["sneckomod:UnknownStrike","sneckomod:SoulRoll"],"picked":"sneckomod:UnknownWeak+1","floor":19},{"not_picked":["sneckomod:MasterEye","sneckomod:Unknown2Cost"],"picked":"sneckomod:UnknownBlock","floor":20},{"not_picked":["sneckomod:IronFang","sneckomod:Nope","sneckomod:UnknownClassTHE_CHAMP_GRAY+1"],"picked":"SKIP","floor":22},{"not_picked":["sneckomod:Unknown1Cost","sneckomod:UnknownStrike+1"],"picked":"sneckomod:DiceCrush","floor":23},{"not_picked":["sneckomod:SoulRoll","sneckomod:MasterEye"],"picked":"sneckomod:DiceCrush","floor":25},{"not_picked":["sneckomod:ImprovisedGuard","sneckomod:TrashToTreasure"],"picked":"sneckomod:Unknown0Cost+1","floor":28},{"not_picked":["sneckomod:SnakeSap","sneckomod:UnknownClassBLUE+1"],"picked":"sneckomod:UnknownCommonAttack+1","floor":30}],"player_experience":434270,"relics_obtained":[{"floor":7,"key":"sneckomod:LoadedDie"},{"floor":8,"key":"Ancient Tea Set"},{"floor":12,"key":"Strawberry"},{"floor":20,"key":"Ginger"},{"floor":20,"key":"Bottled Tornado"}],"event_choices":[{"damage_healed":0,"gold_gain":0,"player_choice":"Box","damage_taken":0,"relics_obtained":["War Paint"],"max_hp_gain":0,"max_hp_loss":0,"event_name":"Big Fish","floor":3,"gold_loss":0,"cards_obtained":["Regret"]},{"damage_healed":41,"gold_gain":0,"player_choice":"Heal","damage_taken":0,"max_hp_gain":0,"max_hp_loss":0,"event_name":"The Library","floor":26,"gold_loss":0}],"is_beta":false,"boss_relics":[{"not_picked":["Sozu","downfall:Hecktoplasm"],"picked":"Black Star"}],"items_purged_floors":[25],"is_endless":false,"potions_floor_spawned":[4,14,15,22,28],"killed_by":"Chosen and Byrds","ascension_level":1}}