{"host":"0m9qzqwuh9r40nrk","time":1608796811,"event":{"mods":["BaseMod","Downfall","Hermit","Minty Spire (QoL Compilation)","Replay The Spire","StSLib","The Animator","The Cursed","The Servant 0.9.4"],"gold_per_floor":[110,125,275,14,14,65,65,79,104,126,151,169,243,261,261,377,402,433,451,451,486,18,18,36,102,152,152,177,177,203,143,143,254,279,308,92,182,265,25,92,92,30,80,105,120,120,120,151,151,159,159,184,624,684,753,852,852,221,306,396,396,396,414,414],"floor_reached":63,"playtime":10273,"items_purged":["animator:Defend","Delirium","animator:SuzuneAmano"],"score":846,"play_id":"a7d48cc7-ee53-44ea-bb26-067da63599f8","local_time":"20201224000011","is_ascension_mode":false,"campfire_choices":[{"data":"animator:Gilgamesh+2","floor":7.0,"key":"SMITH"},{"data":"animator:Gilgamesh+6","floor":15.0,"key":"SMITH"},{"data":"animator:Gilgamesh+8","floor":23.0,"key":"SMITH"},{"data":"animator:Gilgamesh+11","floor":27.0,"key":"SMITH"},{"data":"animator:Gilgamesh+13","floor":29.0,"key":"SMITH"},{"data":"Languid","floor":32.0,"key":"PURGE"},{"data":"animator:Gilgamesh+20","floor":41.0,"key":"SMITH"},{"data":"animator:Gilgamesh+21","floor":41.0,"key":"SMITH"},{"floor":44.0,"key":"DIG"},{"floor":46.0,"key":"RECALL"},{"data":"Replay:Hysterical Blindness","floor":49.0,"key":"PURGE"},{"floor":52.0,"key":"DIG"},{"data":"animator:Gilgamesh+10","floor":62,"key":"SMITH"}],"circlet_count":0,"master_deck":["animator:Alexander","animator:Rider","animator:Gilgamesh+11","animator:Witch","animator:LizardPriest+1","animator:Geryuganshoop+1","animator:Berserker","animator:Chris+1","animator:GuildGirl+1","animator:Mitsurugi+1","animator:Melzalgald","animator:Caster","animator:HighElfArcher+1","animator:Priestess+1","animator:Entoma","animator:EmiyaShirou","animator:Lelouch","animator:Spearman","animator:Albedo","animator:Albedo","animator:Priestess","animator:KyokoSakura","animator:Alexander","animator:Boros+1","animator:Sloth","animator:Lelouch+1","animator:Lelouch+1","animator:Darkness","animator:Zero+1","animator:OrikoMikuni+1","animator:Pride+1","animator:QuestionMark+1","animator:Aqua","animator:CowGirl","animator:LimeBell"],"relics":["animator:TheWolleyCore","animator:AncientMedallion"],"acts_visited":["Exordium","TheCity","TheBeyond","TheEnding","EYB:TheUnnamedReign"],"potions_floor_usage":[59,59,60,63,63],"damage_taken":[{"damage":1.0,"enemies":"2 Louse","floor":1.0,"turns":2.0},{"damage":7.0,"enemies":"Small Slimes","floor":2.0,"turns":5.0},{"damage":0.0,"enemies":"Lagavulin","floor":6.0,"turns":5.0},{"damage":0.0,"enemies":"Jaw Worm","floor":8.0,"turns":3.0},{"damage":0.0,"enemies":"Blue Slaver","floor":10.0,"turns":3.0},{"damage":0.0,"enemies":"Large Slime","floor":12.0,"turns":4.0},{"damage":22.0,"enemies":"Replay:BlueRogue","floor":13.0,"turns":5.0},{"damage":0.0,"enemies":"Exordium Thugs","floor":14.0,"turns":5.0},{"damage":22.0,"enemies":"Slime Boss","floor":16.0,"turns":6.0},{"damage":9.0,"enemies":"2 Thieves","floor":18.0,"turns":4.0},{"damage":3.0,"enemies":"Shell Parasite","floor":19.0,"turns":3.0},{"damage":2.0,"enemies":"Snake Plant","floor":21.0,"turns":3.0},{"damage":0.0,"enemies":"Centurion and Healer","floor":24.0,"turns":5.0},{"damage":4.0,"enemies":"Replay:Snechameleon","floor":25.0,"turns":4.0},{"damage":0.0,"enemies":"Chosen and Byrds","floor":30.0,"turns":5.0},{"damage":37.0,"enemies":"Collector","floor":33.0,"turns":9.0},{"damage":0.0,"enemies":"3 Darklings","floor":35.0,"turns":5.0},{"damage":11.0,"enemies":"2 Orb Walkers","floor":37.0,"turns":5.0},{"damage":12.0,"enemies":"Mind Bloom Boss Battle","floor":38.0,"turns":7.0},{"damage":2.0,"enemies":"Nemesis","floor":40.0,"turns":9.0},{"damage":0.0,"enemies":"Orb Walker","floor":45.0,"turns":1.0},{"damage":0.0,"enemies":"Maw","floor":48.0,"turns":5.0},{"damage":35.0,"enemies":"Time Eater","floor":50.0,"turns":11.0},{"damage":36,"enemies":"animator:TRIPLE_SHAPES_WEAK","floor":54,"turns":11},{"damage":23,"enemies":"animator:UNNAMED_CULTIST_1","floor":55,"turns":14},{"damage":27,"enemies":"animator:LARGE_WISP","floor":59,"turns":8},{"damage":76,"enemies":"animator:UNNAMED_CULTIST_2","floor":60,"turns":8},{"damage":47,"enemies":"animator:ULTIMATE_CUBE","floor":63,"turns":9}],"seed_played":"7111626155993542918","potions_obtained":[{"floor":1.0,"key":"DistilledChaos"},{"floor":2.0,"key":"sneckomod:MuddlingPotion"},{"floor":6.0,"key":"AttackPotion"},{"floor":8.0,"key":"Block Potion"},{"floor":19.0,"key":"ColorlessPotion"},{"floor":21.0,"key":"Weak Potion"},{"floor":24.0,"key":"Milkshake"},{"floor":37.0,"key":"sneckomod:MuddlingPotion"},{"floor":38.0,"key":"BlessingOfTheForge"},{"floor":40.0,"key":"Fire Potion"},{"floor":54,"key":"animator:FalseLifePotion"},{"floor":55,"key":"animator:FalseLifePotion"},{"floor":59,"key":"animator:FalseLifePotion"},{"floor":60,"key":"animator:FalseLifePotion"}],"is_trial":false,"path_per_floor":["M","M","?","$","?","E","R","M","T","M","T","M","E","M","R","B",null,"M","M","?","M","$","R","M","E","T","R","?","R","M","?","R","B",null,"M","$","?","?","?","E","R","$","T","R","M","R","?","M","R","B",null,"R","??","M","M","T","?","$","M","M","?","R","E"],"character_chosen":"THE_ANIMATOR","items_purchased":["Toxic Egg 2","animator:Lelouch+1","ReplayTheSpireMod:Lightbulb","BargainBundle","animator:Lelouch+1","animator:Darkness","animator:Zero+1","Swift Potion","Reflective Coating","Flashbang","animator:OrikoMikuni+1","animator:QuestionMark+1","animator:AncientMedallion","animator:AncientMedallion"],"campfire_rested":0,"item_purchase_floors":[4,22,22,36,36,36,36,36,36,36,36,42,58,58],"current_hp_per_floor":[65,58,58,58,45,45,45,45,45,45,45,46,25,25,25,3,68,59,56,78,76,76,76,76,72,72,72,72,72,72,72,72,35,78,78,78,67,61,61,65,65,65,65,65,65,65,65,71,71,55,78,78,98,76,65,65,77,77,74,22,22,22,0,0],"gold":414,"neow_bonus":"RANDOM_EVENT","is_daily":false,"chose_seed":false,"campfire_upgraded":8,"win_rate":0.0,"timestamp":1608796811,"path_taken":["M","M","?","$","?","E","R","M","T","M","?","M","E","M","R","BOSS","M","M","?","M","$","R","?","E","T","R","?","R","M","?","R","BOSS","M","$","?","?","?","E","R","?","T","R","M","R","?","M","R","BOSS","R","??","M","M","T","?","$","M","M","?","R","E"],"items_purchased_type":["Relic","Card","Relic","Relic","Card","Card","Card","Potion","Potion","Potion","Card","Card","Relic","Relic"],"build_version":"2020-12-22","purchased_purges":3,"victory":false,"max_hp_per_floor":[66,66,66,66,66,66,66,66,66,66,66,67,68,68,68,68,68,68,68,78,78,78,78,78,78,78,78,78,78,78,78,78,78,78,78,78,78,78,78,78,78,78,78,78,78,78,78,78,78,78,78,78,98,98,98,98,98,98,98,98,98,98,98,98],"card_choices":[{"not_picked":["animator:Chris","animator:SuzuneAmano"],"picked":"animator:Witch","floor":1.0},{"not_picked":["animator:Tatsumaki","animator:Vanir"],"picked":"animator:LizardPriest","floor":2.0},{"not_picked":["animator:Megumin","animator:Melzalgald"],"picked":"animator:Geryuganshoop","floor":3.0},{"not_picked":["animator:YachiyoNanami","animator:YuiTsuruno"],"picked":"animator:Berserker","floor":3.0},{"not_picked":["animator:ElricAlphonse+1","animator:Berserker"],"picked":"animator:Chris","floor":6.0},{"not_picked":["animator:Witch+1","animator:HighElfArcher"],"picked":"animator:GuildGirl","floor":8.0},{"not_picked":["animator:Rider+1","animator:Sloth"],"picked":"animator:Mitsurugi","floor":10.0},{"not_picked":["animator:SayakaMiki+1","animator:Genos"],"picked":"animator:Melzalgald","floor":12.0},{"not_picked":["animator:SakuraMatou+1","animator:Kazuma+1"],"picked":"animator:Caster+1","floor":13.0},{"not_picked":["animator:GuildGirl","animator:DwarfShaman"],"picked":"animator:HighElfArcher","floor":14.0},{"not_picked":["animator:SwordMaiden+1","animator:Father+1"],"picked":"animator:Ainz","floor":16.0},{"not_picked":["animator:DwarfShaman","animator:Scar"],"picked":"animator:Priestess+1","floor":18.0},{"not_picked":["animator:Illya+1","animator:Rider+1"],"picked":"animator:Entoma+1","floor":19.0},{"not_picked":["animator:Vanir+1","animator:Chris"],"picked":"animator:EmiyaShirou+1","floor":21.0},{"not_picked":["animator:LizardPriest+1","animator:GuildGirl"],"picked":"animator:Spearman","floor":24.0},{"not_picked":["animator:WinryRockbell","animator:Vanir"],"picked":"animator:Albedo","floor":25.0},{"not_picked":["animator:Witch+1","animator:Priestess+1","animator:MumenRider"],"picked":"SKIP","floor":30.0},{"not_picked":["animator:Envy","animator:Saitama+1"],"picked":"animator:Albedo","floor":33.0},{"not_picked":["animator:Spearman","animator:Kazuma+1","animator:Entoma"],"picked":"SKIP","floor":35.0},{"not_picked":["animator:Geryuganshoop+1","animator:YuiTsuruno+1"],"picked":"animator:Pride+1","floor":38.0},{"not_picked":["animator:SakuraMatou+1","animator:Entoma+1","animator:Rider+1"],"picked":"SKIP","floor":45.0},{"not_picked":["animator:KyokoSakura+1","animator:Spearman+1"],"picked":"animator:Aqua+1","floor":48.0},{"not_picked":["animator:Berserker+1","animator:RinTohsaka+1"],"picked":"animator:CowGirl","floor":54},{"not_picked":["animator:Priestess+1","animator:Entoma","animator:Assassin"],"picked":"SKIP","floor":55},{"not_picked":["animator:PandorasActor","animator:Sebas","animator:MetalKnight"],"picked":"SKIP","floor":59},{"not_picked":["animator:KyokoSakura+1","animator:Cocytus","animator:MumenRider+1"],"picked":"SKIP","floor":60},{"not_picked":["animator:Urushihara","animator:Emilia"],"picked":"animator:LimeBell","floor":61}],"player_experience":429962,"relics_obtained":[{"floor":3.0,"key":"animator:WornHelmet"},{"floor":6.0,"key":"Bag of Preparation"},{"floor":9.0,"key":"HornCleat"},{"floor":11.0,"key":"Matryoshka"},{"floor":13.0,"key":"Replay:Rubber Ducky"},{"floor":25.0,"key":"Blue Doll"},{"floor":26.0,"key":"Replay:Wax Seal"},{"floor":28.0,"key":"Ring of Fury"},{"floor":37.0,"key":"Replay:Multitool"},{"floor":38.0,"key":"Replay:Arrowhead"},{"floor":40.0,"key":"Toy Ornithopter"},{"floor":43.0,"key":"Replay:Baseball"},{"floor":43.0,"key":"Torii"},{"floor":44.0,"key":"Ornamental Fan"},{"floor":52.0,"key":"InkBottle"},{"floor":53.0,"key":"animator:TheWolleyCore"},{"floor":53.0,"key":"animator:AncientMedallion"},{"floor":56,"key":"animator:AncientMedallion"}],"event_choices":[{"damage_healed":0.0,"max_hp_gain":0.0,"max_hp_loss":0.0,"gold_gain":0.0,"cards_transformed":["animator:Strike"],"event_name":"Living Wall","player_choice":"Change","floor":0.0,"gold_loss":0.0,"damage_taken":0.0,"cards_obtained":["animator:Gilgamesh"]},{"damage_healed":0.0,"max_hp_gain":0.0,"max_hp_loss":0.0,"gold_gain":0.0,"event_name":"Shining Light","player_choice":"Entered Light","floor":5.0,"gold_loss":0.0,"damage_taken":13.0,"cards_upgraded":["animator:Strike","animator:Strike"]},{"cards_removed":["animator:Ainz"],"damage_healed":12.0,"max_hp_gain":10.0,"max_hp_loss":0.0,"gold_gain":0.0,"event_name":"Bonfire Elementals","player_choice":"Offered Rare","floor":20.0,"gold_loss":0.0,"damage_taken":0.0},{"damage_healed":0.0,"max_hp_gain":0.0,"max_hp_loss":0.0,"gold_gain":0.0,"event_name":"Addict","player_choice":"Obtained Relic","floor":31.0,"gold_loss":85.0,"damage_taken":0.0,"relics_obtained":["Art of War"]},{"damage_healed":0.0,"max_hp_gain":0.0,"max_hp_loss":0.0,"gold_gain":0.0,"event_name":"Mysterious Sphere","player_choice":"Fight","floor":37.0,"gold_loss":0.0,"damage_taken":0.0},{"damage_healed":0.0,"max_hp_gain":0.0,"max_hp_loss":0.0,"gold_gain":0.0,"event_name":"MindBloom","player_choice":"Fight","floor":38.0,"gold_loss":0.0,"damage_taken":0.0},{"damage_healed":0.0,"max_hp_gain":0.0,"max_hp_loss":0.0,"gold_gain":0.0,"event_name":"Tomb of Lord Red Mask","player_choice":"Paid","floor":39.0,"gold_loss":265.0,"damage_taken":0.0,"relics_obtained":["Red Mask"]},{"damage_healed":0.0,"max_hp_gain":0.0,"max_hp_loss":0.0,"gold_gain":0.0,"event_name":"SensoryStone","player_choice":"Memory 1","floor":47.0,"gold_loss":0.0,"damage_taken":0.0},{"damage_healed":0,"gold_gain":0,"player_choice":"Memory 1","damage_taken":0,"max_hp_gain":0,"max_hp_loss":0,"event_name":"SensoryStone","floor":61,"gold_loss":0}],"is_beta":false,"boss_relics":[{"not_picked":["animator:CursedBlade","Ectoplasm"],"picked":"Cursed Key"},{"not_picked":["Replay:Wanted Poster","Calling Bell"],"picked":"Pandora\u0027s Box"}],"items_purged_floors":[22,36,58],"is_endless":false,"potions_floor_spawned":[1,2,6,8,19,21,24,37,38,40,54,60],"killed_by":"animator:ULTIMATE_CUBE","ascension_level":0}}