{"host":"hd496gdorkfoob6n","time":1608779274,"event":{"mods":["2.2 Compatiblity","BaseMod","Colored Map","Downfall","Minty Spire (QoL Compilation)","StSLib"],"gold_per_floor":[99,119,28,45,145,161,161,194,211,211,222,237,237,251,265,365,415,415,427,445,457,457,457,457,467,567,492,509,509,509,544,562,663,663,663,683,697,697,797,812,812,845,555,572,504,550,356,374,388,388],"floor_reached":51,"playtime":8655,"items_purged":["champ:Defend","champ:Defend","champ:Defend"],"score":755,"play_id":"9d57d5b0-f59b-46a9-89e2-9ddec0c06f72","local_time":"20201223220754","is_ascension_mode":false,"campfire_choices":[{"data":"champ:Taunt","floor":1,"key":"SMITH"},{"data":"champ:Backstep","floor":10,"key":"SMITH"},{"data":"champ:CrookedStrike","floor":13,"key":"SMITH"},{"data":"champ:Backstep","floor":18,"key":"SMITH"},{"floor":23,"key":"RECALL"},{"data":"champ:FocusedGladiator","floor":27,"key":"SMITH"},{"data":"champ:RapidStrikes","floor":30,"key":"SMITH"},{"data":"champ:VampiricStrike","floor":35,"key":"SMITH"}],"circlet_count":0,"master_deck":["champ:Strike","champ:Strike","champ:Strike+1","champ:Strike","champ:Defend","champ:Execute","champ:Taunt+1","champ:BerserkersShout+1","champ:Backstep+1","champ:BerserkersShout","champ:RageSigil","champ:SwordSigil","champ:Backstep+1","champ:BladeFlurry","champ:CrookedStrike+1","champ:FocusedGladiator+1","champ:CrownThrow+1","champ:RisingSlash","champ:RageSigil+1","champ:FocusedBerserking+1","champ:RapidStrikes+1","champ:FlashCut","champ:StanceDance+1","champ:BringItOn","champ:VampiricStrike+1","champ:StanceDance+1","champ:GladiatorsShout+1","champ:Haymaker","champ:DancingMaster","champ:Encircle","champ:Aggression+1","champ:StanceDance+1","champ:BringItOn+1","champ:CalledShot+1"],"relics":["Coffee Dripper","CaptainsWheel","TungstenRod","Tiny House","Anchor","downfall:GremlinWheel","downfall:HeartBlessingRed","Ancient Tea Set","Sozu","Thread and Needle","Toxic Egg 2","Strawberry","Whetstone","HornCleat","champ:GladiatorsBookOfMartialProwess"],"acts_visited":["Exordium","TheCity","TheBeyond"],"potions_floor_usage":[8,16,16,16,16,21,25,28,28],"damage_taken":[{"damage":16,"enemies":"Jaw Worm","floor":2,"turns":5},{"damage":11,"enemies":"downfall:FleeingMerchant","floor":3,"turns":4},{"damage":15,"enemies":"Cultist","floor":4,"turns":3},{"damage":26,"enemies":"Small Slimes","floor":6,"turns":3},{"damage":43,"enemies":"Lagavulin","floor":8,"turns":5},{"damage":18,"enemies":"Blue Slaver","floor":9,"turns":4},{"damage":12,"enemies":"Gremlin Gang","floor":11,"turns":6},{"damage":16,"enemies":"Blue Slaver","floor":12,"turns":5},{"damage":18,"enemies":"Large Slime","floor":14,"turns":4},{"damage":18,"enemies":"Red Slaver","floor":15,"turns":3},{"damage":60,"enemies":"downfall:Ironclad","floor":16,"turns":12},{"damage":18,"enemies":"Chosen","floor":19,"turns":6},{"damage":44,"enemies":"Snake Plant","floor":20,"turns":4},{"damage":43,"enemies":"Centurion and Healer","floor":21,"turns":5},{"damage":50,"enemies":"Chosen and Byrds","floor":25,"turns":6},{"damage":29,"enemies":"Chosen and Byrds","floor":26,"turns":4},{"damage":47,"enemies":"Cultist and Chosen","floor":28,"turns":8},{"damage":31,"enemies":"Slavers","floor":31,"turns":4},{"damage":39,"enemies":"3 Cultists","floor":32,"turns":3},{"damage":74,"enemies":"downfall:Defect","floor":33,"turns":8},{"damage":32,"enemies":"3 Shapes","floor":36,"turns":3},{"damage":4,"enemies":"Orb Walker","floor":37,"turns":2},{"damage":33,"enemies":"Jaw Worm Horde","floor":40,"turns":4},{"damage":45,"enemies":"Giant Head","floor":42,"turns":5},{"damage":35,"enemies":"downfall:FleeingMerchant","floor":43,"turns":4},{"damage":44,"enemies":"Transient","floor":44,"turns":5},{"damage":47,"enemies":"downfall:FleeingMerchant","floor":45,"turns":3},{"damage":42,"enemies":"2 Orb Walkers","floor":46,"turns":3},{"damage":37,"enemies":"Sphere and 2 Shapes","floor":48,"turns":5},{"damage":31,"enemies":"Spire Growth","floor":49,"turns":3},{"damage":33,"enemies":"downfall:Watcher","floor":50,"turns":5}],"seed_played":"-59555543045434988","potions_obtained":[{"floor":2,"key":"champ:CounterPotion"},{"floor":8,"key":"PowerPotion"},{"floor":12,"key":"sneckomod:MuddlingPotion"},{"floor":14,"key":"EntropicBrew"},{"floor":16,"key":"AttackPotion"},{"floor":21,"key":"GamblersBrew"},{"floor":26,"key":"GamblersBrew"},{"floor":32,"key":"FearPotion"}],"is_trial":false,"path_per_floor":["R","M","$","M","?","M","T","E","M","R","M","M","R","M","M","B",null,"R","M","M","M","?","R","T","M","?","R","M","?","R","E","M","B",null,"R","M","M","?","?","M","T","E","$","M","$","?","$","M","M","B",null],"character_chosen":"THE_CHAMP","items_purchased":["champ:BerserkersShout","champ:RageSigil","champ:Haymaker","Whetstone","champ:Encircle","HornCleat","champ:StanceDance+1","champ:BringItOn+1"],"campfire_rested":0,"item_purchase_floors":[3,3,43,43,45,45,47,47],"current_hp_per_floor":[90,82,82,81,81,81,81,78,85,85,90,90,90,90,90,75,95,95,95,90,95,95,95,95,95,92,92,80,80,80,83,94,71,95,95,95,95,95,95,95,95,102,102,102,102,99,99,102,102,102],"gold":388,"neow_bonus":"BOSS_RELIC","is_daily":false,"chose_seed":false,"campfire_upgraded":7,"win_rate":0.0,"timestamp":1608779274,"path_taken":["R","M","$","M","?","M","T","E","M","R","M","?","R","M","M","BOSS","R","M","M","M","?","R","T","M","?","R","?","?","R","E","M","BOSS","R","M","M","?","?","?","T","E","?","M","$","?","$","M","M","BOSS"],"items_purchased_type":["Card","Card","Card","Relic","Card","Relic","Card","Card"],"build_version":"2020-12-13","purchased_purges":3,"victory":true,"max_hp_per_floor":[90,90,90,90,90,90,90,90,90,90,90,90,90,90,90,90,95,95,95,95,95,95,95,95,95,95,95,95,95,95,95,95,95,95,95,95,95,95,95,95,95,102,102,102,102,102,102,102,102,102],"card_choices":[{"not_picked":["champ:ShieldWall","champ:GladiatorStyle"],"picked":"champ:BerserkersShout","floor":2},{"not_picked":["champ:PerfectedStrike","champ:EndlessRage"],"picked":"champ:Backstep","floor":3},{"not_picked":["champ:PerfectedStrike","champ:ShieldSigil"],"picked":"champ:SwordSigil","floor":4},{"not_picked":["champ:DefensiveStyle","champ:FalseCounter","champ:EndlessRage"],"picked":"SKIP","floor":6},{"not_picked":["champ:DefensiveShout","champ:Balance"],"picked":"champ:Backstep","floor":8},{"not_picked":["champ:LastStand","champ:PerfectedStrike","champ:DefensiveShout"],"picked":"SKIP","floor":9},{"not_picked":["champ:StanceDance","champ:Encircle"],"picked":"champ:BladeFlurry","floor":11},{"not_picked":["champ:CalledShot","champ:BerserkersShout"],"picked":"champ:CrookedStrike","floor":12},{"not_picked":["champ:BerserkersShout","champ:Control","champ:MurderStrike"],"picked":"SKIP","floor":14},{"not_picked":["champ:TornadoPunch","champ:FightOn"],"picked":"champ:FocusedGladiator","floor":15},{"not_picked":["champ:StrikeOfGenius","champ:SteelEdge"],"picked":"champ:CrownThrow","floor":16},{"not_picked":["champ:Encircle","champ:StanceDance"],"picked":"champ:RisingSlash","floor":17},{"not_picked":["champ:EnGarde","champ:HeavySlash"],"picked":"champ:RageSigil+1","floor":19},{"not_picked":["champ:EndlessRage","champ:IronFortress","champ:SwordSigil"],"picked":"SKIP","floor":20},{"not_picked":["champ:Duel","champ:AdrenalArmor"],"picked":"champ:FocusedBerserking+1","floor":21},{"not_picked":["champ:ArenaPreparation","champ:Backstep"],"picked":"champ:RapidStrikes","floor":25},{"not_picked":["champ:SwordSigil+1","champ:ShieldWall+1"],"picked":"champ:FlashCut","floor":28},{"not_picked":["champ:ShieldSigil+1","champ:FightOn"],"picked":"champ:StanceDance+1","floor":31},{"not_picked":["champ:SwordSigil","champ:PerfectedStrike"],"picked":"champ:BringItOn","floor":32},{"not_picked":["champ:MurderStrike","champ:CrownThrow"],"picked":"champ:VampiricStrike","floor":33},{"not_picked":["champ:AdrenalArmor+1","champ:CrookedStrike"],"picked":"champ:StanceDance+1","floor":36},{"not_picked":["champ:BerserkersShout","champ:FanOfKnives"],"picked":"champ:GladiatorsShout+1","floor":37},{"not_picked":["champ:SwordThrow","champ:Balance+1","champ:ShieldSigil+1"],"picked":"SKIP","floor":40},{"not_picked":["champ:RageSigil+1","champ:Backstep+1","champ:DefensiveStyle"],"picked":"SKIP","floor":42},{"not_picked":["champ:PreciseThrust+1","champ:RageSigil+1","champ:ShieldWall"],"picked":"SKIP","floor":43},{"not_picked":["champ:AdrenalArmor+1","champ:RageSigil+1","champ:ViciousMockery+1"],"picked":"SKIP","floor":44},{"not_picked":["champ:FaceSlap+1","champ:DefensiveStyle"],"picked":"champ:DancingMaster","floor":45},{"not_picked":["champ:RageSigil+1","champ:Circumvent+1"],"picked":"champ:Aggression+1","floor":46},{"not_picked":["champ:ViciousMockery+1","champ:FanOfKnives"],"picked":"champ:CalledShot+1","floor":48},{"not_picked":["champ:PerfectedStrike+1","champ:RapidStrikes","champ:FocusedDefense+1"],"picked":"SKIP","floor":49}],"player_experience":76261,"relics_obtained":[{"floor":7,"key":"CaptainsWheel"},{"floor":8,"key":"TungstenRod"},{"floor":24,"key":"Anchor"},{"floor":26,"key":"downfall:GremlinWheel"},{"floor":31,"key":"Ancient Tea Set"},{"floor":35,"key":"Thread and Needle"},{"floor":41,"key":"Toxic Egg 2"},{"floor":42,"key":"Strawberry"},{"floor":46,"key":"champ:GladiatorsBookOfMartialProwess"}],"event_choices":[{"damage_healed":0,"gold_gain":0,"player_choice":"Ignored","damage_taken":0,"max_hp_gain":0,"max_hp_loss":0,"event_name":"Vampires","floor":29,"gold_loss":0},{"damage_healed":0,"gold_gain":0,"player_choice":"Relic","damage_taken":0,"max_hp_gain":0,"max_hp_loss":0,"event_name":"Wheel of Change","floor":35,"gold_loss":0},{"damage_healed":0,"gold_gain":0,"player_choice":"Fight","damage_taken":0,"max_hp_gain":0,"max_hp_loss":0,"event_name":"Mysterious Sphere","floor":46,"gold_loss":0}],"is_beta":false,"boss_relics":[{"not_picked":["Fusion Hammer","Cursed Key"],"picked":"Tiny House"},{"not_picked":["SacredBark","Busted Crown"],"picked":"Sozu"}],"items_purged_floors":[43,45,47],"is_endless":false,"potions_floor_spawned":[2,8,12,14,16,21,26,32,42,44,48],"ascension_level":0}}