{"host":"pletss163z7s8pvv","time":1608778063,"event":{"mods":["AchievementEnabler","BaseMod","Colored Map","Colored Powertips","Minty Spire (QoL Compilation)"],"gold_per_floor":[114,289,9,24,99,129,129,144,144,159,189,189,204,219,219,319,319,334,7,22,37,0,0,30,60,110,110,125,125,140,155,155,255,255,270,285,331,331,13,43,58,8,83,113,113,128,143,158,158,158],"floor_reached":51,"playtime":1709,"items_purged":["Doubt"],"score":1036,"play_id":"2d45109e-00f4-4152-bfae-81b32da5571a","local_time":"20201223204743","daily_mods":["Insanity","Purple Cards","DeadlyEvents"],"is_ascension_mode":false,"campfire_choices":[{"data":"ForeignInfluence","floor":7,"key":"SMITH"},{"data":"TalkToTheHand","floor":12,"key":"SMITH"},{"floor":15,"key":"REST"},{"data":"Noxious Fumes","floor":23,"key":"SMITH"},{"floor":27,"key":"REST"},{"floor":32,"key":"REST"},{"floor":45,"key":"REST"},{"floor":49,"key":"REST"}],"circlet_count":0,"master_deck":["Outmaneuver","Quick Slash","Slice","Meditate","Halt","Concentrate","Finisher","Cloak And Dagger","MentalFortress","WheelKick","FlyingSleeves","FollowUp","Crescendo","Prepared","TalkToTheHand+1","FlurryOfBlows","Slice","Crescendo","PiercingWail","Deadly Poison","TalkToTheHand","Well Laid Plans","FlurryOfBlows","Sucker Punch","Meditate","Outmaneuver","EmptyMind","CrushJoints","SignatureMove","Conclude","FollowUp","Riddle With Holes","FlurryOfBlows","Dodge and Roll","FlyingSleeves","FlurryOfBlows","ForeignInfluence+1","Evaluate","Quick Slash","BowlingBash","Conclude","Evaluate","Dagger Throw","Evaluate","Setup","Blade Dance","TalkToTheHand","FlyingSleeves","Tantrum","Noxious Fumes+1","FollowUp","FlurryOfBlows","JustLucky","Blade Dance","Backstab","DeusExMachina","Die Die Die","CurseOfTheBell","Prostrate","Metamorphosis","SandsOfTime","Slice","JustLucky","Terror","Venomology","InnerPeace+1","Dagger Spray","Devotion","Backstab","ForeignInfluence+1","Heel Hook","Consecrate+1"],"relics":["Ring of the Snake","Membership Card","Vajra","MealTicket","Matryoshka","Boot","Calling Bell","Potion Belt","Question Card","Thread and Needle","Bottled Tornado","Bag of Preparation","Dead Branch","Blood Vial","Singing Bowl","Smiling Mask","Fusion Hammer","Peace Pipe","Turnip","Girya","Bird Faced Urn","Molten Egg 2","InkBottle","Mummified Hand","PreservedInsect"],"acts_visited":["Exordium","TheCity","TheBeyond"],"potions_floor_usage":[16,24,24,33,33,33,33,50,50,50,50,50],"damage_taken":[{"damage":7,"enemies":"Small Slimes","floor":1,"turns":2},{"damage":1,"enemies":"Jaw Worm","floor":4,"turns":2},{"damage":0,"enemies":"Gremlin Nob","floor":6,"turns":2},{"damage":0,"enemies":"Cultist","floor":8,"turns":2},{"damage":0,"enemies":"Lots of Slimes","floor":10,"turns":1},{"damage":0,"enemies":"Lagavulin","floor":11,"turns":2},{"damage":0,"enemies":"2 Fungi Beasts","floor":13,"turns":2},{"damage":0,"enemies":"3 Louse","floor":14,"turns":2},{"damage":0,"enemies":"Slime Boss","floor":16,"turns":4},{"damage":0,"enemies":"Spheric Guardian","floor":18,"turns":1},{"damage":0,"enemies":"3 Byrds","floor":20,"turns":3},{"damage":8,"enemies":"Snecko","floor":21,"turns":4},{"damage":18,"enemies":"Book of Stabbing","floor":24,"turns":4},{"damage":24,"enemies":"Gremlin Leader","floor":25,"turns":5},{"damage":16,"enemies":"Chosen and Byrds","floor":28,"turns":2},{"damage":23,"enemies":"Shelled Parasite and Fungi","floor":30,"turns":4},{"damage":1,"enemies":"3 Cultists","floor":31,"turns":3},{"damage":120,"enemies":"Automaton","floor":33,"turns":7},{"damage":0,"enemies":"Orb Walker","floor":35,"turns":2},{"damage":0,"enemies":"3 Shapes","floor":36,"turns":2},{"damage":31,"enemies":"2 Orb Walkers","floor":37,"turns":3},{"damage":20,"enemies":"Nemesis","floor":40,"turns":5},{"damage":22,"enemies":"Maw","floor":41,"turns":6},{"damage":36,"enemies":"Reptomancer","floor":44,"turns":4},{"damage":0,"enemies":"3 Darklings","floor":46,"turns":2},{"damage":0,"enemies":"Spire Growth","floor":47,"turns":3},{"damage":21,"enemies":"Writhing Mass","floor":48,"turns":3},{"damage":48,"enemies":"Time Eater","floor":50,"turns":4}],"seed_played":"-4388098555046818604","potions_obtained":[{"floor":4,"key":"SkillPotion"},{"floor":10,"key":"LiquidBronze"},{"floor":13,"key":"Poison Potion"},{"floor":16,"key":"Swift Potion"},{"floor":18,"key":"FearPotion"},{"floor":21,"key":"Energy Potion"},{"floor":24,"key":"Energy Potion"},{"floor":30,"key":"FairyPotion"},{"floor":31,"key":"FairyPotion"},{"floor":40,"key":"Swift Potion"},{"floor":46,"key":"LiquidMemories"},{"floor":48,"key":"EssenceOfSteel"}],"is_trial":false,"path_per_floor":["M","?","$","M","?","E","R","M","T","M","E","R","M","M","R","B",null,"M","$","M","M","$","R","E","E","T","R","M","?","M","M","R","B",null,"M","M","?","?","$","E","M","$","T","E","R","M","M","M","R","B",null],"character_chosen":"THE_SILENT","items_purchased":["Membership Card","Vajra","Noxious Fumes","Bottled Tornado","Metamorphosis","Bag of Preparation","SandsOfTime","Terror","Girya","Bird Faced Urn","Heel Hook","PowerPotion","SkillPotion"],"campfire_rested":5,"item_purchase_floors":[3,3,3,19,19,19,19,22,39,39,39,42,42],"current_hp_per_floor":[63,63,63,62,51,51,51,51,51,51,51,51,51,51,70,70,70,70,70,70,62,70,70,52,28,28,49,35,58,39,42,64,22,74,76,76,45,45,60,50,38,53,53,29,53,59,67,52,77,38],"gold":158,"neow_bonus":"","is_daily":true,"chose_seed":false,"campfire_upgraded":3,"win_rate":0.0,"timestamp":1608778063,"path_taken":["M","?","$","M","?","E","R","M","T","M","E","R","?","M","R","BOSS","M","?","M","M","$","R","E","?","T","R","M","?","M","M","R","BOSS","M","M","?","?","$","E","M","$","T","?","R","M","M","M","R","BOSS"],"items_purchased_type":["Relic","Relic","Card","Relic","Card","Relic","Card","Card","Relic","Relic","Card","Potion","Potion"],"build_version":"2020-12-22","purchased_purges":1,"victory":true,"max_hp_per_floor":[70,70,70,70,70,70,70,70,70,70,70,70,70,70,70,70,70,70,70,70,70,70,70,70,70,70,70,70,70,72,74,74,74,74,76,76,76,76,76,78,80,80,80,82,82,82,84,86,86,86],"card_choices":[{"not_picked":["Bane","WreathOfFlame","Choke"],"picked":"SKIP","floor":1},{"not_picked":["CrushJoints","Adaptation"],"picked":"FollowUp","floor":4},{"not_picked":["Well Laid Plans","Sanctity"],"picked":"FlurryOfBlows","floor":6},{"not_picked":["Study","Evaluate","Quick Slash"],"picked":"SKIP","floor":8},{"not_picked":["Study","Evaluate","Quick Slash"],"picked":"SKIP","floor":8},{"not_picked":["Noxious Fumes","Flechettes"],"picked":"JustLucky","floor":10},{"not_picked":["JustLucky","Quick Slash"],"picked":"Blade Dance","floor":11},{"not_picked":["Infinite Blades","JustLucky"],"picked":"Backstab","floor":13},{"not_picked":["Sucker Punch","Underhanded Strike"],"picked":"DeusExMachina","floor":14},{"not_picked":["Ragnarok","Brilliance"],"picked":"Die Die Die","floor":16},{"not_picked":["Underhanded Strike","Pray","WheelKick"],"picked":"Prostrate","floor":18},{"not_picked":["Expertise+1","Backflip","Worship+1"],"picked":"Slice","floor":20},{"not_picked":["EmptyFist","Quick Slash+1","WaveOfTheHand"],"picked":"JustLucky","floor":21},{"not_picked":["Wallop","Evaluate","Protect+1"],"picked":"Venomology","floor":24},{"not_picked":["SignatureMove","Prepared","CrushJoints"],"picked":"InnerPeace+1","floor":25},{"not_picked":["Setup","Sucker Punch","BowlingBash"],"picked":"Dagger Spray","floor":28},{"not_picked":["Riddle With Holes","SashWhip","Poisoned Stab","Sucker Punch"],"picked":"Singing Bowl","floor":30},{"not_picked":["FlyingSleeves","Cloak And Dagger","Bouncing Flask","Reflex"],"picked":"Singing Bowl","floor":31},{"not_picked":["Corpse Explosion","A Thousand Cuts","Establishment"],"picked":"Devotion","floor":33},{"not_picked":["Accuracy","BowlingBash","Cloak And Dagger+1","Nirvana"],"picked":"Singing Bowl","floor":35},{"not_picked":["Flechettes","Concentrate","WheelKick+1"],"picked":"Backstab","floor":36},{"not_picked":["DeceiveReality+1","Sanctity","ClearTheMind+1"],"picked":"ForeignInfluence+1","floor":37},{"not_picked":["Crippling Poison+1","Poisoned Stab+1","BattleHymn+1","Calculated Gamble"],"picked":"Singing Bowl","floor":40},{"not_picked":["InnerPeace","ThirdEye","Distraction","Deadly Poison"],"picked":"Singing Bowl","floor":41},{"not_picked":["Backflip+1","LikeWater","CrushJoints+1","FlurryOfBlows+1"],"picked":"Singing Bowl","floor":44},{"not_picked":["JustLucky+1","Well Laid Plans+1","Evaluate"],"picked":"Consecrate+1","floor":46},{"not_picked":["Slice+1","Underhanded Strike+1","Noxious Fumes","PiercingWail+1"],"picked":"Singing Bowl","floor":47},{"not_picked":["Terror+1","Noxious Fumes+1","Adrenaline","Deadly Poison+1"],"picked":"Singing Bowl","floor":48}],"player_experience":395794,"relics_obtained":[{"floor":6,"key":"MealTicket"},{"floor":9,"key":"Matryoshka"},{"floor":11,"key":"Boot"},{"floor":17,"key":"Potion Belt"},{"floor":17,"key":"Question Card"},{"floor":17,"key":"Thread and Needle"},{"floor":24,"key":"Dead Branch"},{"floor":25,"key":"Blood Vial"},{"floor":26,"key":"Singing Bowl"},{"floor":26,"key":"Smiling Mask"},{"floor":37,"key":"Peace Pipe"},{"floor":40,"key":"Molten Egg 2"},{"floor":43,"key":"InkBottle"},{"floor":43,"key":"Mummified Hand"},{"floor":44,"key":"PreservedInsect"}],"event_choices":[{"damage_healed":0,"gold_gain":175,"player_choice":"AGREE","damage_taken":0,"max_hp_gain":0,"max_hp_loss":0,"event_name":"Liars Game","floor":2,"gold_loss":0,"cards_obtained":["Doubt"]},{"damage_healed":0,"gold_gain":75,"player_choice":"Gather Gold","damage_taken":11,"max_hp_gain":0,"max_hp_loss":0,"event_name":"World of Goop","floor":5,"gold_loss":0},{"damage_healed":23,"gold_gain":0,"player_choice":"Heal","damage_taken":0,"max_hp_gain":0,"max_hp_loss":0,"event_name":"The Library","floor":29,"gold_loss":0},{"damage_healed":0,"gold_gain":0,"player_choice":"Fight","damage_taken":0,"max_hp_gain":0,"max_hp_loss":0,"event_name":"Mysterious Sphere","floor":37,"gold_loss":0},{"cards_removed":["ThirdEye"],"damage_healed":0,"gold_gain":0,"player_choice":"Gave Card","damage_taken":0,"relics_obtained":["Turnip"],"max_hp_gain":0,"max_hp_loss":0,"event_name":"WeMeetAgain","floor":38,"gold_loss":0}],"is_beta":false,"boss_relics":[{"not_picked":["Black Star","Snecko Eye"],"picked":"Calling Bell"},{"not_picked":["Philosopher\u0027s Stone","Busted Crown"],"picked":"Fusion Hammer"}],"items_purged_floors":[3],"is_endless":false,"potions_floor_spawned":[4,10,13,14,16,18,21,24,30,31,40,46,47,48],"ascension_level":0}}