{"host":"7erghha4zaoybdup","time":1608830776,"event":{"mods":["2.2 Compatiblity","Abigail Mod","AchievementEnabler","Act Like it!","Astrologer","BaseMod","CapriCore","Colored Powertips","Conspire","Downfall","Friendly Minions","GifTheSpireLib","Glutton Mod","Gremlin Mod","Hallownest","Hermit","Hubris","Infinite Spire","Jorbs\u0027s Wanderer Trilogy","KinomotoSakuraMod(ñÿîVñ{?)","KiyohimeÅiê¥?Åj","Koishi","KomeijiMod","Lobotomy","LobotomyExtend","MarisaÅiñ∂âJÅ@ñÇóùçπÅj","Minty Spire (QoL Compilation)","Onozuka Komachi Mod","Prisma Mod","Quarter Circle Forward PUNCH!","Quick Restart","Random Character Button","ReimuÅiîé??öÎÅj","Shade Mod","Somnambulant","StSLib","The Bug Knight","The Construct","The Cursed","The Disciple","The Fake Hero","The Hayseed","The Hierophant","The Immortal","The Judge","The Kombatant","The Marked","The Mystic","The Necromancer","The Poker Player","The Sage","The Saiyan","The Servant 0.9.4","The Showman","The Wild Card","Wandering Minibosses","Åy?ï˚ìÒéü?çÏÅzî™â]éámod","Åy?ï®?îvÅzREMEMod"],"gold_per_floor":[118,137,137,137,154,189,206,206,286,297,397,397,407,437,437,437,437],"floor_reached":16,"playtime":2002,"items_purged":[],"score":104,"play_id":"762348a1-0af0-4d10-a9f6-f841ebaa4bd0","local_time":"20201224112616","is_ascension_mode":false,"campfire_choices":[{"floor":8,"key":"REST"},{"data":"theMarked:ComboAttacks","floor":12,"key":"SMITH"},{"floor":15,"key":"REST"}],"circlet_count":0,"master_deck":["theMarked:Strike","theMarked:Strike","theMarked:Strike","theMarked:Strike","theMarked:Strike","theMarked:Defend","theMarked:Defend","theMarked:Defend","theMarked:Defend","theMarked:SoldierOfQuellstein","theMarked:EnhanceMovement","theMarked:Indomitable+1","theMarked:Static","theMarked:ComboAttacks+1","theMarked:SelfDefenseTraining","theMarked:Electrify","theMarked:FavorableWinds","theMarked:Opportunist","theMarked:Polarize","Free:ReiMu"],"relics":["theMarked:ArtifactOfAir","REME_ComplimentaryCards","LetterFromLob","conspire:Boomerang","hubris:Reverence"],"acts_visited":["Exordium"],"potions_floor_usage":[16,16,16],"damage_taken":[{"damage":0,"enemies":"2 Louse","floor":1,"turns":3},{"damage":1,"enemies":"Cultist","floor":2,"turns":3},{"damage":6,"enemies":"Jaw Worm","floor":5,"turns":2},{"damage":40,"enemies":"Gremlin Nob","floor":6,"turns":5},{"damage":7,"enemies":"Lots of Slimes","floor":7,"turns":5},{"damage":7,"enemies":"Blue Slaver","floor":10,"turns":3},{"damage":12,"enemies":"3 Louse","floor":13,"turns":4},{"damage":0,"enemies":"Exordium Wildlife","floor":14,"turns":4},{"damage":41,"enemies":"Hexaghost","floor":16,"turns":7}],"seed_played":"5179810653207193115","potions_obtained":[{"floor":5,"key":"CalmPotion"},{"floor":6,"key":"SkillPotion"},{"floor":13,"key":"champ:CounterPotion"}],"is_trial":false,"path_per_floor":["M","M","?","?","M","E","M","R","T","M","?","R","M","M","R","B"],"character_chosen":"THE_DEFAULT","items_purchased":[],"campfire_rested":2,"item_purchase_floors":[],"current_hp_per_floor":[70,69,69,69,63,23,16,37,37,30,30,30,18,18,39,0,0],"gold":437,"neow_bonus":"THREE_CARDS","is_daily":false,"chose_seed":false,"campfire_upgraded":1,"win_rate":0.0,"timestamp":1608830776,"path_taken":["M","M","?","?","M","E","M","R","T","M","?","R","M","?","R","BOSS"],"items_purchased_type":[],"build_version":"2020-12-22","purchased_purges":0,"victory":false,"max_hp_per_floor":[70,70,70,70,70,70,70,70,70,70,70,70,70,70,70,70,70],"card_choices":[{"not_picked":["theMarked:Frustration","theMarked:ElectricStrings"],"picked":"theMarked:EnhanceMovement","floor":0},{"not_picked":["theMarked:StartUp","theMarked:HeightenedSenses"],"picked":"theMarked:Indomitable","floor":1},{"not_picked":["theMarked:Frustration","theMarked:Convert"],"picked":"theMarked:Static","floor":2},{"not_picked":["theMarked:LightningStrikesTwice","theMarked:ElectricStrings"],"picked":"theMarked:ComboAttacks","floor":5},{"not_picked":["theMarked:HeightenedSenses","theMarked:ReduceFriction"],"picked":"theMarked:SelfDefenseTraining","floor":6},{"not_picked":["theMarked:ReduceFriction","theMarked:Improvise"],"picked":"theMarked:Electrify","floor":7},{"not_picked":["theMarked:ElectricStrings","theMarked:LightningStrikesTwice"],"picked":"theMarked:FavorableWinds","floor":10},{"not_picked":["theMarked:HeightenedSenses","theMarked:Frustration"],"picked":"theMarked:Opportunist","floor":13},{"not_picked":["theMarked:HeightenedSenses","theMarked:RepellingDischarge"],"picked":"theMarked:Polarize","floor":14}],"player_experience":371293,"relics_obtained":[{"floor":1,"key":"LetterFromLob"},{"floor":6,"key":"conspire:Boomerang"},{"floor":9,"key":"hubris:Reverence"}],"event_choices":[{"damage_healed":0,"gold_gain":100,"player_choice":"Pray","damage_taken":0,"max_hp_gain":0,"max_hp_loss":0,"event_name":"Golden Shrine","floor":11,"gold_loss":0}],"is_beta":false,"boss_relics":[],"items_purged_floors":[],"is_endless":false,"potions_floor_spawned":[5,6,13,14],"killed_by":"Hexaghost","ascension_level":0}}