{"host":"9pqy5lt7vda52ebm","time":1608770543,"event":{"mods":["BaseMod","Minty Spire (QoL Compilation)","Optimize The Spire","Quick Restart","StSLib","The Dragonkin"],"gold_per_floor":[118,118,43,55,55,55,85,85,85,115,129,29,49,67,67,163,163,183,201,213,226,8,8,25,57,57,156,181,106,126,38,38,141,141,151,151,203,214,114,449,449,475,475,475,485,485,503,521,521,521],"floor_reached":51,"playtime":8529,"items_purged":["theDragonkin:Moonfire","theDragonkin:Moonfire+1","theDragonkin:GaiaSeeds+1","theDragonkin:GrovekeeperStrike","theDragonkin:GrovekeeperStrike","theDragonkin:GrovekeeperDefend+1"],"score":782,"play_id":"8e560cb2-e647-459d-bb4c-1e76b5144b8f","local_time":"20201223194223","is_ascension_mode":false,"campfire_choices":[{"data":"theDragonkin:Thornwhip","floor":6.0,"key":"SMITH"},{"data":"theDragonkin:GrovekeeperDefend","floor":8.0,"key":"SMITH"},{"data":"theDragonkin:GrovekeeperDefend","floor":15,"key":"SMITH"},{"data":"theDragonkin:Sunfire","floor":23,"key":"SMITH"},{"data":"theDragonkin:SwarmStrike","floor":32,"key":"SMITH"},{"data":"Madness","floor":41,"key":"SMITH"},{"data":"theDragonkin:SolarFlare","floor":44,"key":"SMITH"},{"data":"theDragonkin:Sunfire","floor":46,"key":"SMITH"},{"data":"theDragonkin:Sunfire","floor":49,"key":"SMITH"}],"circlet_count":0,"master_deck":["theDragonkin:GrovekeeperDefend+1","theDragonkin:Sunfire+1","theDragonkin:Sunfire+1","theDragonkin:Sunfire+1","theDragonkin:Thornwhip+1","theDragonkin:SolarFlare+1","theDragonkin:SwarmStrike+1","theDragonkin:Everbloom","Madness+1","Madness","theDragonkin:Thornwhip"],"relics":["Matryoshka","Juzu Bracelet","HornCleat","War Paint","Coffee Dripper","Membership Card","Omamori","InkBottle","Regal Pillow","Runic Pyramid","StoneCalendar","Old Coin","Molten Egg 2","White Beast Statue"],"acts_visited":["Exordium","TheCity","TheBeyond"],"potions_floor_usage":[21,50],"damage_taken":[{"damage":6.0,"enemies":"2 Louse","floor":1.0,"turns":5.0},{"damage":0.0,"enemies":"Cultist","floor":4.0,"turns":4.0},{"damage":4.0,"enemies":"Lagavulin","floor":7.0,"turns":6.0},{"damage":0.0,"enemies":"Gremlin Nob","floor":10.0,"turns":4.0},{"damage":11,"enemies":"Jaw Worm","floor":11,"turns":4},{"damage":0,"enemies":"Looter","floor":13,"turns":3},{"damage":4,"enemies":"Red Slaver","floor":14,"turns":4},{"damage":20,"enemies":"Hexaghost","floor":16,"turns":8},{"damage":6,"enemies":"2 Thieves","floor":18,"turns":5},{"damage":0,"enemies":"3 Byrds","floor":19,"turns":5},{"damage":0,"enemies":"Snake Plant","floor":20,"turns":5},{"damage":0,"enemies":"Centurion and Healer","floor":21,"turns":7},{"damage":0,"enemies":"3 Cultists","floor":24,"turns":5},{"damage":49,"enemies":"Slavers","floor":25,"turns":7},{"damage":15,"enemies":"Gremlin Leader","floor":28,"turns":8},{"damage":0,"enemies":"Snecko","floor":30,"turns":4},{"damage":6,"enemies":"Collector","floor":33,"turns":9},{"damage":11,"enemies":"3 Darklings","floor":35,"turns":5},{"damage":99,"enemies":"2 Orb Walkers","floor":37,"turns":7},{"damage":15,"enemies":"Orb Walker","floor":38,"turns":4},{"damage":67,"enemies":"Nemesis","floor":40,"turns":7},{"damage":0,"enemies":"Giant Head","floor":42,"turns":7},{"damage":9,"enemies":"4 Shapes","floor":45,"turns":6},{"damage":11,"enemies":"Transient","floor":47,"turns":5},{"damage":2,"enemies":"Maw","floor":48,"turns":7},{"damage":19,"enemies":"Donu and Deca","floor":50,"turns":7}],"seed_played":"4031324528806160102","potions_obtained":[{"floor":4.0,"key":"ColorlessPotion"},{"floor":7.0,"key":"Fruit Juice"},{"floor":16,"key":"Energy Potion"},{"floor":21,"key":"FearPotion"},{"floor":28,"key":"Block Potion"},{"floor":33,"key":"DistilledChaos"},{"floor":42,"key":"GamblersBrew"},{"floor":45,"key":"LiquidMemories"},{"floor":48,"key":"GamblersBrew"}],"is_trial":false,"path_per_floor":["M","?","$","M","$","R","E","R","T","E","M","$","M","M","R","B",null,"M","M","M","M","$","R","M","E","T","?","E","$","M","$","R","B",null,"M","?","?","M","$","E","R","E","T","R","M","R","M","M","R","B",null],"character_chosen":"THE_GROVEKEEPER","items_purchased":["Membership Card"],"campfire_rested":0,"item_purchase_floors":[22],"current_hp_per_floor":[60,60,60,60,60,60,66,66,66,66,55,55,55,51,51,59,66,60,60,66,71,71,71,71,71,71,71,71,71,71,71,71,71,71,71,62,16,71,71,39,39,39,39,39,71,71,71,69,69,50],"gold":521,"neow_bonus":"TEN_PERCENT_HP_BONUS","is_daily":false,"chose_seed":false,"campfire_upgraded":9,"win_rate":0.0,"timestamp":1608770543,"path_taken":["M","?","?","?","$","R","E","R","T","E","M","$","M","M","R","BOSS","M","M","M","M","$","R","M","E","T","?","E","$","M","$","R","BOSS","M","?","?","M","$","E","R","E","T","R","M","R","M","M","R","BOSS"],"items_purchased_type":["Relic"],"build_version":"2020-12-22","purchased_purges":6,"victory":true,"max_hp_per_floor":[66,66,66,66,66,66,66,66,66,66,66,66,66,66,66,66,66,66,66,66,71,71,71,71,71,71,71,71,71,71,71,71,71,71,71,71,71,71,71,71,71,71,71,71,71,71,71,71,71,71],"card_choices":[{"not_picked":["theDragonkin:Moonrise","theDragonkin:Sunrise"],"picked":"theDragonkin:Thornwhip","floor":1.0},{"not_picked":["theDragonkin:PoisonedSeeds","theDragonkin:Thornwhip","theDragonkin:Moonrise"],"picked":"SKIP","floor":4.0},{"not_picked":["theDragonkin:InvigoratingSeeds","theDragonkin:SwarmStrike","theDragonkin:Sunrise"],"picked":"SKIP","floor":7.0},{"not_picked":["theDragonkin:Thornwhip","theDragonkin:Moonrise"],"picked":"theDragonkin:GaiaSeeds","floor":10},{"not_picked":["theDragonkin:InvigoratingSeeds","theDragonkin:SolarFlare","theDragonkin:Starfire"],"picked":"SKIP","floor":11},{"not_picked":["theDragonkin:Wrath","theDragonkin:Moonrise","theDragonkin:Moonglow"],"picked":"SKIP","floor":13},{"not_picked":["theDragonkin:Moonglow","theDragonkin:MagicSeeds","theDragonkin:Starfire"],"picked":"SKIP","floor":14},{"not_picked":["theDragonkin:Sunrise","theDragonkin:Thornwhip","theDragonkin:Moonglow"],"picked":"SKIP","floor":18},{"not_picked":["theDragonkin:InvigoratingSeeds+1","theDragonkin:Starfire","theDragonkin:MagicSeeds"],"picked":"SKIP","floor":19},{"not_picked":["theDragonkin:Moonrise","theDragonkin:Thornwhip+1"],"picked":"theDragonkin:SolarFlare","floor":20},{"not_picked":["theDragonkin:Wrath","theDragonkin:InvigoratingSeeds","theDragonkin:Starfall"],"picked":"SKIP","floor":21},{"not_picked":["theDragonkin:Thornwhip","theDragonkin:Starfall","theDragonkin:Moonrise+1"],"picked":"SKIP","floor":24},{"not_picked":["theDragonkin:Starfire","theDragonkin:Sunrise"],"picked":"theDragonkin:SwarmStrike","floor":25},{"not_picked":["theDragonkin:Sunrise","theDragonkin:TheRoadLessTraveled","theDragonkin:Moonrise"],"picked":"SKIP","floor":28},{"not_picked":["theDragonkin:Sunrise","theDragonkin:Starfire","theDragonkin:Starsurge"],"picked":"SKIP","floor":30},{"not_picked":["theDragonkin:Starsurge","theDragonkin:GaiaSeeds"],"picked":"theDragonkin:Everbloom","floor":33},{"not_picked":["theDragonkin:Thornwhip","theDragonkin:Sunrise+1","theDragonkin:MagicSeeds"],"picked":"SKIP","floor":35},{"not_picked":["theDragonkin:Moonglow+1","theDragonkin:Moonrise+1"],"picked":"theDragonkin:Thornwhip","floor":37},{"not_picked":["theDragonkin:InvigoratingSeeds+1","theDragonkin:Moonglow","theDragonkin:Starfire"],"picked":"SKIP","floor":38},{"not_picked":["theDragonkin:Moonglow","theDragonkin:Sunrise","theDragonkin:Starfall"],"picked":"SKIP","floor":40},{"not_picked":["theDragonkin:InvigoratingSeeds+1","theDragonkin:PoisonedSeeds+1","theDragonkin:Sunrise"],"picked":"SKIP","floor":42},{"not_picked":["theDragonkin:Starfall","theDragonkin:Wrath+1","theDragonkin:Thornwhip+1"],"picked":"SKIP","floor":45},{"not_picked":["theDragonkin:Starfire+1","theDragonkin:Starfall","theDragonkin:Wrath+1"],"picked":"SKIP","floor":47},{"not_picked":["theDragonkin:Moonglow+1","theDragonkin:Moonrise","theDragonkin:Thornwhip+1"],"picked":"SKIP","floor":48}],"player_experience":361783,"relics_obtained":[{"floor":7.0,"key":"Matryoshka"},{"floor":9.0,"key":"Juzu Bracelet"},{"floor":9.0,"key":"HornCleat"},{"floor":10,"key":"War Paint"},{"floor":25,"key":"Omamori"},{"floor":26,"key":"InkBottle"},{"floor":28,"key":"Regal Pillow"},{"floor":37,"key":"StoneCalendar"},{"floor":40,"key":"Old Coin"},{"floor":42,"key":"Molten Egg 2"},{"floor":43,"key":"White Beast Statue"}],"event_choices":[{"cards_removed":["theDragonkin:Moonfire"],"damage_healed":0.0,"max_hp_gain":0.0,"max_hp_loss":0.0,"gold_gain":0.0,"event_name":"Wheel of Change","player_choice":"Card Removal","floor":2.0,"gold_loss":0.0,"damage_taken":0.0},{"damage_healed":0,"gold_gain":99,"player_choice":"Stole From Cult","damage_taken":0,"max_hp_gain":0,"max_hp_loss":0,"event_name":"Nest","floor":27,"gold_loss":0},{"damage_healed":0,"gold_gain":0,"player_choice":"Embrace Madness","damage_taken":9,"max_hp_gain":0,"max_hp_loss":0,"event_name":"Winding Halls","floor":36,"gold_loss":0,"cards_obtained":["Madness","Madness"]},{"damage_healed":0,"gold_gain":0,"player_choice":"Fight","damage_taken":0,"max_hp_gain":0,"max_hp_loss":0,"event_name":"Mysterious Sphere","floor":37,"gold_loss":0}],"is_beta":false,"boss_relics":[{"not_picked":["Runic Dome","Black Star"],"picked":"Coffee Dripper"},{"not_picked":["Cursed Key","SacredBark"],"picked":"Runic Pyramid"}],"items_purged_floors":[3,12,22,29,31,39],"is_endless":false,"potions_floor_spawned":[4,7,16,21,28,33,42,45,47,48],"ascension_level":0}}