{"host":"svab9sudlrudptws","time":1608842806,"event":{"mods":["BaseMod","Colored Powertips","Minty Spire (QoL Compilation)","Robot Space Explorer","Shade Mod","StSLib","The Blackbeard","The Mystic","The Necromancer","The Poker Player","The Servant 0.9.4"],"gold_per_floor":[155,185,218,278,318,368,368,420,444,496,496,496,496,530,530,678,678,721,362,376,415,448,448,516,516,516,516,555,500,555,555,555,703,703,719,556,581,664,689,744,744,817,853,898,941,979,979,906,906,906,906,906,445,518,518],"floor_reached":56,"playtime":5507,"items_purged":["Normality"],"score":1608,"play_id":"035f8db8-2ca9-4a68-95d2-2fb77f70cb99","local_time":"20201224224646","is_ascension_mode":true,"campfire_choices":[{"floor":7,"key":"REST"},{"floor":11,"key":"REST"},{"floor":13,"key":"REST"},{"data":"Shade:PotionOfRestlessness","floor":15,"key":"SMITH"},{"data":"Shade:PotionOfRestlessness","floor":23,"key":"SMITH"},{"floor":25,"key":"REST"},{"floor":32,"key":"REST"},{"floor":41,"key":"REST"},{"floor":47,"key":"RECALL"},{"data":"Shade:UnbarTheGrave","floor":49,"key":"SMITH"},{"data":"Shade:AblativeArmor","floor":52,"key":"SMITH"}],"circlet_count":0,"master_deck":["Shade:Strike_Shade","Shade:Strike_Shade","Shade:Strike_Shade","Shade:Strike_Shade","Shade:Defend_Shade","Shade:Defend_Shade","Shade:Defend_Shade","Shade:Defend_Shade","Shade:AnimateDead","Shade:CarefulCut","HandOfGreed","Shade:PotionOfRestlessness+1","Shade:Bonestorm","Shade:OpenGraves","Shade:AuraOfUnlife","Shade:PotionOfRestlessness+1","Shade:FuneraryJewels","Shade:UnbarTheGrave+1","Shade:AblativeArmor+1","Shade:PoundOfFlesh+1","Shade:WallOfFlesh+1","Clumsy","Shade:Bite_Shade+1","Parasite","Shade:Trample+1","Shade:Carnophage","Shade:PoundOfFlesh+1"],"relics":["Shade:YorickSkull","Turnip","Juzu Bracelet","Potion Belt","Strawberry","Golden Idol","Smiling Mask","Busted Crown","Membership Card","Ancient Tea Set","Orichalcum","Thread and Needle","Bag of Marbles","Centennial Puzzle","CeramicFish","Cursed Key","PreservedInsect","CaptainsWheel","Regal Pillow","Vajra","Torii","Happy Flower","Ginger","Du-Vu Doll","Cauldron","Mango"],"acts_visited":["Exordium","TheCity","TheBeyond","TheEnding"],"potions_floor_usage":[6,10,10,19,20,22,24,24,30,38,42,50,50,55,55,55,55,55,55,55,55,55,55],"damage_taken":[{"damage":6,"enemies":"Small Slimes","floor":1,"turns":3},{"damage":0,"enemies":"Jaw Worm","floor":2,"turns":3},{"damage":0,"enemies":"Cultist","floor":3,"turns":2},{"damage":6,"enemies":"2 Fungi Beasts","floor":4,"turns":5},{"damage":7,"enemies":"Looter","floor":5,"turns":3},{"damage":17,"enemies":"3 Sentries","floor":6,"turns":6},{"damage":23,"enemies":"Lagavulin","floor":8,"turns":7},{"damage":0,"enemies":"Gremlin Nob","floor":10,"turns":2},{"damage":7,"enemies":"Lagavulin","floor":14,"turns":6},{"damage":36,"enemies":"The Guardian","floor":16,"turns":12},{"damage":16,"enemies":"Shell Parasite","floor":18,"turns":7},{"damage":4,"enemies":"Chosen","floor":20,"turns":4},{"damage":4,"enemies":"Sentry and Sphere","floor":21,"turns":5},{"damage":12,"enemies":"Centurion and Healer","floor":22,"turns":5},{"damage":18,"enemies":"Slavers","floor":24,"turns":5},{"damage":18,"enemies":"Book of Stabbing","floor":28,"turns":6},{"damage":44,"enemies":"Slavers","floor":30,"turns":6},{"damage":35,"enemies":"Collector","floor":33,"turns":11},{"damage":2,"enemies":"Orb Walker","floor":35,"turns":3},{"damage":0,"enemies":"3 Shapes","floor":37,"turns":4},{"damage":15,"enemies":"2 Orb Walkers","floor":38,"turns":4},{"damage":0,"enemies":"Transient","floor":39,"turns":5},{"damage":35,"enemies":"Giant Head","floor":40,"turns":7},{"damage":15,"enemies":"Reptomancer","floor":42,"turns":5},{"damage":0,"enemies":"Giant Head","floor":44,"turns":7},{"damage":0,"enemies":"4 Shapes","floor":45,"turns":7},{"damage":0,"enemies":"Writhing Mass","floor":46,"turns":5},{"damage":50,"enemies":"Time Eater","floor":50,"turns":12},{"damage":29,"enemies":"Shield and Spear","floor":54,"turns":4},{"damage":8,"enemies":"The Heart","floor":55,"turns":8}],"seed_played":"2071782951214138557","potions_obtained":[{"floor":1,"key":"BlessingOfTheForge"},{"floor":3,"key":"Explosive Potion"},{"floor":4,"key":"PowerPotion"},{"floor":8,"key":"LiquidMemories"},{"floor":18,"key":"BlessingOfTheForge"},{"floor":21,"key":"LiquidMemories"},{"floor":24,"key":"FairyPotion"},{"floor":28,"key":"Block Potion"},{"floor":35,"key":"FearPotion"},{"floor":40,"key":"DuplicationPotion"},{"floor":45,"key":"PowerPotion"},{"floor":46,"key":"EntropicBrew"},{"floor":53,"key":"LiquidBronze"},{"floor":53,"key":"CultistPotion"}],"is_trial":false,"path_per_floor":["M","M","M","M","M","E","R","E","T","E","R","?","R","E","R","B",null,"M","$","M","M","M","R","E","R","T","?","E","?","E","?","R","B",null,"M","$","M","?","M","E","R","E","T","E","M","M","R","$","R","B",null,"R","$","E","B",null],"character_chosen":"SHADE","items_purchased":["Membership Card","Fruit Juice","Ancient Potion","Ancient Tea Set","PreservedInsect","Fire Potion","AttackPotion","DuplicationPotion","Happy Flower","Ginger","Weak Potion","EssenceOfSteel","Shade:Carnophage","Du-Vu Doll","Cauldron"],"campfire_rested":6,"item_purchase_floors":[19,19,19,19,36,36,36,36,48,53,53,53,53,53,53],"current_hp_per_floor":[59,59,59,53,46,29,48,25,25,32,53,35,56,49,49,13,72,56,61,57,53,41,41,23,46,46,71,53,53,9,9,32,22,77,75,75,75,60,60,25,63,48,48,48,51,54,54,54,54,7,77,77,77,62,60],"gold":518,"neow_bonus":"RANDOM_COLORLESS_2","is_daily":false,"chose_seed":false,"campfire_upgraded":4,"win_rate":0.0,"timestamp":1608842806,"path_taken":["M","M","M","M","M","E","R","E","T","E","R","?","R","E","R","BOSS","M","$","M","M","M","R","E","R","T","?","E","?","E","?","R","BOSS","M","$","M","?","M","E","R","E","T","E","M","M","R","$","R","BOSS","R","$","E","BOSS"],"items_purchased_type":["Relic","Potion","Potion","Relic","Relic","Potion","Potion","Potion","Relic","Relic","Potion","Potion","Card","Relic","Relic"],"build_version":"2020-12-22","purchased_purges":1,"victory":true,"max_hp_per_floor":[65,65,65,65,65,65,65,65,65,72,72,72,72,72,72,72,72,72,77,77,77,77,77,77,77,77,77,77,77,77,77,77,77,77,77,77,77,77,77,77,77,77,77,77,77,77,77,77,77,77,77,77,77,91,91],"card_choices":[{"not_picked":["Secret Technique","Transmutation"],"picked":"HandOfGreed","floor":0},{"not_picked":["Shade:FleshOffering","Shade:CommandSoldier"],"picked":"Shade:PotionOfRestlessness","floor":1},{"not_picked":["Shade:SkeletonHug","Shade:GraveStillness"],"picked":"Shade:Bonestorm","floor":2},{"not_picked":["Shade:PressTheAttack","Shade:FreshBones"],"picked":"Shade:OpenGraves","floor":3},{"not_picked":["Shade:Premonition","Shade:Bonestorm"],"picked":"Shade:AuraOfUnlife","floor":4},{"not_picked":["Shade:Frenzy","Shade:GreaterAnimation","Shade:RavenousHorde"],"picked":"SKIP","floor":5},{"not_picked":["Shade:FeralStrike","Shade:FuneraryJewels","Shade:DangerousRitual"],"picked":"SKIP","floor":6},{"not_picked":["Shade:CallWraith","Shade:FleshOffering"],"picked":"Shade:PotionOfRestlessness","floor":8},{"not_picked":["Shade:CommandSoldier","Shade:GreyBargain"],"picked":"Shade:FuneraryJewels","floor":10},{"not_picked":["Shade:FuneraryArmor","Shade:Brains","Shade:ClawBack"],"picked":"SKIP","floor":14},{"not_picked":["Shade:MadHubris","Shade:OneIsEnough"],"picked":"Shade:UnbarTheGrave","floor":16},{"not_picked":[],"picked":"Shade:AblativeArmor","floor":18},{"not_picked":["Shade:RavenousHorde"],"picked":"SKIP","floor":20},{"not_picked":["Shade:FleshToFlesh"],"picked":"SKIP","floor":21},{"not_picked":["Shade:GoDigging"],"picked":"SKIP","floor":22},{"not_picked":[],"picked":"Shade:PoundOfFlesh+1","floor":24},{"not_picked":["Shade:GraveStillness"],"picked":"SKIP","floor":28},{"not_picked":["Shade:Doomsay"],"picked":"SKIP","floor":30},{"not_picked":["Shade:CoffinDance"],"picked":"SKIP","floor":35},{"not_picked":["Shade:Premonition"],"picked":"SKIP","floor":37},{"not_picked":["Shade:Excise"],"picked":"SKIP","floor":39},{"not_picked":["Shade:ScuttlingHand+1"],"picked":"SKIP","floor":40},{"not_picked":[],"picked":"Shade:WallOfFlesh+1","floor":42},{"not_picked":[],"picked":"Shade:Bite_Shade+1","floor":44},{"not_picked":["Shade:FleshToFlesh"],"picked":"SKIP","floor":45},{"not_picked":[],"picked":"Shade:Trample+1","floor":46},{"not_picked":[],"picked":"Shade:PoundOfFlesh+1","floor":54}],"player_experience":1636652,"relics_obtained":[{"floor":6,"key":"Turnip"},{"floor":8,"key":"Juzu Bracelet"},{"floor":9,"key":"Potion Belt"},{"floor":10,"key":"Strawberry"},{"floor":14,"key":"Smiling Mask"},{"floor":24,"key":"Orichalcum"},{"floor":26,"key":"Thread and Needle"},{"floor":28,"key":"Bag of Marbles"},{"floor":30,"key":"CeramicFish"},{"floor":38,"key":"CaptainsWheel"},{"floor":40,"key":"Regal Pillow"},{"floor":42,"key":"Vajra"},{"floor":44,"key":"Torii"},{"floor":54,"key":"Mango"}],"event_choices":[{"damage_healed":0,"gold_gain":0,"player_choice":"Take Damage","damage_taken":18,"relics_obtained":["Golden Idol"],"max_hp_gain":0,"max_hp_loss":0,"event_name":"Golden Idol","floor":12,"gold_loss":0},{"damage_healed":25,"gold_gain":0,"player_choice":"Heal","damage_taken":0,"max_hp_gain":0,"max_hp_loss":0,"event_name":"The Library","floor":27,"gold_loss":0},{"damage_healed":0,"gold_gain":0,"player_choice":"Paid Gold","damage_taken":0,"relics_obtained":["Centennial Puzzle"],"max_hp_gain":0,"max_hp_loss":0,"event_name":"WeMeetAgain","floor":29,"gold_loss":55},{"damage_healed":0,"gold_gain":0,"player_choice":"Ignored","damage_taken":0,"max_hp_gain":0,"max_hp_loss":0,"event_name":"Ghosts","floor":31,"gold_loss":0},{"damage_healed":0,"gold_gain":0,"player_choice":"Fight","damage_taken":0,"max_hp_gain":0,"max_hp_loss":0,"event_name":"Mysterious Sphere","floor":38,"gold_loss":0}],"is_beta":false,"boss_relics":[{"not_picked":["SacredBark","Runic Pyramid"],"picked":"Busted Crown"},{"not_picked":["Tiny House","Philosopher\u0027s Stone"],"picked":"Cursed Key"}],"items_purged_floors":[19],"is_endless":false,"potions_floor_spawned":[1,3,4,8,18,21,24,28,35,40,45,46],"ascension_level":4}}