{"host":"5dk97cf2ubw2v967","time":1608826244,"event":{"mods":["AlwaysNeverKeys","BaseMod","Better Altar","Better Vampires","Block Reminder","Colored Powertips","Downfall","Googly Eyes","Highlight Path","Minty Spire (QoL Compilation)","Permanent Neow","Potion Indicator Mod","Quick Restart","Relic Filter","Relic Stats","Say the Spire","Spicy Shops","StSLib","Waifu the Spire","everything is the same but u backflip on backflip"],"gold_per_floor":[113,113,113,132,146,146,146,146],"floor_reached":7,"playtime":229,"items_purged":[],"score":82,"play_id":"863b8f38-1aed-4e11-896e-8f9a54511559","local_time":"20201224161044","is_ascension_mode":true,"campfire_choices":[{"data":"Deadly Poison","floor":6,"key":"SMITH"}],"circlet_count":0,"master_deck":["AscendersBane","Strike_G","Strike_G","Strike_G","Strike_G","Strike_G","Defend_G","Defend_G","Defend_G","Defend_G","Defend_G","Survivor","Neutralize","CurseOfTheBell","Leg Sweep","Distraction","Deadly Poison+1"],"relics":["Calling Bell","Gremlin Horn","Dream Catcher","StoneCalendar","InkBottle","Golden Idol"],"acts_visited":["Exordium"],"potions_floor_usage":[7,7],"damage_taken":[{"damage":9,"enemies":"Cultist","floor":1,"turns":5},{"damage":0,"enemies":"Jaw Worm","floor":4,"turns":6},{"damage":0,"enemies":"Small Slimes","floor":5,"turns":5},{"damage":51,"enemies":"Gremlin Nob","floor":7,"turns":4}],"seed_played":"-8144373284840019437","potions_obtained":[{"floor":1,"key":"PowerPotion"},{"floor":5,"key":"Block Potion"}],"is_trial":false,"path_per_floor":["M","T","?","M","M","R","E"],"character_chosen":"THE_SILENT","items_purchased":[],"campfire_rested":0,"item_purchase_floors":[],"current_hp_per_floor":[50,50,50,50,50,50,0,0],"gold":146,"neow_bonus":"BOSS_RELIC","is_daily":false,"chose_seed":false,"campfire_upgraded":1,"win_rate":0.0,"timestamp":1608826244,"path_taken":["M","?","?","M","M","R","E"],"items_purchased_type":[],"build_version":"2020-12-22","purchased_purges":0,"victory":false,"max_hp_per_floor":[66,66,60,60,60,60,60,60],"relic_stats":{"Dream Catcher":0,"Gremlin Horn":[1,1],"counters":[4,20],"Golden Idol":7,"StoneCalendar":[0],"obtain_stats":[{"Calling Bell":0,"Dream Catcher":0,"Gremlin Horn":0,"Golden Idol":3,"StoneCalendar":0,"InkBottle":2,"Ring of the Snake":0},{"Calling Bell":0,"Dream Catcher":0,"Gremlin Horn":0,"Golden Idol":1,"StoneCalendar":0,"InkBottle":1,"Ring of the Snake":0},{"Calling Bell":0,"Dream Catcher":0,"Gremlin Horn":0,"Golden Idol":5,"StoneCalendar":0,"InkBottle":5,"Ring of the Snake":0}],"InkBottle":[4]},"card_choices":[{"not_picked":["Bane","Prepared"],"picked":"Leg Sweep","floor":1},{"not_picked":["Caltrops","PiercingWail"],"picked":"Distraction","floor":4},{"not_picked":["Dagger Throw","Backflip"],"picked":"Deadly Poison","floor":5}],"player_experience":1251428,"relics_obtained":[{"floor":0,"key":"Gremlin Horn"},{"floor":0,"key":"Dream Catcher"},{"floor":0,"key":"StoneCalendar"},{"floor":2,"key":"InkBottle"}],"event_choices":[{"damage_healed":0,"gold_gain":0,"player_choice":"Lose Max HP","damage_taken":0,"relics_obtained":["Golden Idol"],"max_hp_gain":0,"max_hp_loss":6,"event_name":"Golden Idol","floor":3,"gold_loss":0}],"is_beta":false,"boss_relics":[],"items_purged_floors":[],"is_endless":false,"potions_floor_spawned":[1,5],"killed_by":"Gremlin Nob","ascension_level":20}}