{"host":"udzsrhbqdxqtlypj","time":1608853450,"event":{"mods":["BaseMod","Minty Spire (QoL Compilation)","Relic Stats"],"gold_per_floor":[209,223,243,256,256,256,256,284,332,351,351,351],"floor_reached":11,"playtime":814,"items_purged":[],"score":113,"play_id":"29cbc269-0ecf-490f-8988-72a47e0ac90d","local_time":"20201224174410","is_ascension_mode":true,"campfire_choices":[{"data":"Poisoned Stab","floor":6.0,"key":"SMITH"}],"circlet_count":0,"master_deck":["AscendersBane","Strike_G","Strike_G","Strike_G","Strike_G","Strike_G","Defend_G","Defend_G","Defend_G","Defend_G","Defend_G","Survivor","Neutralize","Poisoned Stab+1","Poisoned Stab","Dagger Spray+1","Leg Sweep","Bane"],"relics":["Ring of the Snake","Eternal Feather","Juzu Bracelet","Bag of Preparation"],"acts_visited":["Exordium"],"potions_floor_usage":[11],"damage_taken":[{"damage":5.0,"enemies":"Cultist","floor":1.0,"turns":5.0},{"damage":4.0,"enemies":"Small Slimes","floor":2.0,"turns":4.0},{"damage":1.0,"enemies":"2 Louse","floor":3.0,"turns":3.0},{"damage":8.0,"enemies":"Exordium Wildlife","floor":4.0,"turns":5.0},{"damage":14.0,"enemies":"Gremlin Nob","floor":8.0,"turns":4.0},{"damage":3.0,"enemies":"3 Louse","floor":10.0,"turns":3.0},{"damage":31,"enemies":"Lagavulin","floor":11,"turns":8}],"seed_played":"5141704540190602877","potions_obtained":[{"floor":2.0,"key":"Block Potion"},{"floor":8.0,"key":"CunningPotion"}],"is_trial":false,"path_per_floor":["M","M","M","M","?","R","?","E","T","M","E"],"character_chosen":"THE_SILENT","items_purchased":[],"campfire_rested":0,"item_purchase_floors":[],"current_hp_per_floor":[58,54,53,45,45,45,42,28,28,25,0,0],"gold":351,"neow_bonus":"HUNDRED_GOLD","is_daily":false,"chose_seed":false,"campfire_upgraded":1,"win_rate":0.0,"timestamp":1608853450,"path_taken":["M","M","?","M","?","R","?","E","T","M","E"],"items_purchased_type":[],"build_version":"2020-12-22","purchased_purges":0,"victory":false,"max_hp_per_floor":[70,70,70,70,70,70,70,70,70,70,70,70],"relic_stats":{"counters":[7,32],"Eternal Feather":0,"Juzu Bracelet":0,"Bag of Preparation":[4],"obtain_stats":[{"Eternal Feather":7,"Juzu Bracelet":8,"Bag of Preparation":9,"Ring of the Snake":0},{"Eternal Feather":4,"Juzu Bracelet":5,"Bag of Preparation":5,"Ring of the Snake":0},{"Eternal Feather":17,"Juzu Bracelet":21,"Bag of Preparation":21,"Ring of the Snake":0}],"Ring of the Snake":[14]},"card_choices":[{"not_picked":["Prepared","Dodge and Roll"],"picked":"Poisoned Stab","floor":1.0},{"not_picked":["Finisher","Dagger Spray"],"picked":"Poisoned Stab","floor":2.0},{"not_picked":["Prepared","Finisher"],"picked":"Dagger Spray","floor":3.0},{"not_picked":["Backflip","Underhanded Strike"],"picked":"Leg Sweep","floor":4.0},{"not_picked":["Quick Slash","Backflip"],"picked":"Bane","floor":8.0},{"not_picked":["Outmaneuver","Dodge and Roll","Quick Slash"],"picked":"SKIP","floor":10.0}],"player_experience":2730555,"relics_obtained":[{"floor":8.0,"key":"Juzu Bracelet"},{"floor":9.0,"key":"Bag of Preparation"}],"event_choices":[{"damage_healed":0.0,"max_hp_gain":0.0,"max_hp_loss":0.0,"gold_gain":0.0,"event_name":"Living Wall","player_choice":"Grow","floor":5.0,"gold_loss":0.0,"damage_taken":0.0,"cards_upgraded":["Dagger Spray"]},{"damage_healed":0.0,"max_hp_gain":0.0,"max_hp_loss":0.0,"gold_gain":0.0,"event_name":"Scrap Ooze","player_choice":"Success","floor":7.0,"gold_loss":0.0,"damage_taken":3.0,"relics_obtained":["Eternal Feather"]}],"is_beta":false,"boss_relics":[],"items_purged_floors":[],"is_endless":false,"potions_floor_spawned":[2,8],"killed_by":"Lagavulin","ascension_level":10}}