{"host":"e87rn453naquue3h","time":1608784266,"event":{"mods":["AchievementEnabler","BaseMod","Downfall","Minty Spire (QoL Compilation)","StSLib"],"gold_per_floor":[99,112,122,142,156,81,81,181,206,220,231,231,248,280,297,297,297,297],"floor_reached":16,"playtime":1486,"items_purged":[],"score":141,"play_id":"484ae4c3-82d2-49d0-b720-2b2582bb6efe","local_time":"20201223233106","is_ascension_mode":false,"campfire_choices":[{"floor":1,"key":"RECALL"},{"data":"champ:EnragedBash","floor":6,"key":"SMITH"},{"data":"champ:Control","floor":12,"key":"SMITH"}],"circlet_count":0,"master_deck":["champ:Strike","champ:Strike","champ:Strike","champ:Defend","champ:Defend","champ:Execute","champ:Taunt","champ:HeartStrike+1","champ:Balance+1","champ:HeavySlash+1","champ:EnragedBash+1","champ:StanceDance","champ:FocusedBerserking","champ:GladiatorStyle","champ:Control+1","champ:Devastate"],"relics":["Astrolabe","downfall:HeartBlessingRed","Question Card","Incense Burner"],"acts_visited":["Exordium"],"potions_floor_usage":[9,14],"damage_taken":[{"damage":0,"enemies":"Cultist","floor":2,"turns":3},{"damage":12,"enemies":"2 Louse","floor":3,"turns":2},{"damage":8,"enemies":"Small Slimes","floor":4,"turns":3},{"damage":13,"enemies":"Blue Slaver","floor":5,"turns":2},{"damage":7,"enemies":"Gremlin Nob","floor":9,"turns":3},{"damage":17,"enemies":"Large Slime","floor":10,"turns":6},{"damage":27,"enemies":"Exordium Thugs","floor":11,"turns":5},{"damage":8,"enemies":"Large Slime","floor":13,"turns":5},{"damage":15,"enemies":"3 Sentries","floor":14,"turns":6},{"damage":29,"enemies":"Gremlin Gang","floor":15,"turns":5},{"damage":0,"enemies":"downfall:Ironclad","floor":16,"turns":1}],"seed_played":"2115440114603011344","potions_obtained":[{"floor":3,"key":"champ:CounterPotion"},{"floor":4,"key":"GamblersBrew"},{"floor":5,"key":"SkillPotion"},{"floor":15,"key":"FairyPotion"}],"is_trial":false,"path_per_floor":["R","M","M","M","M","R","T","?","E","M","M","R","M","E","M","B"],"character_chosen":"THE_CHAMP","items_purchased":[],"campfire_rested":0,"item_purchase_floors":[],"current_hp_per_floor":[90,90,88,80,80,80,80,80,80,75,65,65,59,46,24,24,24,24],"gold":297,"neow_bonus":"BOSS_RELIC","is_daily":false,"chose_seed":false,"campfire_upgraded":2,"win_rate":0.0,"timestamp":1608784266,"path_taken":["R","M","M","M","M","R","T","?","E","M","?","R","M","E","M","BOSS"],"items_purchased_type":[],"build_version":"2020-12-22","purchased_purges":0,"victory":false,"max_hp_per_floor":[90,90,90,90,90,90,90,90,90,90,90,90,90,90,90,90,90,90],"card_choices":[{"not_picked":["champ:Backstep","champ:FlashCut"],"picked":"champ:EnragedBash","floor":2},{"not_picked":["champ:Backstep","champ:BringItOn"],"picked":"champ:StanceDance","floor":3},{"not_picked":["champ:BringItOn","champ:TornadoPunch"],"picked":"champ:FocusedBerserking","floor":4},{"not_picked":["champ:CrookedStrike","champ:Circumvent","champ:PerfectedStrike"],"picked":"SKIP","floor":5},{"not_picked":["champ:BerserkersShout","champ:StanceDance","champ:IronFortress"],"picked":"champ:GladiatorStyle","floor":9},{"not_picked":["champ:HeartStrike","champ:Backstep","champ:MurderStrike","champ:BladeFlurry"],"picked":"SKIP","floor":10},{"not_picked":["champ:TornadoPunch","champ:FanOfKnives","champ:GladiatorsShout"],"picked":"champ:Control","floor":11},{"not_picked":["champ:PerfectedStrike","champ:HeartStrike","champ:GladiatorsShout","champ:GutPunch"],"picked":"SKIP","floor":13},{"not_picked":["champ:FanOfKnives","champ:HeavySlash","champ:Circumvent","champ:StanceDance"],"picked":"SKIP","floor":14},{"not_picked":["champ:TornadoPunch","champ:Lariat","champ:Backstep"],"picked":"champ:Devastate","floor":15}],"player_experience":2380025,"relics_obtained":[{"floor":7,"key":"Question Card"},{"floor":14,"key":"Incense Burner"}],"event_choices":[],"is_beta":false,"boss_relics":[],"items_purged_floors":[],"is_endless":false,"potions_floor_spawned":[3,4,5,15],"killed_by":"downfall:Ironclad","ascension_level":0}}