{"host":"ztvj8pbgeibgztw6","time":1608804168,"event":{"mods":["ATMod(∞¢Ë™Mod)","BaseMod","Colored Map","Colored Powertips","Conspire","Dota2Spire","Luminous","Marisa£®ÏF”Í°°ƒß¿Ì…≥£©","Minty Spire (QoL Compilation)","Relic Stats","Remilia£®¿Ÿ√◊¿Ú—«£©","Replay The Spire","Shop Mod","StSLib","The Construct","The Cursed","The Hierophant","The Runesmith","UnlockEverythingMod"],"gold_per_floor":[111,64,64,64,64,30,43,43,77,77,77,77,88,98,111,130,130,228,328,342,362,404,437,437,437],"floor_reached":24,"playtime":1287,"items_purged":[],"score":221,"play_id":"2b69f6da-cc64-4e78-88a1-f3f2af79fdd0","local_time":"20201224180248","is_ascension_mode":false,"campfire_choices":[{"floor":8,"key":"RECALL"},{"data":"AT_FamilyPortrait","floor":10,"key":"SMITH"},{"data":"Runesmith:CraftFirestone","floor":12,"key":"SMITH"},{"floor":17,"key":"REST"}],"circlet_count":0,"master_deck":["Runesmith:Strike_RS","Runesmith:Strike_RS","Runesmith:Strike_RS","Runesmith:Strike_RS","Runesmith:Defend_RS","Runesmith:Defend_RS","Runesmith:Defend_RS","Runesmith:CraftFirestone+1","Runesmith:Fortify","AT_FamilyPortrait+1","Runesmith:Repurpose","Runesmith:HeatedChisel","Runesmith:CraftProtectio+1","Runesmith:EnergizedChisel","Runesmith:Electrocute","Runesmith:BackupBattery","Runesmith:CraftProtectio","Runesmith:DoubleUp","Runesmith:UnstableHammer","Runesmith:LithiumIon","Runesmith:CraftIndustria","Runesmith:CraftProtectio+1","Runesmith:PerfectChisel+1","Runesmith:Grindstone","Runesmith:HeatExchange+1"],"relics":["Runesmith:BrokenRuby","AT_ATBox","NeowsBlessing","Dream Catcher","AT_RedNoBalance","Replay:Wanted Poster","conspire:BottledYoYo","Red Mask"],"acts_visited":["Exordium","TheCity"],"potions_floor_usage":[18,22],"damage_taken":[{"damage":0,"enemies":"Jaw Worm","floor":1,"turns":1},{"damage":0,"enemies":"Cultist","floor":7,"turns":1},{"damage":0,"enemies":"Gremlin Nob","floor":9,"turns":1},{"damage":5,"enemies":"Small Slimes","floor":13,"turns":3},{"damage":7,"enemies":"Looter","floor":14,"turns":2},{"damage":13,"enemies":"Blue Slaver","floor":15,"turns":3},{"damage":0,"enemies":"Large Slime","floor":16,"turns":3},{"damage":12,"enemies":"Slime Boss","floor":18,"turns":6},{"damage":3,"enemies":"Spheric Guardian","floor":20,"turns":4},{"damage":34,"enemies":"2 Thieves","floor":21,"turns":5},{"damage":6,"enemies":"conspire:MimicChest","floor":22,"turns":9},{"damage":11,"enemies":"Masked Bandits","floor":23,"turns":5}],"seed_played":"159104304132789824","potions_obtained":[{"floor":1,"key":"Doom Potion"},{"floor":13,"key":"BlessingOfTheForge"},{"floor":15,"key":"Block Potion"},{"floor":18,"key":"FearPotion"},{"floor":21,"key":"AttackPotion"}],"is_trial":false,"path_per_floor":["M","$","PTL","PTL","?","$","M","R","E","R","T","R","M","M","M","M","R","B",null,"M","M","?","?","?"],"character_chosen":"RUNESMITH_CLASS","items_purchased":["Runesmith:HeatedChisel","Runesmith:CraftProtectio+1"],"campfire_rested":1,"item_purchase_floors":[2,6],"current_hp_per_floor":[70,70,70,70,70,70,70,70,70,70,70,70,30,28,22,35,56,23,70,67,33,27,16,0,0],"gold":437,"neow_bonus":"THREE_ENEMY_KILL","is_daily":false,"chose_seed":false,"campfire_upgraded":2,"win_rate":0.0,"timestamp":1608804168,"path_taken":["M","$","PTL","PTL","?","?","?","R","E","R","T","R","M","M","M","M","R","BOSS","M","?","?","?","?"],"items_purchased_type":["Card","Card"],"build_version":"2020-12-22","purchased_purges":0,"victory":false,"max_hp_per_floor":[70,70,70,70,70,70,70,70,70,70,70,70,70,70,70,70,70,70,70,70,70,70,70,70,70],"relic_stats":{"Dream Catcher":1,"counters":[12,43],"obtain_stats":[{"Replay:Wanted Poster":19,"Runesmith:BrokenRuby":0,"Dream Catcher":9,"AT_ATBox":0,"NeowsBlessing":0,"AT_SilverBalance":11,"conspire:BottledYoYo":22,"Red Mask":23,"AT_RedNoBalance":18},{"Replay:Wanted Poster":8,"Runesmith:BrokenRuby":0,"Dream Catcher":3,"AT_ATBox":0,"NeowsBlessing":0,"AT_SilverBalance":3,"conspire:BottledYoYo":11,"Red Mask":12,"AT_RedNoBalance":8},{"Replay:Wanted Poster":20,"Runesmith:BrokenRuby":0,"Dream Catcher":3,"AT_ATBox":0,"NeowsBlessing":0,"AT_SilverBalance":3,"conspire:BottledYoYo":38,"Red Mask":43,"AT_RedNoBalance":14}]},"card_choices":[{"not_picked":["Runesmith:Grindstone","Runesmith:Overpower"],"picked":"Runesmith:Repurpose","floor":1},{"not_picked":["Runesmith:HammerThrow","Runesmith:WhiteBalance"],"picked":"Runesmith:EnergizedChisel","floor":7},{"not_picked":["Runesmith:LastStand","Runesmith:Accelerate"],"picked":"Runesmith:Electrocute","floor":9},{"not_picked":["Runesmith:Repurpose","Runesmith:HeatExchange"],"picked":"Runesmith:BackupBattery","floor":13},{"not_picked":["Runesmith:HeatedChisel","Runesmith:EnergizedChisel"],"picked":"Runesmith:CraftProtectio","floor":14},{"not_picked":["Runesmith:ShiftingStrike","Runesmith:StaticCage"],"picked":"Runesmith:DoubleUp","floor":15},{"not_picked":["Runesmith:HeatedChisel","Runesmith:HammerTime"],"picked":"Runesmith:UnstableHammer","floor":16},{"not_picked":["Runesmith:StaticCage","Runesmith:Repurpose"],"picked":"Runesmith:LithiumIon","floor":17},{"not_picked":["Runesmith:GrandSlam","Runesmith:DuctTape"],"picked":"Runesmith:CraftIndustria","floor":18},{"not_picked":["Runesmith:LithiumIon","Runesmith:MakeshiftArmor+1"],"picked":"Runesmith:CraftProtectio+1","floor":20},{"not_picked":["Runesmith:HeatExchange","Runesmith:Grindstone+1"],"picked":"Runesmith:PerfectChisel+1","floor":21},{"not_picked":["Runesmith:StaticCage","Runesmith:Superposition"],"picked":"Runesmith:Grindstone","floor":22},{"not_picked":["Runesmith:HammerThrow","Runesmith:HeatedChisel"],"picked":"Runesmith:HeatExchange+1","floor":23}],"player_experience":240694,"relics_obtained":[{"floor":9,"key":"Dream Catcher"},{"floor":11,"key":"AT_SilverBalance"},{"floor":22,"key":"conspire:BottledYoYo"},{"floor":23,"key":"Red Mask"}],"event_choices":[{"cards_removed":["Runesmith:Defend_RS"],"damage_healed":0,"gold_gain":0,"player_choice":"Card Removal","damage_taken":0,"max_hp_gain":0,"max_hp_loss":0,"event_name":"Wheel of Change","floor":5,"gold_loss":0},{"damage_healed":0,"gold_gain":0,"player_choice":"Fought Bandits","damage_taken":0,"max_hp_gain":0,"max_hp_loss":0,"event_name":"Masked Bandits","floor":23,"gold_loss":0}],"is_beta":false,"boss_relics":[{"not_picked":["Runic Dome","Pandora\u0027s Box"],"picked":"Replay:Wanted Poster"}],"items_purged_floors":[],"is_endless":false,"potions_floor_spawned":[1,13,15,18,21],"ascension_level":0}}