{"host":"anox4050deqdcqoh","time":1608828146,"event":{"mods":["BaseMod","Colored Map","Minty Spire (QoL Compilation)","Quick Restart"],"gold_per_floor":[118,130,130,140,140,174,174,188,215,215,215,230,247,15,15,110,110,129,104,104,104,104],"floor_reached":21,"playtime":1178,"items_purged":[],"score":181,"play_id":"eb6fbd04-92b5-4cac-8dbb-af09f659d200","local_time":"20201224114226","is_ascension_mode":false,"campfire_choices":[{"floor":7,"key":"RECALL"},{"floor":10,"key":"REST"},{"floor":15,"key":"REST"}],"circlet_count":0,"master_deck":["Strike_B","Strike_B","Strike_B","Strike_B","Defend_B","Defend_B","Defend_B","Defend_B","Zap","Dualcast","Coolheaded+1","Aggregate+1","Lockon","Chaos","Glacier","Go for the Eyes","Self Repair","Seek","Cold Snap","Capacitor","White Noise"],"relics":["FrozenCore","NeowsBlessing","War Paint","TheAbacus"],"acts_visited":["Exordium","TheCity"],"potions_floor_usage":[16],"damage_taken":[{"damage":0,"enemies":"Cultist","floor":1,"turns":1},{"damage":0,"enemies":"2 Louse","floor":2,"turns":1},{"damage":0,"enemies":"Small Slimes","floor":4,"turns":1},{"damage":32,"enemies":"Lagavulin","floor":6,"turns":7},{"damage":10,"enemies":"Looter","floor":8,"turns":3},{"damage":0,"enemies":"2 Fungi Beasts","floor":12,"turns":2},{"damage":0,"enemies":"Large Slime","floor":13,"turns":5},{"damage":26,"enemies":"Slime Boss","floor":16,"turns":16},{"damage":11,"enemies":"Shell Parasite","floor":18,"turns":10},{"damage":30,"enemies":"2 Thieves","floor":19,"turns":5},{"damage":54,"enemies":"Cultist and Chosen","floor":21,"turns":12}],"seed_played":"6376413106604907689","potions_obtained":[{"floor":4,"key":"Strength Potion"},{"floor":8,"key":"ColorlessPotion"},{"floor":19,"key":"CultistPotion"}],"is_trial":false,"path_per_floor":["M","M","$","M","?","E","R","M","T","R","?","M","M","$","R","B",null,"M","M","?","M"],"character_chosen":"DEFECT","items_purchased":["Self Repair","TheAbacus"],"campfire_rested":2,"item_purchase_floors":[14,14],"current_hp_per_floor":[75,75,75,75,75,43,43,33,33,55,55,55,55,55,75,49,75,71,48,48,0,0],"gold":104,"neow_bonus":"THREE_ENEMY_KILL","is_daily":false,"chose_seed":false,"campfire_upgraded":0,"win_rate":0.0,"timestamp":1608828146,"path_taken":["M","?","?","M","?","E","R","M","T","R","?","M","M","$","R","BOSS","M","M","?","M"],"items_purchased_type":["Card","Relic"],"build_version":"2020-12-22","purchased_purges":0,"victory":false,"max_hp_per_floor":[75,75,75,75,75,75,75,75,75,75,75,75,75,75,75,75,75,75,75,75,75,75],"card_choices":[{"not_picked":["Go for the Eyes","Loop"],"picked":"Coolheaded","floor":1},{"not_picked":["Coolheaded","Turbo"],"picked":"Aggregate","floor":2},{"not_picked":["Hello World","Sunder"],"picked":"Lockon","floor":4},{"not_picked":["Auto Shields","Sweeping Beam"],"picked":"Chaos","floor":6},{"not_picked":["Streamline","Turbo","Reprogram"],"picked":"SKIP","floor":8},{"not_picked":["Hologram","Hello World"],"picked":"Glacier","floor":12},{"not_picked":["Recycle","Reinforced Body"],"picked":"Go for the Eyes","floor":13},{"not_picked":["Biased Cognition","Hyperbeam"],"picked":"Seek","floor":16},{"not_picked":["Hologram","Gash"],"picked":"Cold Snap","floor":18},{"not_picked":["Barrage","Reprogram"],"picked":"Capacitor","floor":19}],"player_experience":168331,"relics_obtained":[{"floor":6,"key":"War Paint"}],"event_choices":[{"damage_healed":0,"gold_gain":0,"player_choice":"Leave","damage_taken":0,"max_hp_gain":0,"max_hp_loss":0,"event_name":"The Cleric","floor":5,"gold_loss":0},{"damage_healed":0,"gold_gain":0,"player_choice":"Ignored","damage_taken":0,"max_hp_gain":0,"max_hp_loss":0,"event_name":"Golden Wing","floor":11,"gold_loss":0},{"damage_healed":0,"gold_gain":0,"player_choice":"Read","damage_taken":0,"max_hp_gain":0,"max_hp_loss":0,"event_name":"The Library","floor":20,"gold_loss":0,"cards_obtained":["White Noise"]}],"is_beta":false,"boss_relics":[{"not_picked":["Sozu","Fusion Hammer"],"picked":"FrozenCore"}],"items_purged_floors":[],"is_endless":false,"potions_floor_spawned":[4,8,19],"killed_by":"Cultist and Chosen","ascension_level":0}}