{"host":"kh6fvhxn285ncg0o","time":1608852802,"event":{"mods":["Act Like it!","BaseMod","Colored Map","Friendly Minions","Keyboard Shortcuts","Minty Spire (QoL Compilation)","Quick Restart","Relic Stats","StSLib","SuperFastMode"],"gold_per_floor":[118,43,43,43,62,92,107,133,202,235,235,235,68,106,106,199,199,224,224,224,499,513,538,555,583,583,613,631,631,111,182,182,258,258,270,270,52,0,19,19,47,47,71,100,115,142,142,176,176,176,176,176,176,46,80,80],"floor_reached":57,"playtime":1855,"items_purged":["Strike_R","Strike_R","Strike_R","Battle Trance"],"score":3675,"play_id":"ab5310a5-5874-47ef-8ade-7db40c58f2aa","local_time":"20201225083322","is_ascension_mode":true,"campfire_choices":[{"data":"Bash","floor":15.0,"key":"SMITH"},{"data":"Body Slam","floor":29.0,"key":"SMITH"},{"data":"Apotheosis","floor":32.0,"key":"SMITH"},{"data":"Dark Embrace","floor":40.0,"key":"SMITH"},{"floor":49,"key":"RECALL"},{"data":"Barricade","floor":53,"key":"SMITH"}],"circlet_count":0,"master_deck":["AscendersBane","Defend_R","Defend_R","Defend_R","Defend_R+1","Bash+1","Feed","Blood for Blood+1","Seeing Red","Dark Embrace+1","Carnage","Combust","Offering","Evolve","Regret","Shockwave+1","Burning Pact","Shrug It Off+1","Battle Trance+1","Body Slam+1","Second Wind","Apotheosis+1","Impatience","Barricade+1","Entrench+1","Power Through","Finesse","Secret Technique","Feel No Pain","Sentinel+1"],"relics":["Burning Blood","NeowsBlessing","Prayer Wheel","PreservedInsect","Question Card","Pen Nib","Bloody Idol","Vajra","Runic Dome","Red Skull","Smiling Mask","Singing Bowl","Pocketwatch","Bag of Marbles","Coffee Dripper","Centennial Puzzle","Red Mask","Happy Flower","War Paint","Lantern","Akabeko","Eternal Feather","Mummified Hand"],"acts_visited":["Exordium","TheCity","TheBeyond","TheEnding"],"potions_floor_usage":[44,48,55,56],"damage_taken":[{"damage":0.0,"enemies":"Cultist","floor":1.0,"turns":1.0},{"damage":0.0,"enemies":"Jaw Worm","floor":5.0,"turns":1.0},{"damage":0.0,"enemies":"Lagavulin","floor":6.0,"turns":1.0},{"damage":11.0,"enemies":"Small Slimes","floor":7.0,"turns":6.0},{"damage":32.0,"enemies":"Gremlin Nob","floor":8.0,"turns":4.0},{"damage":25.0,"enemies":"3 Sentries","floor":10.0,"turns":9.0},{"damage":8.0,"enemies":"Gremlin Nob","floor":14.0,"turns":3.0},{"damage":20.0,"enemies":"Hexaghost","floor":16.0,"turns":7.0},{"damage":21.0,"enemies":"Shell Parasite","floor":18.0,"turns":3.0},{"damage":0.0,"enemies":"Masked Bandits","floor":19.0,"turns":1.0},{"damage":2.0,"enemies":"Chosen","floor":22.0,"turns":3.0},{"damage":48.0,"enemies":"Gremlin Leader","floor":23.0,"turns":5.0},{"damage":9.0,"enemies":"Centurion and Healer","floor":24.0,"turns":4.0},{"damage":20.0,"enemies":"Book of Stabbing","floor":25.0,"turns":3.0},{"damage":18.0,"enemies":"Slavers","floor":27.0,"turns":3.0},{"damage":19.0,"enemies":"Snecko","floor":28.0,"turns":3.0},{"damage":10.0,"enemies":"Automaton","floor":33.0,"turns":6.0},{"damage":6.0,"enemies":"3 Shapes","floor":35.0,"turns":4.0},{"damage":8.0,"enemies":"Orb Walker","floor":39.0,"turns":3.0},{"damage":6.0,"enemies":"Giant Head","floor":41.0,"turns":8.0},{"damage":23,"enemies":"Reptomancer","floor":44,"turns":3},{"damage":7,"enemies":"Spire Growth","floor":45,"turns":6},{"damage":20,"enemies":"Nemesis","floor":46,"turns":9},{"damage":0,"enemies":"Reptomancer","floor":48,"turns":6},{"damage":6,"enemies":"Awakened One","floor":50,"turns":11},{"damage":0,"enemies":"Time Eater","floor":51,"turns":8},{"damage":6,"enemies":"Shield and Spear","floor":55,"turns":5},{"damage":6,"enemies":"The Heart","floor":56,"turns":7}],"seed_played":"3596448049334076538","potions_obtained":[{"floor":5.0,"key":"DistilledChaos"},{"floor":14.0,"key":"SmokeBomb"},{"floor":16.0,"key":"SpeedPotion"},{"floor":23.0,"key":"BloodPotion"},{"floor":24.0,"key":"Fruit Juice"},{"floor":33.0,"key":"SkillPotion"},{"floor":41.0,"key":"SkillPotion"},{"floor":42.0,"key":"Weak Potion"},{"floor":45,"key":"SkillPotion"},{"floor":46,"key":"Block Potion"}],"is_trial":false,"path_per_floor":["M","?","$","?","M","E","M","E","T","E","?","?","$","E","R","B",null,"M","?","?","?","M","E","M","E","T","E","M","R","$","T","R","B",null,"M","?","$","?","M","R","E","?","T","E","M","E","?","E","R","B","B",null,"R","$","E","B",null],"character_chosen":"IRONCLAD","items_purchased":["Combust","Dexterity Potion","Apotheosis","Impatience","Bag of Marbles","Centennial Puzzle","ElixirPotion"],"campfire_rested":0,"item_purchase_floors":[13,13,30,30,30,37,54],"current_hp_per_floor":[74,74,74,67,73,78,76,50,50,34,34,34,34,35,35,21,65,50,56,56,61,73,36,54,48,48,41,35,35,35,40,40,41,76,85,77,77,77,88,88,99,104,109,99,109,106,106,123,132,136,140,140,140,140,140,140],"gold":80,"neow_bonus":"THREE_ENEMY_KILL","is_daily":false,"chose_seed":false,"campfire_upgraded":5,"win_rate":0.0,"timestamp":1608852802,"path_taken":["M","?","$","?","M","E","M","E","T","E","?","?","$","E","R","BOSS","M","?","?","?","M","E","?","E","T","E","M","R","$","?","R","BOSS","M","?","$","?","M","R","E","?","T","E","?","E","?","E","R","BOSS","BOSS","R","$","E","BOSS"],"items_purchased_type":["Card","Potion","Card","Card","Relic","Relic","Potion"],"build_version":"2020-12-22","purchased_purges":4,"victory":true,"max_hp_per_floor":[75,75,75,75,75,78,81,81,81,84,84,76,76,79,79,79,79,79,79,79,79,82,82,82,85,85,85,87,87,87,87,87,87,87,91,93,93,93,101,101,107,112,112,114,120,126,126,132,132,136,140,140,140,140,140,140],"relic_stats":{"Singing Bowl":18,"Happy Flower":[18],"counters":[28,133],"Eternal Feather":9,"PreservedInsect":573,"Pen Nib":[13],"War Paint":["Defend_R","Battle Trance"],"Question Card":29,"Smiling Mask":225,"Burning Blood":158,"Centennial Puzzle":[21],"Mummified Hand":[6],"Bloody Idol":85,"Prayer Wheel":8,"obtain_stats":[{"Lantern":44,"NeowsBlessing":0,"Singing Bowl":26,"Happy Flower":41,"Golden Idol":12,"Vajra":14,"Eternal Feather":48,"PreservedInsect":8,"Pen Nib":10,"War Paint":43,"Question Card":9,"Smiling Mask":25,"Burning Blood":0,"Akabeko":46,"Runic Dome":17,"Centennial Puzzle":37,"Mummified Hand":55,"Bloody Idol":20,"Prayer Wheel":6,"Bag of Marbles":30,"Coffee Dripper":34,"Red Mask":38,"Red Skull":23,"Pocketwatch":27},{"Lantern":21,"NeowsBlessing":0,"Singing Bowl":14,"Happy Flower":20,"Golden Idol":6,"Vajra":7,"Eternal Feather":24,"PreservedInsect":5,"Pen Nib":6,"War Paint":20,"Question Card":5,"Smiling Mask":14,"Burning Blood":0,"Akabeko":23,"Runic Dome":8,"Centennial Puzzle":18,"Mummified Hand":27,"Bloody Idol":10,"Prayer Wheel":3,"Bag of Marbles":16,"Coffee Dripper":17,"Red Mask":18,"Red Skull":12,"Pocketwatch":15},{"Lantern":81,"NeowsBlessing":0,"Singing Bowl":51,"Happy Flower":78,"Golden Idol":22,"Vajra":25,"Eternal Feather":102,"PreservedInsect":13,"Pen Nib":22,"War Paint":78,"Question Card":13,"Smiling Mask":51,"Burning Blood":0,"Akabeko":96,"Runic Dome":32,"Centennial Puzzle":67,"Mummified Hand":126,"Bloody Idol":36,"Prayer Wheel":3,"Bag of Marbles":57,"Coffee Dripper":63,"Red Mask":67,"Red Skull":44,"Pocketwatch":54}],"Pocketwatch":[76]},"card_choices":[{"not_picked":["Dropkick","Wild Strike"],"picked":"Feed","floor":5.0},{"not_picked":["Sword Boomerang","Seeing Red"],"picked":"Blood for Blood","floor":6.0},{"not_picked":["Sentinel","Metallicize"],"picked":"Seeing Red","floor":7.0},{"not_picked":["Flex","Seeing Red"],"picked":"Dark Embrace","floor":7.0},{"not_picked":["Rage","Pommel Strike"],"picked":"Carnage","floor":8.0},{"not_picked":["Twin Strike","Sentinel","Bloodletting","Wild Strike"],"picked":"SKIP","floor":10.0},{"not_picked":["Armaments","Flex","Warcry"],"picked":"Battle Trance","floor":14.0},{"not_picked":["Exhume","Juggernaut","Limit Break"],"picked":"Offering","floor":16.0},{"not_picked":["Iron Wave","Havoc+1","Flex"],"picked":"Evolve","floor":18.0},{"not_picked":["Anger","Dark Embrace","Iron Wave"],"picked":"Fire Breathing","floor":18.0},{"not_picked":["Iron Wave+1","Carnage","Combust"],"picked":"Shockwave+1","floor":22.0},{"not_picked":["Hemokinesis","Thunderclap","Armaments","Whirlwind+1"],"picked":"SKIP","floor":22.0},{"not_picked":["Cleave","Havoc","Clothesline"],"picked":"Burning Pact","floor":23.0},{"not_picked":["Armaments+1","Entrench","Evolve"],"picked":"Shrug It Off+1","floor":24.0},{"not_picked":["Sentinel","Evolve","Shrug It Off","Spot Weakness"],"picked":"SKIP","floor":24.0},{"not_picked":["Sever Soul","Fire Breathing","Anger"],"picked":"Battle Trance","floor":25.0},{"not_picked":["Limit Break","Anger","Iron Wave"],"picked":"Body Slam","floor":27.0},{"not_picked":["Heavy Blade+1","Headbutt","Cleave"],"picked":"Second Wind","floor":28.0},{"not_picked":["Sword Boomerang","Pummel","Seeing Red","Thunderclap"],"picked":"Singing Bowl","floor":28.0},{"not_picked":["Feed","Double Tap","Limit Break"],"picked":"Barricade","floor":33.0},{"not_picked":["Sword Boomerang","Anger","Shrug It Off"],"picked":"Entrench+1","floor":35.0},{"not_picked":["Whirlwind+1","Intimidate+1","Evolve"],"picked":"Power Through","floor":35.0},{"not_picked":["Dramatic Entrance","Mind Blast","Panache","Secret Weapon"],"picked":"Singing Bowl","floor":36.0},{"not_picked":["Thinking Ahead","The Bomb","Blind"],"picked":"Finesse","floor":36.0},{"not_picked":["Good Instincts","Bandage Up","Discovery"],"picked":"Secret Technique","floor":36.0},{"not_picked":["Headbutt","Shrug It Off","Armaments","Rupture"],"picked":"Singing Bowl","floor":39.0},{"not_picked":["Pummel","Havoc","Clothesline+1","Metallicize+1"],"picked":"Singing Bowl","floor":39.0},{"not_picked":["Body Slam","Flex","Headbutt","Rage"],"picked":"Singing Bowl","floor":41.0},{"not_picked":["Twin Strike","Bloodletting+1","Spot Weakness+1","Wild Strike+1"],"picked":"Singing Bowl","floor":44},{"not_picked":["Rampage+1","Body Slam","Fiend Fire"],"picked":"Feel No Pain","floor":45},{"not_picked":["Warcry","Blood for Blood","Clash","Iron Wave"],"picked":"Singing Bowl","floor":45},{"not_picked":["Battle Trance","Clothesline","Twin Strike","Body Slam"],"picked":"Singing Bowl","floor":46},{"not_picked":["Sword Boomerang","Wild Strike+1","Anger","Rampage"],"picked":"Singing Bowl","floor":48},{"not_picked":["Second Wind","Whirlwind","Rage"],"picked":"Sentinel+1","floor":55}],"player_experience":3253683,"relics_obtained":[{"floor":6.0,"key":"Prayer Wheel"},{"floor":8.0,"key":"PreservedInsect"},{"floor":9.0,"key":"Question Card"},{"floor":10.0,"key":"Pen Nib"},{"floor":14.0,"key":"Vajra"},{"floor":23.0,"key":"Red Skull"},{"floor":25.0,"key":"Smiling Mask"},{"floor":26.0,"key":"Singing Bowl"},{"floor":27.0,"key":"Pocketwatch"},{"floor":41.0,"key":"Happy Flower"},{"floor":43.0,"key":"War Paint"},{"floor":44,"key":"Lantern"},{"floor":46,"key":"Akabeko"},{"floor":48,"key":"Eternal Feather"},{"floor":55,"key":"Mummified Hand"}],"event_choices":[{"cards_removed":["Strike_R"],"damage_healed":0.0,"max_hp_gain":0.0,"max_hp_loss":0.0,"gold_gain":0.0,"event_name":"The Cleric","player_choice":"Card Removal","floor":2.0,"gold_loss":75.0,"damage_taken":0.0},{"cards_removed":["Strike_R"],"damage_healed":0.0,"max_hp_gain":0.0,"max_hp_loss":0.0,"gold_gain":0.0,"event_name":"Golden Wing","player_choice":"Card Removal","floor":4.0,"gold_loss":0.0,"damage_taken":7.0},{"damage_healed":0.0,"max_hp_gain":0.0,"max_hp_loss":0.0,"gold_gain":0.0,"event_name":"Living Wall","player_choice":"Grow","floor":11.0,"gold_loss":0.0,"damage_taken":0.0,"cards_upgraded":["Blood for Blood"]},{"damage_healed":0.0,"max_hp_gain":0.0,"max_hp_loss":8.0,"gold_gain":0.0,"event_name":"Golden Idol","player_choice":"Lose Max HP","floor":12.0,"gold_loss":0.0,"damage_taken":0.0,"relics_obtained":["Golden Idol"]},{"damage_healed":0.0,"max_hp_gain":0.0,"max_hp_loss":0.0,"gold_gain":0.0,"event_name":"Masked Bandits","player_choice":"Fought Bandits","floor":19.0,"gold_loss":0.0,"damage_taken":0.0},{"damage_healed":0.0,"max_hp_gain":0.0,"max_hp_loss":0.0,"gold_gain":0.0,"event_name":"Forgotten Altar","player_choice":"Gave Idol","floor":20.0,"relics_lost":["Golden Idol"],"gold_loss":0.0,"damage_taken":0.0,"relics_obtained":["Bloody Idol"]},{"damage_healed":0.0,"max_hp_gain":0.0,"max_hp_loss":0.0,"gold_gain":275.0,"event_name":"Golden Shrine","player_choice":"Desecrate","floor":21.0,"gold_loss":0.0,"damage_taken":0.0,"cards_obtained":["Regret"]},{"damage_healed":0.0,"max_hp_gain":0.0,"max_hp_loss":0.0,"gold_gain":0.0,"event_name":"SensoryStone","player_choice":"Memory 3","floor":36.0,"gold_loss":0.0,"damage_taken":10.0},{"damage_healed":0.0,"max_hp_gain":0.0,"max_hp_loss":0.0,"gold_gain":0.0,"event_name":"Tomb of Lord Red Mask","player_choice":"Paid","floor":38.0,"gold_loss":52.0,"damage_taken":0.0,"relics_obtained":["Red Mask"]},{"damage_healed":0.0,"max_hp_gain":0.0,"max_hp_loss":0.0,"gold_gain":0.0,"event_name":"Lab","player_choice":"Got Potions","floor":42.0,"gold_loss":0.0,"damage_taken":0.0},{"cards_removed":["Fire Breathing"],"damage_healed":0,"gold_gain":0,"player_choice":"Removed Power","damage_taken":0,"max_hp_gain":0,"max_hp_loss":0,"event_name":"Falling","floor":47,"gold_loss":0}],"is_beta":false,"boss_relics":[{"not_picked":["Pandora\u0027s Box","SacredBark"],"picked":"Runic Dome"},{"not_picked":["Busted Crown","Runic Cube"],"picked":"Coffee Dripper"}],"items_purged_floors":[13,30,37,54],"is_endless":false,"potions_floor_spawned":[5,14,16,19,23,24,33,41,45,46],"ascension_level":20}}