{"host":"9ndbo4kgsfoemf7y","time":1608806378,"event":{"mods":["AchievementEnabler","BaseMod","Colored Map","DeckTracker","Keyboard Shortcuts","Minty Spire (QoL Compilation)","Permanent Neow","Quick Restart","Relic Stats","StSLib","SuperFastMode"],"gold_per_floor":[110,122,122,133,152,152,182,182,259,284,209,224,224,244,244,323,323,336,98,110,110,110],"floor_reached":21,"playtime":635,"items_purged":["Strike_R"],"score":382,"play_id":"99ff35f1-37d0-4a9f-b320-2c0276502cc2","local_time":"20201224193938","is_ascension_mode":true,"campfire_choices":[{"data":"Uppercut","floor":6.0,"key":"SMITH"},{"data":"Perfected Strike","floor":8.0,"key":"SMITH"},{"data":"Warcry","floor":13.0,"key":"SMITH"},{"data":"Bash","floor":15.0,"key":"SMITH"}],"circlet_count":0,"master_deck":["AscendersBane","Strike_R","Strike_R","Defend_R","Defend_R","Defend_R","Defend_R","Bash+1","Warcry+1","Perfected Strike+1","Twin Strike","Uppercut+1","Twin Strike","Inflame+1","Twin Strike","Feel No Pain+1","Barricade+1","Dark Embrace+1","Perfected Strike+1"],"relics":["Burning Blood","Thread and Needle","Frozen Egg 2","Regal Pillow","Snecko Eye","DollysMirror"],"acts_visited":["Exordium","TheCity"],"potions_floor_usage":[16],"damage_taken":[{"damage":7.0,"enemies":"2 Louse","floor":1.0,"turns":3.0},{"damage":6.0,"enemies":"Cultist","floor":2.0,"turns":3.0},{"damage":7.0,"enemies":"Jaw Worm","floor":4.0,"turns":2.0},{"damage":6.0,"enemies":"2 Fungi Beasts","floor":5.0,"turns":4.0},{"damage":24.0,"enemies":"Gremlin Nob","floor":7.0,"turns":4.0},{"damage":28.0,"enemies":"Lagavulin","floor":10.0,"turns":6.0},{"damage":5.0,"enemies":"Lots of Slimes","floor":12.0,"turns":4.0},{"damage":5.0,"enemies":"Blue Slaver","floor":14.0,"turns":3.0},{"damage":16,"enemies":"Slime Boss","floor":16,"turns":8},{"damage":30,"enemies":"2 Thieves","floor":18,"turns":5},{"damage":13,"enemies":"Shell Parasite","floor":20,"turns":2},{"damage":32,"enemies":"3 Cultists","floor":21,"turns":4}],"seed_played":"6335310172249645496","potions_obtained":[{"floor":1.0,"key":"Weak Potion"},{"floor":4.0,"key":"Explosive Potion"},{"floor":7.0,"key":"Block Potion"},{"floor":10.0,"key":"PowerPotion"},{"floor":12.0,"key":"ElixirPotion"},{"floor":18,"key":"Swift Potion"}],"is_trial":false,"path_per_floor":["M","M","?","M","M","R","E","R","T","E","$","M","R","M","R","B",null,"M","$","M","M"],"character_chosen":"IRONCLAD","items_purchased":["Dark Embrace+1","DollysMirror"],"campfire_rested":0,"item_purchase_floors":[19,19],"current_hp_per_floor":[49,49,75,74,74,74,56,56,56,34,34,35,35,36,36,26,63,39,39,32,0,0],"gold":110,"neow_bonus":"TRANSFORM_TWO_CARDS","is_daily":false,"chose_seed":false,"campfire_upgraded":4,"win_rate":0.0,"timestamp":1608806378,"path_taken":["M","M","?","M","M","R","E","R","T","E","?","?","R","M","R","BOSS","M","$","M","M"],"items_purchased_type":["Card","Relic"],"build_version":"2020-12-22","purchased_purges":1,"victory":false,"max_hp_per_floor":[75,75,75,75,75,75,75,75,75,75,75,75,75,75,75,75,75,75,75,75,75,75],"relic_stats":{"Regal Pillow":0,"counters":[12,48],"Snecko Eye":[20,21,15,27],"obtain_stats":[{"Regal Pillow":10,"DollysMirror":19,"Snecko Eye":17,"Thread and Needle":7,"Frozen Egg 2":9,"Burning Blood":0},{"Regal Pillow":6,"DollysMirror":10,"Snecko Eye":9,"Thread and Needle":5,"Frozen Egg 2":5,"Burning Blood":0},{"Regal Pillow":22,"DollysMirror":42,"Snecko Eye":37,"Thread and Needle":16,"Frozen Egg 2":16,"Burning Blood":0}],"Burning Blood":66},"card_choices":[{"not_picked":["Intimidate","Power Through"],"picked":"Perfected Strike","floor":1.0},{"not_picked":["Warcry","Havoc"],"picked":"Twin Strike","floor":2.0},{"not_picked":["Ghostly Armor","Combust"],"picked":"Uppercut","floor":4.0},{"not_picked":["Sever Soul","Reckless Charge"],"picked":"Twin Strike","floor":5.0},{"not_picked":["Sentinel","Juggernaut","Heavy Blade"],"picked":"SKIP","floor":7.0},{"not_picked":["Sword Boomerang","Clash"],"picked":"Inflame+1","floor":10.0},{"not_picked":["Infernal Blade","Intimidate"],"picked":"Twin Strike","floor":12.0},{"not_picked":["Headbutt","Twin Strike"],"picked":"Feel No Pain+1","floor":14.0},{"not_picked":["Immolate","Exhume"],"picked":"Barricade+1","floor":16},{"not_picked":["Dual Wield","Clash","Uppercut"],"picked":"SKIP","floor":18},{"not_picked":["Cleave","Sword Boomerang","Spot Weakness"],"picked":"SKIP","floor":20}],"player_experience":738204,"relics_obtained":[{"floor":7.0,"key":"Thread and Needle"},{"floor":9.0,"key":"Frozen Egg 2"},{"floor":10.0,"key":"Regal Pillow"}],"event_choices":[{"cards_removed":["Reckless Charge"],"damage_healed":26.0,"max_hp_gain":0.0,"max_hp_loss":0.0,"gold_gain":0.0,"event_name":"Bonfire Elementals","player_choice":"Offered Uncommon","floor":3.0,"gold_loss":0.0,"damage_taken":0.0}],"is_beta":false,"boss_relics":[{"not_picked":["Busted Crown","Ectoplasm"],"picked":"Snecko Eye"}],"items_purged_floors":[11],"is_endless":false,"potions_floor_spawned":[1,4,7,10,12,18],"killed_by":"3 Cultists","ascension_level":20}}