{"host":"nx6ib2o6hmd449ys","time":1608808634,"event":{"mods":["2.2 Compatiblity","Act Like it!","Arknights The Spire","Aspiration","BaseMod","Better Silent Start","Better Third Choice","BetterRewards","CCEM","Colored Powertips","Conjunction","Conspire","Downfall","Eldritch Tears","Elementarium","Energized Spire","Gensokyo","GifTheSpireLib","GungeonMod","Halation","Hallownest","HornydragonMod","Hubris","Infinite Spire","Jedi Mod","Lobotomy","LobotomyExtend","Marisa????????","Minty Spire (QoL Compilation)","MostiFishMod","Quick Restart","RRrroohrrRGHHhhh!!","Rare Cards Sparkle","RatMod","Replay The Spire","RumiaBox-????????","Shop Mod","Small Relic Pack","Spicy Shops","Spikes Relics","StSLib","Stuff the Spire","TestMod","The Blue Laboratory","The Caster","The Clintock","The Dragon Tamer","The Exalted","The Jungle","The Marked","The Runesmith","TheVelvet","TheWitcher","Thrall Mod","Wandering Minibosses","[IsaacMod]????","noobMod","vexMod","???????????mod","??????REMEMod"],"gold_per_floor":[126,1,1,1,18,18,18,56,56,56,56,56,110,110,117,150,150,283,283,307,363,363,56,56,91,109,109,109,109,123,137,156,186,210,210,216,400,400,416,354,354,392,492,524,541,541,568,596,506,516,516,519,536,548,560,444,466,506,506],"floor_reached":7,"playtime":1939,"items_purged":[],"score":545,"play_id":"4ca47b06-10cc-4456-9fae-ec5cfc5845af","local_time":"20201224121714","is_ascension_mode":true,"campfire_choices":[{"data":"Bromod:RadialJavelin","floor":9.0,"key":"SMITH"},{"data":"EpicFetus","floor":12.0,"key":"SMITH"},{"data":"Bromod:CollisionForce","floor":14.0,"key":"SMITH"},{"data":"Gensokyo:CrescentMoonSlash","floor":17.0,"key":"SMITH"},{"data":"Conjunction:Offense","floor":29,"key":"SMITH"},{"data":"BettingIsNotGood","floor":35,"key":"SMITH"},{"data":"Bromod:OrganShatter","floor":51,"key":"SMITH"}],"circlet_count":0,"master_deck":["Bromod:Strike_Bro","Bromod:Strike_Bro","Bromod:Defend_Bro","Bromod:Defend_Bro","Bromod:Defend_Bro","Bromod:Defend_Bro","Bromod:SlashDash","Bromod:SlashDash","Bromod:SlashDash","BettingIsNotGood+1","DTMod:OpeningTactic+1","EpicFetus+1","Conjunction:Offense+1","Conjunction:Defense","Bromod:SplitChamber","Bromod:OrganShatter+1","Bromod:CollisionForce+1","Bromod:RadialJavelin+1","Gensokyo:CrescentMoonSlash+1","Bromod:OrganShatter+1","AbeCurse","Bromod:BodyCount+1","Bromod:HornetStrike+1","caster:Thundara+1","Bromod:ExaltedBlade","Bromod:SlipMagazine","Bromod:ContagiousSpread"],"relics":["Bromod:Ordis","Bromod:AscarisDevice","HushsDoor","DaveBox","ice","REME_ComplimentaryCards","SteamSale","JellyFishMachine","testmod-GiftOfSatan","SalivaCoin","Civilization","Bromod:ArcaneMomentum","Nunchaku","Conjunction:SoulLantern","infinitespire:Joker Card","DemoMod:GlassGuonStoneRelic","Question Card","SnafuTest:BearRelic","CCEMRelics:JestersCrown","testmod-TestBox","REME_ArchaeologicalTools","CrustySpines","Regal Pillow","ImportantClient","Abe\u0027s Treasure","GodSword3","testmod-IndustrialRevolution","DoctorsRemote","aspiration:MarisaSkillbook","Strange Spoon","Pen Nib","DemoMod:WhiteGuonStone","CCEMRelics:FryingPan","vexMod:PaidLearning","OrangePellets","ats:Originium","infinitespire:Satchel","Vajra","DemoMod:RatBoots","DemoMod:ResourcefulSack","DemoMod:PartiallyEatenCheese","aspiration:RandomNobGenerator","RhineFirstAidKit","jedi:crownofsimplicity","Blue Candle","ats:Originium","hubris:SlimyHat","ats:Originium","AnarchistCookbook","rat:PhantomDancer","DemoMod:MeatBun","ice","testmod-Fortitude","AddBug","SecretRecord","Baka","SecretRecord"],"acts_visited":["Gensokyo:Gensokyo","TheCity","TheCity","Hallownest:KingdomsEdge"],"potions_floor_usage":[],"damage_taken":[{"damage":0.0,"enemies":"Gensokyo:3_Fairies","floor":1.0,"turns":2.0},{"damage":0.0,"enemies":"Gensokyo:Python","floor":5.0,"turns":1.0},{"damage":3.0,"enemies":"Gensokyo:Cirno","floor":8.0,"turns":4.0},{"damage":0.0,"enemies":"Gensokyo:Aya","floor":13.0,"turns":1.0},{"damage":0.0,"enemies":"Gensokyo:Gryphon","floor":16.0,"turns":1.0},{"damage":0.0,"enemies":"Gensokyo:Yukari","floor":18.0,"turns":3.0},{"damage":0.0,"enemies":"Shell Parasite","floor":20.0,"turns":1.0},{"damage":0.0,"enemies":"Hiden Room Battle","floor":21.0,"turns":2.0},{"damage":0,"enemies":"Nightmare","floor":25,"turns":1},{"damage":0,"enemies":"Chosen","floor":26,"turns":1},{"damage":0,"enemies":"DemoMod:2_Veteran_bullet_kins_and_red_shotgun_kin","floor":30,"turns":1},{"damage":0,"enemies":"DemoMod:Veteran_shot_gun_kin_and_red_shotgun_kin","floor":31,"turns":1},{"damage":0,"enemies":"DemoMod:Red_and_blue_shotgun_kin_with_gunsinger","floor":32,"turns":1},{"damage":10,"enemies":"DemoMod:Veteran_shot_gun_kin_and_blue_shotgun_kin","floor":33,"turns":1},{"damage":16,"enemies":"DemoMod:Veteran_shot_gun_kin_and_blue_shotgun_kin_with_gunsinger","floor":34,"turns":1},{"damage":17,"enemies":"DemoMod:ResourcefulRat","floor":37,"turns":6},{"damage":0,"enemies":"Hallownest:2_Littles","floor":39,"turns":1},{"damage":0,"enemies":"Hallownest:3_Siblings","floor":42,"turns":2},{"damage":0,"enemies":"Hallownest:eliteHiveKnight","floor":44,"turns":1},{"damage":0,"enemies":"Hallownest:3_Siblings","floor":45,"turns":1},{"damage":0,"enemies":"Hallownest:StalkingDevout","floor":48,"turns":1},{"damage":0,"enemies":"Hallownest:monsterPrimalAspid","floor":50,"turns":1},{"damage":0,"enemies":"Small Slimes","floor":1,"turns":1},{"damage":2,"enemies":"conspire:RoseBush","floor":2,"turns":1},{"damage":0,"enemies":"Jaw Worm","floor":3,"turns":1},{"damage":0,"enemies":"Large Slime","floor":4,"turns":1},{"damage":0,"enemies":"Gremlin Nob","floor":6,"turns":1},{"damage":0,"enemies":"conspire:MimicChest","floor":7,"turns":2}],"seed_played":"-2958470068382953485","potions_obtained":[{"floor":13.0,"key":"LifebloodPotion"},{"floor":18.0,"key":"blueLaboratory:LouseDecoction"},{"floor":20.0,"key":"blueLaboratory:FrostheartPotion"}],"is_trial":false,"path_per_floor":["M","$","?","?","M","PTL","PTL","E","R","?","T","R","E","R","?","M","R","B",null,"M","?","AVR","$","AVR","NM","M","?","T","R","M","M","M","M","M","R","B","B",null,"M","$","?","?","?","E","M","?","T","E","$","M","R","?","M","M","M","M","$","E","?"],"character_chosen":"THE_EXALTED","items_purchased":["DemoMod:GnawedKey","SalivaCoin","EpicFetus","Bromod:ArcaneMomentum","Nunchaku","SnafuTest:BearRelic","Strange Spoon","Pen Nib","DemoMod:WhiteGuonStone","CCEMRelics:FryingPan","vexMod:PaidLearning","jedi:crownofsimplicity","rat:PhantomDancer","DemoMod:MeatBun","testmod-BouquetWithThorns"],"campfire_rested":0,"item_purchase_floors":[0,0,0,0,0,2,23,23,23,23,23,40,49,49,5],"current_hp_per_floor":[46,46,46,46,65,65,65,89,89,89,89,89,122,122,108,133,133,185,196,223,259,259,259,259,296,329,329,329,329,365,408,454,487,517,517,564,615,638,686,686,686,736,736,793,847,847,847,902,902,958,958,1017,1080,1142,1206,1206,1272,1340,1340],"gold":506,"neow_bonus":"","is_daily":false,"chose_seed":false,"campfire_upgraded":7,"win_rate":0.0,"timestamp":1608808634,"path_taken":["M","$","?","?","M","PTL","PTL","E","R","?","T","R","E","R","?","M","R","BOSS","M","?","AVR","?","?","NM","M","?","T","R","M","M","M","M","M","R","BOSS","BOSS","M","$","?","?","?","E","?","?","T","E","$","M","R","?","M","M","M","M","$","E","?"],"items_purchased_type":["Relic","Relic","Card","Relic","Relic","Relic","Relic","Relic","Relic","Relic","Relic","Relic","Relic","Relic","Relic"],"build_version":"2020-12-13","purchased_purges":0,"victory":false,"max_hp_per_floor":[81,81,81,81,93,93,93,116,116,116,116,116,145,145,145,170,170,196,196,223,259,259,259,259,296,329,329,329,329,365,408,454,497,543,543,590,638,638,686,686,686,736,736,793,847,847,847,902,902,958,958,1017,1082,1144,1208,1208,1274,1342,1342],"card_choices":[{"not_picked":[],"picked":"BettingIsNotGood","floor":0.0},{"not_picked":["Bromod:NorthWind","Bromod:BodyCount"],"picked":"Bromod:OrganShatter","floor":1.0},{"not_picked":["Bromod:SlipMagazine","Bromod:Redirection","Bromod:Vitality"],"picked":"Bromod:CollisionForce","floor":5.0},{"not_picked":["Bromod:TacticalPump","Bromod:ContagiousSpread","Bromod:Reflection"],"picked":"Bromod:RadialJavelin","floor":8.0},{"not_picked":["Bromod:Foundry","Bromod:Redirection","Bromod:SlipMagazine","Bromod:NoReturn"],"picked":"SKIP","floor":13.0},{"not_picked":["Bromod:Redirection","Bromod:BulletJump","Bromod:BodyCount"],"picked":"Bromod:OrganShatter","floor":16.0},{"not_picked":["Bromod:ShatteringImpact","Bromod:Foundry","Bromod:Vitality"],"picked":"Bromod:BodyCount+1","floor":20.0},{"not_picked":["Occultation","PowerUp","EventHorizon","LuminesStrike+1","DeepEcoloBomb+1"],"picked":"SKIP","floor":25},{"not_picked":["EscapeVelocity","DC","UnstableBomb","Bromod:ShatteringImpact"],"picked":"Bromod:HornetStrike+1","floor":26},{"not_picked":["AsteroidBelt","MysteriousBeam+1","Bromod:CollisionForce","IllusionStar","Bromod:SteelFiber"],"picked":"SKIP","floor":30},{"not_picked":["FairyDestructionRay","Bromod:EnergySiphon","MysteriousBeam+1","DC+1","Bromod:BriefRespite+1"],"picked":"SKIP","floor":31},{"not_picked":["DragonMeteor+1","Bromod:FormaBlueprint","Bromod:SteelFiber+1","Bromod:ReflexCoil","Bromod:BulletJump"],"picked":"SKIP","floor":32},{"not_picked":["Bromod:Redirection+1","WitchOfGreed+1","GasGiant+1","Bromod:RelentlessCombination+1","PulseMagic"],"picked":"SKIP","floor":33},{"not_picked":["SporeBomb","DC","Bromod:NorthWind","Bromod:Vitality+1","Bromod:Foundry+1"],"picked":"SKIP","floor":34},{"not_picked":[],"picked":"DemoMod:Elimentaler","floor":37},{"not_picked":["Bromod:FastHands+1","Bromod:BriefRespite","MysteriousBeam+1","Acceleration","GasGiant"],"picked":"SKIP","floor":39},{"not_picked":["Bromod:Adaptation","GasGiant","Bromod:FastHands","Bromod:Reflection","SuperPerseids"],"picked":"SKIP","floor":42},{"not_picked":["Bromod:Adaptation","GasGiant","Bromod:FastHands","Bromod:Reflection","SuperPerseids"],"picked":"SKIP","floor":42},{"not_picked":["DarkSpark","ShootingEcho+1","SporeBomb+1","GalacticHalo","SprinkleStarSeal+1"],"picked":"SKIP","floor":44},{"not_picked":["WitchOfGreed+1","PropBag+1","Bromod:TacticalPump+1","MachineGunSpark+1","Bromod:BulletJump"],"picked":"SKIP","floor":45},{"not_picked":["Bromod:PressurePoint","GrandCross","Bromod:SlipMagazine+1","SuperPerseids","Bromod:BodyCount+1"],"picked":"SKIP","floor":48},{"not_picked":["Acceleration+1","MeteoricShower","NonDirectionalLaser","ShootingEcho"],"picked":"Bromod:ExaltedBlade","floor":50},{"not_picked":["Bromod:CollisionForce","6A","OortCloud","GalacticHalo","OpenUniverse"],"picked":"SKIP","floor":1},{"not_picked":["Bromod:Provoked","Bromod:Redirection","Bromod:SlashDash","PulseMagic","Bromod:PointBlank"],"picked":"SKIP","floor":2},{"not_picked":["Bromod:SlipMagazine","6A","DragonMeteor","Bromod:HornetStrike","AsteroidBelt"],"picked":"SKIP","floor":3},{"not_picked":["Bromod:BodyCount","Acceleration","LuminesStrike","Bromod:Serration","Bromod:Provoked"],"picked":"SKIP","floor":4},{"not_picked":["GalacticHalo","Bromod:SteelFiber","MagicChant","Bromod:Maglev"],"picked":"Bromod:SlipMagazine","floor":6},{"not_picked":["Bromod:ShatteringImpact","Bromod:OrganShatter","Bromod:QuickDraw","Acceleration"],"picked":"Bromod:ContagiousSpread","floor":7}],"player_experience":358104,"relics_obtained":[{"floor":1.0,"key":"Question Card"},{"floor":1.0,"key":"LetterFromLob"},{"floor":8.0,"key":"REME_ArchaeologicalTools"},{"floor":11.0,"key":"CrustySpines"},{"floor":13.0,"key":"Regal Pillow"},{"floor":16.0,"key":"ImportantClient"},{"floor":21.0,"key":"GodSword3"},{"floor":21.0,"key":"testmod-IndustrialRevolution"},{"floor":25,"key":"ats:Originium"},{"floor":25,"key":"infinitespire:Satchel"},{"floor":38,"key":"DemoMod:RatBoots"},{"floor":38,"key":"DemoMod:ResourcefulSack"},{"floor":38,"key":"DemoMod:PartiallyEatenCheese"},{"floor":38,"key":"aspiration:RandomNobGenerator"},{"floor":38,"key":"RhineFirstAidKit"},{"floor":42,"key":"Blue Candle"},{"floor":44,"key":"ats:Originium"},{"floor":44,"key":"vexMod:BerryBomb"},{"floor":47,"key":"hubris:SlimyHat"},{"floor":48,"key":"ats:Originium"},{"floor":48,"key":"AnarchistCookbook"},{"floor":1,"key":"AddBug"},{"floor":1,"key":"Baka"},{"floor":1,"key":"Question Card"},{"floor":1,"key":"PrismaticShard"},{"floor":1,"key":"LetterFromLob"},{"floor":2,"key":"LetterFromLob"},{"floor":3,"key":"SecretRecord"},{"floor":3,"key":"LetterFromLob"},{"floor":4,"key":"LetterFromLob"},{"floor":6,"key":"ats:Originium"},{"floor":6,"key":"testmod-ArcanaOfDestiny"},{"floor":6,"key":"LetterFromLob"},{"floor":7,"key":"testmod-HeartOfDaVinci"}],"event_choices":[{"damage_healed":0.0,"max_hp_gain":0.0,"max_hp_loss":0.0,"gold_gain":0.0,"event_name":"Box For Yourself","player_choice":"Swap Relic","floor":4.0,"relics_lost":["testmod-TestBox"],"gold_loss":0.0,"damage_taken":0.0,"relics_obtained":["testmod-TestBox"]},{"damage_healed":0.0,"max_hp_gain":0.0,"max_hp_loss":0.0,"gold_gain":0.0,"event_name":"HidenRoomEvent","player_choice":"Fight","floor":21.0,"gold_loss":0.0,"damage_taken":0.0}],"is_beta":false,"boss_relics":[{"not_picked":["ChewingGum","aspiration:SecretTechniqueScroll"],"picked":"Abe\u0027s Treasure"},{"not_picked":[]},{"not_picked":[]}],"items_purged_floors":[],"is_endless":true,"potions_floor_spawned":[13,18,20,26,31,34,37,44,45,50,2,3],"killed_by":"conspire:MimicChest","ascension_level":1}}