{"host":"fmtvje4mks8zli8e","time":1608772668,"event":{"mods":["AchievementEnabler","AlwaysNeverKeys","BaseMod","BetterRewards","Minty Spire (QoL Compilation)","READ ME - Guardian Mod","Remove Card Discount Mod","StSLib","The Cursed","The Druid","The Servant 0.9.4","The Wild Card"],"gold_per_floor":[116,191,201,201,271,271,305,305,332,362,373,399,415,444,444,547,547,560,560,560,15,30,40,73,73,100,133,133,148,179,195,195,300,300,310,327,327,337,337,371,371,398,398,398,423,445,457,274,274,274,274,274,52,82,82,82],"floor_reached":55,"playtime":2398,"items_purged":["Decay"],"score":1326,"play_id":"c6ff9d66-193a-4ad5-bd31-1fc083b15ba0","local_time":"20201223191748","is_ascension_mode":true,"campfire_choices":[{"floor":6,"key":"REST"},{"data":"Zap","floor":15,"key":"SMITH"},{"data":"Creative AI","floor":32,"key":"SMITH"},{"data":"Electrodynamics","floor":41,"key":"SMITH"},{"floor":44,"key":"DIG"},{"floor":47,"key":"DIG"},{"floor":49,"key":"DIG"},{"floor":52,"key":"DIG"}],"circlet_count":0,"master_deck":["Strike_B","Strike_B","Strike_B","Strike_B","Defend_B+1","Defend_B+1","Defend_B+1","Zap+1","Dualcast+1","Steam+1","Redo+1","Beam Cell","Gash","Steam Power+1","Fusion+1","Redo+1","Scrape","Redo+1","Swift Strike","Forethought+1","FTL","Bandage Up+1","Coolheaded+1","Steam Power+1","Creative AI+1","Electrodynamics+1","Cold Snap+1","Ball Lightning+1","Impatience+1","Leap+1","Heatsinks+1","Storm","Storm"],"relics":["Cracked Core","Letter Opener","ClockworkSouvenir","Akabeko","Bird Faced Urn","Toy Ornithopter","Toxic Egg 2","Medical Kit","Sling","Ancient Tea Set","HornCleat","Anchor","Centennial Puzzle","Strawberry","Omamori","Dream Catcher","Coffee Dripper","MutagenicStrength","Mummified Hand","Pen Nib","Darkstone Periapt","Nunchaku","Kunai","Cables","SlaversCollar","War Paint","Juzu Bracelet","Shovel","Gremlin Horn","MawBank","Singing Bowl","Vajra","Bronze Scales","Ornamental Fan","Bag of Preparation","Bag of Marbles"],"acts_visited":["Exordium","TheCity","TheBeyond","TheEnding"],"potions_floor_usage":[16,55,55,55],"damage_taken":[{"damage":0,"enemies":"Jaw Worm","floor":1,"turns":3},{"damage":0,"enemies":"2 Louse","floor":3,"turns":2},{"damage":0,"enemies":"Gremlin Nob","floor":7,"turns":3},{"damage":6,"enemies":"3 Sentries","floor":10,"turns":5},{"damage":0,"enemies":"Small Slimes","floor":11,"turns":2},{"damage":0,"enemies":"Gremlin Nob","floor":12,"turns":3},{"damage":0,"enemies":"Red Slaver","floor":13,"turns":2},{"damage":0,"enemies":"3 Sentries","floor":14,"turns":4},{"damage":11,"enemies":"Slime Boss","floor":16,"turns":6},{"damage":0,"enemies":"Chosen","floor":18,"turns":2},{"damage":0,"enemies":"2 Thieves","floor":22,"turns":2},{"damage":0,"enemies":"Snecko","floor":23,"turns":3},{"damage":2,"enemies":"Book of Stabbing","floor":24,"turns":3},{"damage":0,"enemies":"Gremlin Leader","floor":27,"turns":3},{"damage":5,"enemies":"Snake Plant","floor":29,"turns":2},{"damage":0,"enemies":"Slavers","floor":30,"turns":3},{"damage":0,"enemies":"Chosen and Byrds","floor":31,"turns":3},{"damage":3,"enemies":"Champ","floor":33,"turns":11},{"damage":0,"enemies":"3 Shapes","floor":35,"turns":1},{"damage":0,"enemies":"3 Darklings","floor":36,"turns":3},{"damage":0,"enemies":"Sphere and 2 Shapes","floor":38,"turns":4},{"damage":13,"enemies":"Reptomancer","floor":40,"turns":4},{"damage":0,"enemies":"Giant Head","floor":42,"turns":5},{"damage":0,"enemies":"Reptomancer","floor":45,"turns":5},{"damage":0,"enemies":"Transient","floor":46,"turns":5},{"damage":12,"enemies":"Donu and Deca","floor":50,"turns":5},{"damage":0,"enemies":"Shield and Spear","floor":54,"turns":2},{"damage":113,"enemies":"The Heart","floor":55,"turns":6}],"seed_played":"4938577884790820944","potions_obtained":[{"floor":10,"key":"SteroidPotion"},{"floor":12,"key":"Dexterity Potion"},{"floor":13,"key":"SpeedPotion"},{"floor":18,"key":"Dexterity Potion"},{"floor":27,"key":"LiquidBronze"}],"is_trial":false,"path_per_floor":["M","?","M","?","T","R","E","?","T","E","M","E","M","E","R","B",null,"M","?","?","$","M","M","E","?","T","E","?","M","E","M","R","B",null,"M","M","?","M","?","E","R","E","T","R","E","M","R","$","R","B",null,"R","$","E","B"],"character_chosen":"DEFECT","items_purchased":["Letter Opener","ClockworkSouvenir","Akabeko","Bird Faced Urn","Toy Ornithopter","Toxic Egg 2","Medical Kit","Sling","Ancient Tea Set","Mummified Hand","Pen Nib","FTL","Bandage Up+1","Vajra","Storm","Bag of Preparation","Storm"],"campfire_rested":1,"item_purchase_floors":[0,0,0,0,0,0,0,0,0,21,21,21,21,48,48,53,53],"current_hp_per_floor":[28,17,17,2,2,24,24,24,24,25,25,25,25,25,25,19,82,82,82,63,63,63,63,67,67,67,73,92,87,92,92,92,92,92,92,92,92,92,92,81,81,92,92,92,92,92,92,92,92,90,92,92,92,94,0,0],"gold":82,"neow_bonus":"","is_daily":false,"chose_seed":false,"campfire_upgraded":3,"win_rate":0.0,"timestamp":1608772668,"path_taken":["M","?","M","?","?","R","E","?","T","E","M","E","M","E","R","BOSS","M","?","?","$","?","M","E","?","T","E","?","?","E","M","R","BOSS","M","M","?","M","?","E","R","E","T","R","E","M","R","$","R","BOSS","R","$","E","BOSS"],"items_purchased_type":["Relic","Relic","Relic","Relic","Relic","Relic","Relic","Relic","Relic","Relic","Relic","Card","Card","Relic","Card","Relic","Card"],"build_version":"2020-12-22","purchased_purges":1,"victory":false,"max_hp_per_floor":[75,75,75,75,75,75,75,75,75,82,82,82,82,82,82,82,82,82,82,82,82,82,82,82,82,82,82,92,92,92,92,92,92,92,92,92,92,92,92,92,92,92,92,92,92,92,92,92,92,92,92,92,92,94,94,94],"card_choices":[{"not_picked":["Heatsinks","Barrage"],"picked":"Redo+1","floor":1},{"not_picked":["Hologram+1","Coolheaded+1","Rebound"],"picked":"SKIP","floor":3},{"not_picked":["Tempest+1","Force Field+1"],"picked":"Beam Cell","floor":7},{"not_picked":["Beam Cell","Static Discharge"],"picked":"Gash","floor":10},{"not_picked":["Buffer","Coolheaded+1"],"picked":"Steam Power+1","floor":11},{"not_picked":["Hologram+1","Steam+1"],"picked":"Fusion+1","floor":12},{"not_picked":["Lockon","Streamline"],"picked":"Redo+1","floor":13},{"not_picked":["Turbo+1","Barrage"],"picked":"Scrape","floor":14},{"not_picked":["Buffer","Multi-Cast+1"],"picked":"Seek+1","floor":16},{"not_picked":["Go for the Eyes","Tempest+1"],"picked":"Redo+1","floor":18},{"not_picked":["Compile Driver","Hologram+1"],"picked":"Coolheaded+1","floor":22},{"not_picked":["Sweeping Beam","Go for the Eyes+1"],"picked":"Steam Power+1","floor":23},{"not_picked":["Heatsinks","Stack+1","Sweeping Beam"],"picked":"SKIP","floor":24},{"not_picked":["Thunder Strike","Beam Cell","Melter"],"picked":"SKIP","floor":27},{"not_picked":["Stack+1","Recycle+1","Skim+1"],"picked":"SKIP","floor":29},{"not_picked":["Compile Driver","BootSequence+1","Chill+1"],"picked":"SKIP","floor":30},{"not_picked":["Coolheaded+1","Redo+1"],"picked":"Creative AI","floor":31},{"not_picked":["Rainbow+1","All For One"],"picked":"Electrodynamics","floor":33},{"not_picked":["Hello World+1","Compile Driver+1"],"picked":"Cold Snap+1","floor":35},{"not_picked":["Self Repair+1","Go for the Eyes","Steam+1"],"picked":"SKIP","floor":36},{"not_picked":["Compile Driver","Redo+1"],"picked":"Ball Lightning+1","floor":38},{"not_picked":["Madness+1","Discovery+1"],"picked":"Impatience+1","floor":39},{"not_picked":["Core Surge","Sweeping Beam"],"picked":"Leap+1","floor":40},{"not_picked":["Barrage","Redo+1"],"picked":"Heatsinks+1","floor":42},{"not_picked":["Turbo+1","Rebound","Hologram+1"],"picked":"SKIP","floor":45},{"not_picked":["Sweeping Beam+1","Turbo+1","Scrape"],"picked":"SKIP","floor":46},{"not_picked":["Sunder+1","Hologram+1","Undo+1"],"picked":"Singing Bowl","floor":54}],"player_experience":3020191,"relics_obtained":[{"floor":5,"key":"HornCleat"},{"floor":7,"key":"Anchor"},{"floor":9,"key":"Centennial Puzzle"},{"floor":10,"key":"Strawberry"},{"floor":12,"key":"Omamori"},{"floor":14,"key":"Dream Catcher"},{"floor":24,"key":"Darkstone Periapt"},{"floor":26,"key":"Nunchaku"},{"floor":27,"key":"Kunai"},{"floor":30,"key":"Cables"},{"floor":40,"key":"War Paint"},{"floor":42,"key":"Juzu Bracelet"},{"floor":43,"key":"Shovel"},{"floor":44,"key":"Gremlin Horn"},{"floor":45,"key":"MawBank"},{"floor":47,"key":"Singing Bowl"},{"floor":49,"key":"Bronze Scales"},{"floor":52,"key":"Ornamental Fan"},{"floor":54,"key":"Bag of Marbles"}],"event_choices":[{"damage_healed":0,"gold_gain":75,"player_choice":"Gather Gold","damage_taken":11,"max_hp_gain":0,"max_hp_loss":0,"event_name":"World of Goop","floor":2,"gold_loss":0},{"damage_healed":0,"gold_gain":0,"player_choice":"Entered Light","damage_taken":15,"max_hp_gain":0,"max_hp_loss":0,"event_name":"Shining Light","floor":4,"gold_loss":0,"cards_upgraded":["Defend_B","Dualcast"]},{"damage_healed":0,"gold_gain":0,"player_choice":"Cursed","damage_taken":0,"max_hp_gain":0,"max_hp_loss":0,"event_name":"Wheel of Change","floor":8,"gold_loss":0,"cards_obtained":["Decay"]},{"damage_healed":0,"gold_gain":0,"player_choice":"Inject Mutagens","damage_taken":0,"relics_obtained":["MutagenicStrength"],"max_hp_gain":0,"max_hp_loss":0,"event_name":"Drug Dealer","floor":19,"gold_loss":0},{"damage_healed":0,"gold_gain":0,"player_choice":"CARD CARD ","damage_taken":19,"max_hp_gain":0,"max_hp_loss":0,"event_name":"Knowing Skull","floor":20,"potions_obtained":[],"gold_loss":0,"cards_obtained":["Swift Strike","Forethought"]},{"damage_healed":0,"gold_gain":0,"player_choice":"Ignored","damage_taken":0,"max_hp_gain":0,"max_hp_loss":0,"event_name":"Ghosts","floor":25,"gold_loss":0},{"cards_removed":["Seek"],"damage_healed":9,"gold_gain":0,"player_choice":"Offered Rare","damage_taken":0,"max_hp_gain":10,"max_hp_loss":0,"event_name":"Bonfire Elementals","floor":28,"gold_loss":0},{"cards_removed":["Defend_B"],"damage_healed":0,"gold_gain":0,"player_choice":"Removed Skill","damage_taken":0,"max_hp_gain":0,"max_hp_loss":0,"event_name":"Falling","floor":37,"gold_loss":0},{"damage_healed":0,"gold_gain":0,"player_choice":"Memory 1","damage_taken":0,"max_hp_gain":0,"max_hp_loss":0,"event_name":"SensoryStone","floor":39,"gold_loss":0}],"is_beta":false,"boss_relics":[{"not_picked":["Runic Pyramid","SacredBark"],"picked":"Coffee Dripper"},{"not_picked":["FrozenCore","Sozu"],"picked":"SlaversCollar"}],"items_purged_floors":[21],"is_endless":false,"potions_floor_spawned":[10,12,13,14,18,22,27,33,35,38,42,45],"killed_by":"The Heart","ascension_level":1}}