{"host":"46hhpd9tbruz5rpt","time":1608796748,"event":{"mods":["BaseMod","Marisa£®ÏF”Í°°ƒß¿Ì…≥£©","Minty Spire (QoL Compilation)","Quick Restart","Reimu£®≤©¿ˆ¡È√Œ£©","Replay The Spire","StSLib","The Cursed","The Servant 0.9.4"],"gold_per_floor":[109,34,53,73,73,73,92,92,118,128,141,158,139,159,159,159,159],"floor_reached":16,"playtime":752,"items_purged":["Regret"],"score":98,"play_id":"93f64050-3459-4029-a90e-b606cadd5e06","local_time":"20201224155908","is_ascension_mode":false,"campfire_choices":[{"data":"NB:ReiMu","floor":6.0,"key":"SMITH"},{"data":"RainPray2:ReiMu","floor":8.0,"key":"SMITH"},{"data":"OctopathSalyBorderN:ReiMu","floor":15.0,"key":"SMITH"}],"circlet_count":0,"master_deck":["Strike_Lin:ReiMu","Strike_Lin:ReiMu","Strike_Lin:ReiMu","Strike_Lin:ReiMu","Defend_Lin:ReiMu","Defend_Lin:ReiMu","Defend_Lin:ReiMu","Defend_Lin:ReiMu","NB:ReiMu+1","Stagnation:ReiMu","LovePray:ReiMu","TightArray:ReiMu","AlertArray:ReiMu","Authority:ReiMu","RainPray2:ReiMu+1","CareerPray:ReiMu","OctopathSalyBorderN:ReiMu+1"],"relics":["FlyPower:ReiMu","Oddly Smooth Stone","ReplayTheSpireMod:TigerMarble"],"acts_visited":["Exordium"],"potions_floor_usage":[],"damage_taken":[{"damage":13.0,"enemies":"Jaw Worm","floor":1.0,"turns":6.0},{"damage":3.0,"enemies":"Cultist","floor":3.0,"turns":5.0},{"damage":0.0,"enemies":"Small Slimes","floor":4.0,"turns":5.0},{"damage":3.0,"enemies":"2 Fungi Beasts","floor":7.0,"turns":4.0},{"damage":2.0,"enemies":"3 Louse","floor":10.0,"turns":5.0},{"damage":25.0,"enemies":"Gremlin Gang","floor":11.0,"turns":6.0},{"damage":1.0,"enemies":"Large Slime","floor":12.0,"turns":5.0},{"damage":4.0,"enemies":"Exordium Thugs","floor":13.0,"turns":4.0},{"damage":3.0,"enemies":"2 Fungi Beasts","floor":14.0,"turns":2.0},{"damage":0,"enemies":"Fading Forest","floor":16,"turns":1}],"seed_played":"-4869910452856276250","potions_obtained":[{"floor":3.0,"key":"Elixir"},{"floor":7.0,"key":"ZuzhouPotion:ReiMu"},{"floor":12.0,"key":"MagicPotion:ReiMu"},{"floor":13.0,"key":"BlessingOfTheForge"}],"is_trial":false,"path_per_floor":["M","$","M","M","?","R","M","R","T","M","M","M","M","M","R","B"],"character_chosen":"REIMU","items_purchased":[],"campfire_rested":0,"item_purchase_floors":[],"current_hp_per_floor":[52,52,49,49,49,49,46,46,46,44,19,18,14,11,11,11,11],"gold":159,"neow_bonus":"RANDOM_EVENT","is_daily":false,"chose_seed":false,"campfire_upgraded":3,"win_rate":0.0,"timestamp":1608796748,"path_taken":["M","$","M","M","?","R","M","R","T","?","M","?","M","M","R","BOSS"],"items_purchased_type":[],"build_version":"2020-12-22","purchased_purges":1,"victory":false,"max_hp_per_floor":[65,65,65,65,65,65,65,65,65,65,65,65,65,65,65,65,65],"card_choices":[{"not_picked":["SpreadBorder2:ReiMu","Mountainwind:ReiMu"],"picked":"LovePray:ReiMu","floor":1.0},{"not_picked":["WonderfulDomain:ReiMu","PhosphorusFlame:ReiMu"],"picked":"TightArray:ReiMu","floor":3.0},{"not_picked":["SpreadBorder2:ReiMu","Enchanting:ReiMu"],"picked":"AlertArray:ReiMu","floor":4.0},{"not_picked":["SubAcupoint:ReiMu","Conquer:ReiMu"],"picked":"RainPray2:ReiMu","floor":7.0},{"not_picked":["AirStrike:ReiMu","TightArray:ReiMu","Amulet:ReiMu"],"picked":"SKIP","floor":10.0},{"not_picked":["EmergencyTakeOff:ReiMu","AirStrike:ReiMu"],"picked":"CareerPray:ReiMu","floor":11.0},{"not_picked":["SafetyPray:ReiMu","DoubleButterfly:ReiMu"],"picked":"OctopathSalyBorderN:ReiMu","floor":12.0},{"not_picked":["Enchanting:ReiMu","Dreaming2:ReiMu","AirStrike:ReiMu"],"picked":"SKIP","floor":13.0},{"not_picked":["AirStrike:ReiMu","SpringWay:ReiMu","NineCharacters:ReiMu"],"picked":"SKIP","floor":14.0}],"player_experience":83676,"relics_obtained":[{"floor":9.0,"key":"ReplayTheSpireMod:TigerMarble"}],"event_choices":[{"damage_healed":0.0,"max_hp_gain":0.0,"max_hp_loss":0.0,"gold_gain":0.0,"event_name":"Big Fish","player_choice":"Box","floor":0.0,"gold_loss":0.0,"damage_taken":0.0,"relics_obtained":["Oddly Smooth Stone"],"cards_obtained":["Regret"]},{"damage_healed":0.0,"max_hp_gain":0.0,"max_hp_loss":0.0,"gold_gain":0.0,"event_name":"Match and Keep!","player_choice":"1 cards matched","floor":5.0,"gold_loss":0.0,"damage_taken":0.0,"cards_obtained":["Authority:ReiMu"]}],"is_beta":false,"boss_relics":[],"items_purged_floors":[2],"is_endless":false,"potions_floor_spawned":[3,7,12,13],"killed_by":"Fading Forest","ascension_level":0}}