{"host":"e4wnmsyty9uvvtwf","time":1608813044,"event":{"mods":["Aspiration","BaseMod","Colored Map","Colored Powertips","Marisa£®ÏF”Í°°ƒß¿Ì…≥£©","Minty Spire (QoL Compilation)","Rare Cards Sparkle","Replay The Spire","StSLib"],"gold_per_floor":[116,116,116,132,151,151,164,164,164,121,137,149,181,192,192,268,268,288,288,263,68,85,85,85,85],"floor_reached":24,"playtime":989,"items_purged":[],"score":380,"play_id":"eaba9ce0-4dd1-452b-b0b5-c12c144e69cd","local_time":"20201224203044","is_ascension_mode":true,"campfire_choices":[{"data":"Neutralize","floor":6,"key":"SMITH"},{"data":"Draining Mist","floor":8,"key":"SMITH"},{"data":"Finisher","floor":15,"key":"SMITH"},{"data":"6A","floor":23,"key":"SMITH"}],"circlet_count":0,"master_deck":["AscendersBane","Strike_G","Strike_G","Strike_G","Strike_G","Defend_G","Defend_G","Defend_G","Defend_G","Defend_G","Neutralize+1","ReplayTheSpireMod:Speed Training","m_Survivalism","Finisher+1","Draining Mist+1","Slice","Caltrops","Dash","ReplayTheSpireMod:From All Sides","Hidden Blade","After Image","ReplayTheSpireMod:Scrap Shanks","Heel Hook","Infinite Blades","6A+1"],"relics":["Ring of the Snake","Oddly Smooth Stone","aspiration:HummingbirdHeart","HornCleat","Painkiller Herb","PrismaticShard","aspiration:Nostalgia","m_SpellCore"],"acts_visited":["TheCity"],"potions_floor_usage":[16,24],"damage_taken":[{"damage":0.0,"enemies":"2 Louse","floor":1.0,"turns":3.0},{"damage":0,"enemies":"Jaw Worm","floor":4,"turns":8},{"damage":0,"enemies":"Small Slimes","floor":5,"turns":5},{"damage":2,"enemies":"3 Louse","floor":7,"turns":8},{"damage":0,"enemies":"Looter","floor":11,"turns":4},{"damage":2,"enemies":"Exordium Thugs","floor":12,"turns":6},{"damage":19,"enemies":"Lagavulin","floor":13,"turns":10},{"damage":0,"enemies":"Lots of Slimes","floor":14,"turns":4},{"damage":6,"enemies":"Hexaghost","floor":16,"turns":10},{"damage":0,"enemies":"3 Byrds","floor":18,"turns":3},{"damage":0,"enemies":"2 Thieves","floor":20,"turns":4},{"damage":6,"enemies":"Centurion and Healer","floor":22,"turns":9},{"damage":39,"enemies":"Slavers","floor":24,"turns":3}],"seed_played":"-116202809037226786","potions_obtained":[{"floor":4,"key":"Energy Potion"},{"floor":5,"key":"ColorlessPotion"},{"floor":14,"key":"Strength Potion"},{"floor":20,"key":"Ancient Potion"}],"is_trial":false,"path_per_floor":["M","?","?","M","M","R","M","R","T","$","M","M","E","M","R","B",null,"?","?","?","T","?","T","E"],"character_chosen":"THE_SILENT","items_purchased":["Caltrops","aspiration:Nostalgia","Infinite Blades"],"campfire_rested":0,"item_purchase_floors":[10,21,21],"current_hp_per_floor":[59,59,59,59,59,59,57,57,57,57,57,55,36,36,36,30,57,57,45,45,45,39,39,0,0],"gold":85,"neow_bonus":"RANDOM_COMMON_RELIC","is_daily":false,"chose_seed":false,"campfire_upgraded":4,"win_rate":0.0,"timestamp":1608813044,"path_taken":["M","?","?","M","M","R","M","R","T","?","M","M","E","M","R","BOSS","?","?","?","T","?","T","E"],"items_purchased_type":["Card","Relic","Card"],"build_version":"2020-12-22","purchased_purges":0,"victory":false,"max_hp_per_floor":[66,66,66,66,66,66,66,66,66,66,66,66,66,66,66,66,66,66,66,66,66,66,66,66,66],"card_choices":[{"not_picked":["Outmaneuver","Backflip"],"picked":"ReplayTheSpireMod:Speed Training","floor":1.0},{"not_picked":["Predator","Catalyst"],"picked":"Finisher","floor":4},{"not_picked":["ReplayTheSpireMod:The Works","Backflip"],"picked":"Draining Mist","floor":5},{"not_picked":["Cloak And Dagger","ReplayTheSpireMod:Exploit Weakness"],"picked":"Slice","floor":7},{"not_picked":["Cloak And Dagger","Flying Knee"],"picked":"Dash","floor":11},{"not_picked":["Terror","Flying Knee"],"picked":"ReplayTheSpireMod:From All Sides","floor":12},{"not_picked":["ReplayTheSpireMod:Exploit Weakness","Concentrate"],"picked":"Hidden Blade","floor":13},{"not_picked":["Dagger Throw","Poisoned Stab","Quick Slash"],"picked":"SKIP","floor":14},{"not_picked":["ReplayTheSpireMod:From All Sides","Envenom"],"picked":"After Image","floor":16},{"not_picked":["Dagger Throw","Acrobatics"],"picked":"ReplayTheSpireMod:Scrap Shanks","floor":18},{"not_picked":["Setup","Riddle With Holes"],"picked":"Heel Hook","floor":19},{"not_picked":["Sweeping Beam","Time Bomb","Pommel Strike"],"picked":"SKIP","floor":20},{"not_picked":["ManaConvection","WitchLeyline"],"picked":"6A","floor":22}],"player_experience":638011,"relics_obtained":[{"floor":9,"key":"aspiration:HummingbirdHeart"},{"floor":13,"key":"HornCleat"},{"floor":19,"key":"PrismaticShard"}],"event_choices":[],"is_beta":false,"boss_relics":[{"not_picked":["Sozu","Abe\u0027s Treasure"],"picked":"Painkiller Herb"}],"items_purged_floors":[],"is_endless":false,"potions_floor_spawned":[4,5,14,20],"killed_by":"Slavers","ascension_level":18}}