{"host":"l4kjxw6jzszvq5p8","time":1608809977,"event":{"mods":["AchievementEnabler","BaseMod","Bestiary","Colored Map","Colored Powertips","Minty Spire (QoL Compilation)","Rare Cards Sparkle","StSLib"],"gold_per_floor":[118,118,118,193,66,84,117,128,128,128,128,147,175,192,192,293,293,293,293,293,293,293,293,293,293,293],"floor_reached":25,"playtime":2180,"items_purged":["Strike_G"],"score":374,"play_id":"f2db9870-050c-4469-8ea2-ef09580a60d5","local_time":"20201224123937","is_ascension_mode":true,"campfire_choices":[{"data":"After Image","floor":11,"key":"SMITH"},{"data":"Noxious Fumes","floor":15,"key":"SMITH"},{"data":"Envenom","floor":23,"key":"SMITH"}],"circlet_count":0,"master_deck":["Strike_G","Strike_G","Strike_G","Defend_G","Defend_G","Defend_G","Defend_G","Defend_G","Survivor","Neutralize","Backstab","Bouncing Flask","Sucker Punch","PiercingWail","After Image+1","Noxious Fumes+1","PiercingWail+1","Envenom+1","Catalyst+1","Bouncing Flask+1"],"relics":["Ring of the Snake","Mercury Hourglass","Toxic Egg 2","Smiling Mask","Ectoplasm","Nloth\u0027s Gift","Shovel"],"acts_visited":["Exordium","TheCity"],"potions_floor_usage":[20,22],"damage_taken":[{"damage":0,"enemies":"Small Slimes","floor":1,"turns":1},{"damage":0,"enemies":"2 Louse","floor":6,"turns":1},{"damage":0,"enemies":"Gremlin Nob","floor":7,"turns":1},{"damage":0,"enemies":"Cultist","floor":8,"turns":2},{"damage":3,"enemies":"Blue Slaver","floor":12,"turns":4},{"damage":1,"enemies":"Lagavulin","floor":13,"turns":6},{"damage":4,"enemies":"Lots of Slimes","floor":14,"turns":4},{"damage":9,"enemies":"Hexaghost","floor":16,"turns":9},{"damage":1,"enemies":"Shell Parasite","floor":18,"turns":7},{"damage":0,"enemies":"3 Byrds","floor":20,"turns":3},{"damage":21,"enemies":"Snake Plant","floor":21,"turns":5},{"damage":25,"enemies":"Chosen and Byrds","floor":22,"turns":7},{"damage":7,"enemies":"Book of Stabbing","floor":24,"turns":5},{"damage":41,"enemies":"Cultist and Chosen","floor":25,"turns":4}],"seed_played":"-892107773525690417","potions_obtained":[{"floor":1,"key":"Swift Potion"},{"floor":6,"key":"Strength Potion"},{"floor":12,"key":"LiquidBronze"},{"floor":24,"key":"BlessingOfTheForge"}],"is_trial":false,"path_per_floor":["M","?","?","?","$","M","E","M","T","?","R","M","E","M","R","B",null,"M","?","M","M","M","R","E","M"],"character_chosen":"THE_SILENT","items_purchased":["SkillPotion"],"campfire_rested":0,"item_purchase_floors":[5],"current_hp_per_floor":[63,63,68,57,57,57,57,57,57,57,57,54,53,49,49,40,66,65,65,65,44,19,19,12,0,0],"gold":293,"neow_bonus":"THREE_ENEMY_KILL","is_daily":false,"chose_seed":false,"campfire_upgraded":3,"win_rate":0.0,"timestamp":1608809977,"path_taken":["M","?","?","?","$","M","E","M","T","?","R","?","E","M","R","BOSS","M","?","M","?","M","R","E","M"],"items_purchased_type":["Potion"],"build_version":"2020-12-22","purchased_purges":1,"victory":false,"max_hp_per_floor":[70,70,75,75,75,75,75,75,75,75,75,75,75,75,75,75,75,75,75,75,75,75,75,75,75,75],"card_choices":[{"not_picked":["Infinite Blades","Deadly Poison"],"picked":"Backstab","floor":1},{"not_picked":["Prepared","Doppelganger"],"picked":"Sucker Punch","floor":6},{"not_picked":["Deflect","Quick Slash"],"picked":"PiercingWail","floor":7},{"not_picked":["Backflip","Sucker Punch","Cloak And Dagger"],"picked":"SKIP","floor":8},{"not_picked":["Acrobatics+1","Blur+1"],"picked":"Noxious Fumes","floor":12},{"not_picked":["Storm of Steel+1","Outmaneuver+1"],"picked":"PiercingWail+1","floor":13},{"not_picked":["Concentrate+1","Dagger Spray","Dash"],"picked":"SKIP","floor":14},{"not_picked":["Wraith Form v2","Doppelganger+1"],"picked":"Envenom","floor":16},{"not_picked":["Concentrate+1","Sucker Punch+1","Deflect+1"],"picked":"SKIP","floor":18},{"not_picked":["Skewer","Outmaneuver+1","Dash"],"picked":"SKIP","floor":20},{"not_picked":["Acrobatics+1","Outmaneuver+1","Flying Knee+1"],"picked":"SKIP","floor":21},{"not_picked":["Malaise+1","Flying Knee"],"picked":"Catalyst+1","floor":22},{"not_picked":["Cloak And Dagger+1","Backflip+1"],"picked":"Bouncing Flask+1","floor":24}],"player_experience":416752,"relics_obtained":[{"floor":7,"key":"Mercury Hourglass"},{"floor":9,"key":"Toxic Egg 2"},{"floor":13,"key":"Smiling Mask"},{"floor":24,"key":"Shovel"}],"event_choices":[{"damage_healed":0,"gold_gain":0,"cards_transformed":["Strike_G"],"player_choice":"Change","damage_taken":0,"max_hp_gain":0,"max_hp_loss":0,"event_name":"Living Wall","floor":2,"gold_loss":0,"cards_obtained":["Bouncing Flask"]},{"damage_healed":0,"gold_gain":0,"player_choice":"Donut","damage_taken":0,"max_hp_gain":5,"max_hp_loss":0,"event_name":"Big Fish","floor":3,"gold_loss":0},{"damage_healed":0,"gold_gain":75,"player_choice":"Gather Gold","damage_taken":11,"max_hp_gain":0,"max_hp_loss":0,"event_name":"World of Goop","floor":4,"gold_loss":0},{"damage_healed":0,"gold_gain":0,"player_choice":"1 cards matched","damage_taken":0,"max_hp_gain":0,"max_hp_loss":0,"event_name":"Match and Keep!","floor":10,"gold_loss":0,"cards_obtained":["After Image"]},{"damage_healed":0,"gold_gain":0,"player_choice":"1 cards matched","damage_taken":0,"max_hp_gain":0,"max_hp_loss":0,"event_name":"Match and Keep!","floor":10,"gold_loss":0,"cards_obtained":["After Image"]},{"damage_healed":0,"gold_gain":0,"player_choice":"Traded Relic","damage_taken":0,"relics_obtained":["Nloth\u0027s Gift"],"max_hp_gain":0,"max_hp_loss":0,"event_name":"N\u0027loth","floor":19,"relics_lost":["NeowsBlessing"],"gold_loss":0}],"is_beta":false,"boss_relics":[{"not_picked":["Velvet Choker","Ring of the Serpent"],"picked":"Ectoplasm"}],"items_purged_floors":[5],"is_endless":false,"potions_floor_spawned":[1,6,12,16,18,24],"killed_by":"Cultist and Chosen","ascension_level":9}}