{"host":"w4b7hmige5bnqipq","time":1608820264,"event":{"mods":["BaseMod","Minty Spire (QoL Compilation)","Rare Cards Sparkle","SuperFastMode","everything is the same but u backflip on backflip","slay the spire mod where everything is the same but ironclad has a cowboy hat"],"gold_per_floor":[119,119,138,63,145,172,172,198,198,226,226,226,241,267,267,340,340,360,373,389,439,459,486,486,184,184,184,184,199,213,243,243,319,319,329,329,339,47,60,85,85,118,141,141,141,141],"floor_reached":45,"playtime":2084,"items_purged":["Pain","Strike_R","Strike_R"],"score":1119,"play_id":"a0a5b41e-fff2-475d-ae0c-9f3a342d8c96","local_time":"20201224233104","is_ascension_mode":true,"campfire_choices":[{"data":"Uppercut","floor":7.0,"key":"SMITH"},{"data":"Corruption","floor":15.0,"key":"SMITH"},{"data":"Seeing Red","floor":24.0,"key":"SMITH"},{"data":"Inflame","floor":28.0,"key":"SMITH"},{"floor":32.0,"key":"REST"},{"data":"Barricade","floor":41,"key":"SMITH"}],"circlet_count":0,"master_deck":["AscendersBane","Defend_R","Defend_R","Bash","Uppercut+1","Shrug It Off","Seeing Red+1","Corruption+1","Body Slam+1","Dropkick+1","Burning Pact","Impervious","Immolate+1","Sword Boomerang+1","Dropkick+1","Second Wind+1","Inflame+1","Pummel+1","Battle Trance","Heavy Blade+1","Pommel Strike+1","Barricade+1","Iron Wave+1","Thunderclap+1","Evolve+1","Sword Boomerang+1","Madness","Madness","Reaper+1","Seeing Red"],"relics":["Burning Blood","NeowsBlessing","WarpedTongs","Pear","Oddly Smooth Stone","Pen Nib","Molten Egg 2","Red Skull","Gambling Chip","Philosopher\u0027s Stone","Regal Pillow","Magic Flower","CaptainsWheel","Astrolabe","Letter Opener","PreservedInsect"],"acts_visited":["Exordium","TheCity","TheBeyond"],"potions_floor_usage":[],"damage_taken":[{"damage":0.0,"enemies":"2 Louse","floor":1.0,"turns":1.0},{"damage":0.0,"enemies":"Cultist","floor":3.0,"turns":1.0},{"damage":0.0,"enemies":"Gremlin Nob","floor":6.0,"turns":1.0},{"damage":14.0,"enemies":"Lagavulin","floor":8.0,"turns":7.0},{"damage":44.0,"enemies":"3 Sentries","floor":10.0,"turns":11.0},{"damage":2.0,"enemies":"Small Slimes","floor":13.0,"turns":4.0},{"damage":2.0,"enemies":"Gremlin Nob","floor":14.0,"turns":3.0},{"damage":16.0,"enemies":"Slime Boss","floor":16.0,"turns":7.0},{"damage":24.0,"enemies":"3 Byrds","floor":18.0,"turns":5.0},{"damage":18.0,"enemies":"2 Thieves","floor":19.0,"turns":3.0},{"damage":0.0,"enemies":"Snecko","floor":20.0,"turns":4.0},{"damage":12.0,"enemies":"Chosen and Byrds","floor":22.0,"turns":4.0},{"damage":11.0,"enemies":"Slavers","floor":23.0,"turns":5.0},{"damage":18.0,"enemies":"Snake Plant","floor":29.0,"turns":2.0},{"damage":0.0,"enemies":"3 Cultists","floor":30.0,"turns":3.0},{"damage":0.0,"enemies":"Book of Stabbing","floor":31.0,"turns":3.0},{"damage":47.0,"enemies":"Collector","floor":33.0,"turns":8.0},{"damage":0.0,"enemies":"3 Shapes","floor":35.0,"turns":3.0},{"damage":11.0,"enemies":"3 Darklings","floor":37.0,"turns":3.0},{"damage":7.0,"enemies":"Spire Growth","floor":39.0,"turns":3.0},{"damage":29,"enemies":"Giant Head","floor":40,"turns":6},{"damage":94,"enemies":"Nemesis","floor":42,"turns":9},{"damage":31,"enemies":"Maw","floor":45,"turns":2}],"seed_played":"5120893725926187457","potions_obtained":[{"floor":3.0,"key":"SneckoOil"},{"floor":6.0,"key":"CultistPotion"},{"floor":10.0,"key":"DistilledChaos"},{"floor":16.0,"key":"Swift Potion"},{"floor":19.0,"key":"HeartOfIron"},{"floor":22.0,"key":"GamblersBrew"},{"floor":23.0,"key":"LiquidBronze"},{"floor":29.0,"key":"SneckoOil"},{"floor":33.0,"key":"SpeedPotion"},{"floor":35.0,"key":"Ancient Potion"}],"is_trial":false,"path_per_floor":["M","?","M","$","T","E","R","E","T","E","?","?","M","E","R","B",null,"M","M","M","?","M","E","R","$","T","?","R","M","M","E","R","B",null,"M","?","M","$","M","E","R","E","T","?","M"],"character_chosen":"IRONCLAD","items_purchased":["Inflame","Pummel+1","Battle Trance","Reaper+1"],"campfire_rested":1,"item_purchase_floors":[25,25,25,38],"current_hp_per_floor":[74,74,75,75,85,85,85,77,77,39,39,39,43,47,47,37,73,55,43,49,49,43,38,38,38,38,38,38,29,38,47,85,47,76,85,70,68,68,70,50,50,15,15,15,0,0],"gold":141,"neow_bonus":"THREE_ENEMY_KILL","is_daily":false,"chose_seed":false,"campfire_upgraded":5,"win_rate":0.0,"timestamp":1608820264,"path_taken":["M","?","M","$","?","E","R","E","T","E","?","?","M","E","R","BOSS","M","M","M","?","M","E","R","$","T","?","R","M","M","E","R","BOSS","M","?","M","$","M","E","R","E","T","?","M"],"items_purchased_type":["Card","Card","Card","Card"],"build_version":"2020-12-22","purchased_purges":3,"victory":false,"max_hp_per_floor":[75,75,75,75,85,85,85,85,85,85,85,85,85,85,85,85,85,85,85,85,85,85,85,85,85,85,85,85,85,85,85,85,85,85,85,85,85,85,85,85,85,85,85,85,85,85],"card_choices":[{"not_picked":["Clash","Armaments"],"picked":"Uppercut","floor":1.0},{"not_picked":["Ghostly Armor","Twin Strike"],"picked":"Shrug It Off","floor":3.0},{"not_picked":["Heavy Blade","Iron Wave"],"picked":"Seeing Red","floor":6.0},{"not_picked":["Iron Wave","Heavy Blade"],"picked":"Corruption","floor":8.0},{"not_picked":["Warcry","Twin Strike+1"],"picked":"Body Slam+1","floor":10.0},{"not_picked":["Heavy Blade+1","Havoc"],"picked":"Burning Pact","floor":13.0},{"not_picked":["Fire Breathing","True Grit"],"picked":"Impervious","floor":14.0},{"not_picked":["Reaper+1","Berserk"],"picked":"Immolate+1","floor":16.0},{"not_picked":["Havoc","Perfected Strike+1","Twin Strike+1"],"picked":"SKIP","floor":18.0},{"not_picked":["Perfected Strike+1","Thunderclap+1"],"picked":"Sword Boomerang+1","floor":19.0},{"not_picked":["Spot Weakness","Dual Wield","Iron Wave+1"],"picked":"SKIP","floor":20.0},{"not_picked":["Clothesline+1","Heavy Blade+1"],"picked":"Dropkick+1","floor":22.0},{"not_picked":["Juggernaut","Rage"],"picked":"Second Wind+1","floor":23.0},{"not_picked":["Wild Strike+1","Rage+1"],"picked":"Heavy Blade+1","floor":29.0},{"not_picked":["True Grit","Wild Strike+1"],"picked":"Pommel Strike+1","floor":30.0},{"not_picked":["Whirlwind+1","Wild Strike+1","Cleave+1"],"picked":"SKIP","floor":31.0},{"not_picked":["Reaper+1","Feed+1"],"picked":"Barricade","floor":33.0},{"not_picked":["Clash+1","Dual Wield"],"picked":"Sword Boomerang+1","floor":35.0},{"not_picked":["Wild Strike+1","Pummel+1","Pommel Strike+1"],"picked":"SKIP","floor":37.0},{"not_picked":["Wild Strike+1","Cleave+1","Clothesline+1"],"picked":"SKIP","floor":39.0},{"not_picked":["Armaments+1","Bludgeon+1","Fire Breathing"],"picked":"SKIP","floor":40},{"not_picked":["Seeing Red","True Grit","Dual Wield"],"picked":"SKIP","floor":42}],"player_experience":422677,"relics_obtained":[{"floor":5.0,"key":"Pear"},{"floor":6.0,"key":"Oddly Smooth Stone"},{"floor":8.0,"key":"Pen Nib"},{"floor":9.0,"key":"Molten Egg 2"},{"floor":10.0,"key":"Red Skull"},{"floor":14.0,"key":"Gambling Chip"},{"floor":23.0,"key":"Regal Pillow"},{"floor":26.0,"key":"Magic Flower"},{"floor":31.0,"key":"CaptainsWheel"},{"floor":40,"key":"Letter Opener"},{"floor":42,"key":"PreservedInsect"}],"event_choices":[{"damage_healed":0.0,"max_hp_gain":0.0,"max_hp_loss":0.0,"gold_gain":0.0,"event_name":"Accursed Blacksmith","player_choice":"Rummage","floor":2.0,"gold_loss":0.0,"damage_taken":0.0,"relics_obtained":["WarpedTongs"],"cards_obtained":["Pain"]},{"damage_healed":0.0,"max_hp_gain":0.0,"max_hp_loss":0.0,"gold_gain":0.0,"cards_transformed":["Strike_R"],"event_name":"Living Wall","player_choice":"Change","floor":11.0,"gold_loss":0.0,"damage_taken":0.0,"cards_obtained":["Dropkick"]},{"damage_healed":0.0,"max_hp_gain":0.0,"max_hp_loss":0.0,"gold_gain":0.0,"event_name":"Dead Adventurer","player_choice":"Searched \u00271\u0027 times","floor":12.0,"gold_loss":0.0,"damage_taken":0.0},{"damage_healed":0.0,"max_hp_gain":0.0,"max_hp_loss":0.0,"gold_gain":50.0,"event_name":"Nest","player_choice":"Stole From Cult","floor":21.0,"gold_loss":0.0,"damage_taken":0.0},{"damage_healed":0.0,"max_hp_gain":0.0,"max_hp_loss":0.0,"gold_gain":0.0,"event_name":"Ghosts","player_choice":"Ignored","floor":27.0,"gold_loss":0.0,"damage_taken":0.0},{"damage_healed":0.0,"max_hp_gain":0.0,"max_hp_loss":0.0,"gold_gain":0.0,"event_name":"Winding Halls","player_choice":"Embrace Madness","floor":36.0,"gold_loss":0.0,"damage_taken":15.0,"cards_obtained":["Madness","Madness"]},{"damage_healed":0,"gold_gain":0,"cards_transformed":["Strike_R"],"player_choice":"Transformed","damage_taken":0,"max_hp_gain":0,"max_hp_loss":0,"event_name":"Transmorgrifier","floor":44,"gold_loss":0,"cards_obtained":["Seeing Red"]}],"is_beta":false,"boss_relics":[{"not_picked":["SlaversCollar","Coffee Dripper"],"picked":"Philosopher\u0027s Stone"},{"not_picked":["Busted Crown","Pandora\u0027s Box"],"picked":"Astrolabe"}],"items_purged_floors":[4,25,38],"is_endless":false,"potions_floor_spawned":[3,6,10,16,19,22,23,29,33,35],"killed_by":"Maw","ascension_level":18}}