{"host":"mjau5a91be6b66g4","time":1608810659,"event":{"mods":["BaseMod","Minty Spire (QoL Compilation)","StSLib","The Animator","The Bug Knight","The Jungle"],"gold_per_floor":[114,114,131,150,150,150,185,106,106,123,133,133,133,149,149,247,247,264,189,104,129,119,119,119,119,119,129,139,139,149,162,162,257,257,277,289,289,36,49,49,65,65,65,65,80,91,91,103,103,103,103],"floor_reached":50,"playtime":1760,"items_purged":[],"score":498,"play_id":"2ff49117-17fc-4736-8d8f-ac7f29eaa7b5","local_time":"20201224195059","is_ascension_mode":false,"campfire_choices":[{"floor":6,"key":"REST"},{"data":"Armaments","floor":12,"key":"SMITH"},{"data":"Demon Form","floor":15,"key":"SMITH"},{"floor":23,"key":"REST"},{"data":"Rage","floor":25,"key":"SMITH"},{"data":"Heavy Blade","floor":29,"key":"SMITH"},{"floor":32,"key":"REST"},{"floor":40,"key":"REST"},{"floor":42,"key":"REST"},{"floor":47,"key":"REST"},{"floor":49,"key":"REST"}],"circlet_count":0,"master_deck":["Strike_R","Strike_R","Strike_R","Strike_R","Defend_R","Defend_R","Defend_R","Bash","Armaments+1","Carnage","Sword Boomerang","Pommel Strike","Feed","Flex","Thunderclap","Demon Form+1","Reaper","Rage+1","Heavy Blade+1","Twin Strike+1","Shrug It Off+1","Sword Boomerang","Clash","Double Tap+1","CurseOfTheBell","Flame Barrier+1","Inflame+1","Shrug It Off+1","Violence+1","Offering+1","Parasite","Twin Strike+1","Writhe","Iron Wave+1"],"relics":["Black Blood","NeowsBlessing","HollowMod:LifeEnderRelic","PreservedInsect","Incense Burner","Peace Pipe","Pantograph","FaceOfCleric","Toxic Egg 2","Calling Bell","Blood Vial","Frozen Egg 2","Thread and Needle","Membership Card","Calipers"],"acts_visited":["Exordium","TheCity","TheBeyond"],"potions_floor_usage":[16,16,16,16,27,33,33,33,39,41,41,50,50],"damage_taken":[{"damage":0,"enemies":"Jaw Worm","floor":1,"turns":1},{"damage":0,"enemies":"Small Slimes","floor":3,"turns":1},{"damage":0,"enemies":"Cultist","floor":4,"turns":1},{"damage":17,"enemies":"Gremlin Nob","floor":7,"turns":4},{"damage":0,"enemies":"Exordium Wildlife","floor":10,"turns":2},{"damage":12,"enemies":"Blue Slaver","floor":11,"turns":2},{"damage":4,"enemies":"2 Fungi Beasts","floor":14,"turns":2},{"damage":32,"enemies":"The Guardian","floor":16,"turns":8},{"damage":27,"enemies":"Spheric Guardian","floor":18,"turns":4},{"damage":40,"enemies":"2 Thieves","floor":22,"turns":4},{"damage":19,"enemies":"Chosen and Byrds","floor":27,"turns":5},{"damage":14,"enemies":"Centurion and Healer","floor":28,"turns":6},{"damage":32,"enemies":"Snake Plant","floor":30,"turns":5},{"damage":31,"enemies":"Cultist and Chosen","floor":31,"turns":8},{"damage":76,"enemies":"Champ","floor":33,"turns":11},{"damage":9,"enemies":"Orb Walker","floor":35,"turns":4},{"damage":53,"enemies":"3 Darklings","floor":36,"turns":6},{"damage":31,"enemies":"Transient","floor":39,"turns":5},{"damage":58,"enemies":"Writhing Mass","floor":41,"turns":6},{"damage":34,"enemies":"Jaw Worm Horde","floor":45,"turns":6},{"damage":43,"enemies":"Sphere and 2 Shapes","floor":46,"turns":6},{"damage":82,"enemies":"Writhing Mass","floor":48,"turns":6},{"damage":125,"enemies":"Donu and Deca","floor":50,"turns":8}],"seed_played":"2652082927394329246","potions_obtained":[{"floor":3,"key":"EntropicBrew"},{"floor":7,"key":"LiquidMemories"},{"floor":16,"key":"Swift Potion"},{"floor":18,"key":"PowerPotion"},{"floor":30,"key":"PowerPotion"},{"floor":31,"key":"EssenceOfSteel"},{"floor":33,"key":"SpeedPotion"},{"floor":36,"key":"Block Potion"},{"floor":39,"key":"Dexterity Potion"},{"floor":45,"key":"FearPotion"},{"floor":48,"key":"LiquidBronze"}],"is_trial":false,"path_per_floor":["M","?","M","M","?","R","E","$","T","M","M","R","T","M","R","B",null,"M","?","?","T","M","R","?","R","T","M","M","R","M","M","R","B",null,"M","M","?","$","M","R","M","R","T","?","M","M","R","M","R","B"],"character_chosen":"IRONCLAD","items_purchased":["Feed","Membership Card","Shrug It Off+1","Violence+1"],"campfire_rested":7,"item_purchase_floors":[8,38,38,38],"current_hp_per_floor":[80,73,79,80,68,80,69,69,69,78,72,72,72,77,77,68,86,71,71,71,71,55,80,80,80,80,90,91,91,72,57,85,39,97,98,79,79,79,63,93,50,80,80,101,93,68,101,34,67,0,0],"gold":103,"neow_bonus":"THREE_ENEMY_KILL","is_daily":false,"chose_seed":false,"campfire_upgraded":4,"win_rate":0.0,"timestamp":1608810659,"path_taken":["M","?","M","M","?","R","E","$","T","M","M","R","?","?","R","BOSS","M","?","?","?","M","R","?","R","T","M","M","R","M","M","R","BOSS","M","?","?","?","M","R","M","R","T","?","M","M","R","M","R","BOSS"],"items_purchased_type":["Card","Relic","Card","Card"],"build_version":"2020-12-22","purchased_purges":0,"victory":false,"max_hp_per_floor":[80,80,80,80,80,80,80,80,80,83,83,83,83,86,86,86,86,86,86,86,86,86,86,86,86,86,90,91,91,92,96,96,97,97,98,99,99,99,100,100,101,101,101,101,106,110,110,111,111,111,111],"card_choices":[{"not_picked":["Flex","Heavy Blade"],"picked":"Armaments","floor":1},{"not_picked":["Clothesline","Havoc"],"picked":"Carnage","floor":3},{"not_picked":["Shrug It Off","Blood for Blood"],"picked":"Sword Boomerang","floor":4},{"not_picked":["Uppercut","Clash"],"picked":"Pommel Strike","floor":7},{"not_picked":["Clothesline","Havoc"],"picked":"Flex","floor":10},{"not_picked":["Sword Boomerang","Warcry"],"picked":"Thunderclap","floor":11},{"not_picked":["Thunderclap","Havoc"],"picked":"Demon Form","floor":14},{"not_picked":["Exhume","Feed"],"picked":"Reaper","floor":16},{"not_picked":["True Grit","Wild Strike"],"picked":"Rage","floor":18},{"not_picked":["Anger+1","True Grit"],"picked":"Heavy Blade","floor":22},{"not_picked":["Searing Blow","Clothesline"],"picked":"Twin Strike+1","floor":27},{"not_picked":["Dark Embrace","Pommel Strike"],"picked":"Shrug It Off+1","floor":28},{"not_picked":["Body Slam","Havoc+1"],"picked":"Sword Boomerang","floor":30},{"not_picked":["Body Slam","Bludgeon"],"picked":"Clash","floor":31},{"not_picked":["Limit Break+1","Brutality"],"picked":"Double Tap+1","floor":33},{"not_picked":["Twin Strike","Rampage"],"picked":"Flame Barrier+1","floor":35},{"not_picked":["Sword Boomerang","Flame Barrier+1"],"picked":"Inflame+1","floor":36},{"not_picked":["Shrug It Off+1","Havoc+1"],"picked":"Offering+1","floor":39},{"not_picked":["Perfected Strike+1","Carnage+1"],"picked":"Twin Strike+1","floor":41},{"not_picked":["Pommel Strike+1","Body Slam"],"picked":"Iron Wave+1","floor":45},{"not_picked":["Perfected Strike+1","Uppercut","Havoc+1"],"picked":"SKIP","floor":46},{"not_picked":["Thunderclap","Juggernaut+1","Burning Pact+1"],"picked":"SKIP","floor":48}],"player_experience":214614,"relics_obtained":[{"floor":7,"key":"PreservedInsect"},{"floor":9,"key":"Incense Burner"},{"floor":13,"key":"Peace Pipe"},{"floor":26,"key":"Toxic Egg 2"},{"floor":34,"key":"Blood Vial"},{"floor":34,"key":"Frozen Egg 2"},{"floor":34,"key":"Thread and Needle"},{"floor":43,"key":"Calipers"}],"event_choices":[{"cards_removed":["Defend_R"],"damage_healed":0,"gold_gain":0,"player_choice":"Card Removal","damage_taken":7,"max_hp_gain":0,"max_hp_loss":0,"event_name":"Golden Wing","floor":2,"gold_loss":0},{"damage_healed":0,"gold_gain":0,"player_choice":"Success","damage_taken":12,"relics_obtained":["HollowMod:LifeEnderRelic"],"max_hp_gain":0,"max_hp_loss":0,"event_name":"Scrap Ooze","floor":5,"gold_loss":0},{"cards_removed":["Strike_R"],"damage_healed":0,"gold_gain":0,"player_choice":"Gave Gold","damage_taken":0,"max_hp_gain":0,"max_hp_loss":0,"event_name":"Beggar","floor":19,"gold_loss":75},{"damage_healed":0,"gold_gain":0,"player_choice":"Obtained Relic","damage_taken":0,"relics_obtained":["Pantograph"],"max_hp_gain":0,"max_hp_loss":0,"event_name":"Addict","floor":20,"gold_loss":85},{"damage_healed":0,"gold_gain":0,"player_choice":"Trade","damage_taken":0,"relics_obtained":["FaceOfCleric"],"max_hp_gain":0,"max_hp_loss":0,"event_name":"FaceTrader","floor":24,"gold_loss":0},{"damage_healed":0,"gold_gain":0,"player_choice":"0 cards matched","damage_taken":0,"max_hp_gain":0,"max_hp_loss":0,"event_name":"Match and Keep!","floor":37,"gold_loss":0,"cards_obtained":[]},{"damage_healed":25,"gold_gain":0,"player_choice":"Writhe","damage_taken":0,"max_hp_gain":0,"max_hp_loss":0,"event_name":"Winding Halls","floor":44,"gold_loss":0,"cards_obtained":["Writhe"]}],"is_beta":false,"boss_relics":[{"not_picked":["Astrolabe","Snecko Eye"],"picked":"Black Blood"},{"not_picked":["Philosopher\u0027s Stone","Runic Cube"],"picked":"Calling Bell"}],"items_purged_floors":[],"is_endless":false,"potions_floor_spawned":[3,7,16,18,30,31,33,36,39,45,48],"killed_by":"Donu and Deca","ascension_level":0}}