{"host":"15ff3ltgpietarej","time":1608831892,"event":{"mods":["BaseMod","Downfall","Highlight Path","Minty Spire (QoL Compilation)","StSLib"],"gold_per_floor":[111,124,124,124,199,239,239,278,278,278,311,323,335,365,377,512,524,549,587,623,651,684,696,708,708],"floor_reached":24,"playtime":1274,"items_purged":[],"score":257,"play_id":"5c27d7b4-7499-4cd4-b32f-f7a0436e33e4","local_time":"20201224184452","is_ascension_mode":true,"campfire_choices":[{"floor":10.0,"key":"REST"},{"floor":12.0,"key":"REST"},{"floor":15.0,"key":"REST"},{"floor":23.0,"key":"REST"}],"circlet_count":0,"master_deck":["Strike_G+1","Strike_G","Strike_G","Strike_G","Strike_G+1","Defend_G","Defend_G","Defend_G","Defend_G","Defend_G","Survivor+1","Neutralize","Infinite Blades","Footwork","Injury","Blade Dance","Bouncing Flask","Choke+1","Acrobatics","Burst","Flying Knee","Noxious Fumes","Dagger Spray"],"relics":["Ring of the Snake","Juzu Bracelet","Golden Idol","TungstenRod","Guardian:GemstoneGun","StrikeDummy","MawBank","Black Star","Whetstone"],"acts_visited":["Exordium","TheCity"],"potions_floor_usage":[24],"damage_taken":[{"damage":1.0,"enemies":"2 Louse","floor":1.0,"turns":3.0},{"damage":2.0,"enemies":"Small Slimes","floor":2.0,"turns":6.0},{"damage":10.0,"enemies":"3 Sentries","floor":6.0,"turns":11.0},{"damage":52.0,"enemies":"Gremlin Nob","floor":8.0,"turns":5.0},{"damage":12.0,"enemies":"3 Sentries","floor":11.0,"turns":9.0},{"damage":0.0,"enemies":"Jaw Worm","floor":14.0,"turns":4.0},{"damage":15.0,"enemies":"The Guardian","floor":16.0,"turns":13.0},{"damage":6.0,"enemies":"Chosen","floor":18.0,"turns":6.0},{"damage":22.0,"enemies":"Spheric Guardian","floor":20.0,"turns":7.0},{"damage":13.0,"enemies":"Shelled Parasite and Fungi","floor":21.0,"turns":8.0},{"damage":25.0,"enemies":"Snake Plant","floor":22.0,"turns":6.0},{"damage":30,"enemies":"3 Cultists","floor":24,"turns":4}],"seed_played":"889053287111624285","potions_obtained":[{"floor":2.0,"key":"Block Potion"},{"floor":11.0,"key":"Guardian:BlockOnCardUsePotion"},{"floor":13.0,"key":"LiquidMemories"},{"floor":13.0,"key":"SkillPotion"},{"floor":18.0,"key":"hexamod:EctoCoolerPotion"}],"is_trial":false,"path_per_floor":["M","M","?","?","?","E","?","E","T","R","E","R","?","M","R","B",null,"M","T","M","M","M","R","M"],"character_chosen":"THE_SILENT","items_purchased":[],"campfire_rested":4,"item_purchase_floors":[],"current_hp_per_floor":[69,67,53,53,42,32,55,3,3,24,12,33,33,33,54,39,70,64,64,42,29,4,25,0,0],"gold":708,"neow_bonus":"RANDOM_COMMON_RELIC","is_daily":false,"chose_seed":false,"campfire_upgraded":0,"win_rate":0.0,"timestamp":1608831892,"path_taken":["M","M","?","?","?","E","?","E","T","R","E","R","?","M","R","BOSS","M","?","M","M","M","R","M"],"items_purchased_type":[],"build_version":"2020-12-22","purchased_purges":0,"victory":false,"max_hp_per_floor":[70,70,70,70,70,70,70,70,70,70,70,70,70,70,70,70,70,70,70,70,70,70,70,70,70],"card_choices":[{"not_picked":["Prepared","Dash"],"picked":"Infinite Blades","floor":1.0},{"not_picked":["Underhanded Strike","Prepared"],"picked":"Footwork","floor":2.0},{"not_picked":["Poisoned Stab","PiercingWail"],"picked":"Blade Dance","floor":6.0},{"not_picked":["Flying Knee","Deflect"],"picked":"Bouncing Flask","floor":8.0},{"not_picked":["Heel Hook","Catalyst"],"picked":"Choke","floor":11.0},{"not_picked":["Bane","Flechettes"],"picked":"Acrobatics","floor":14.0},{"not_picked":["Glass Knife","Phantasmal Killer"],"picked":"Burst","floor":16.0},{"not_picked":["Dagger Spray","Tactician"],"picked":"Flying Knee","floor":18.0},{"not_picked":["Dagger Spray","Expertise","Quick Slash"],"picked":"SKIP","floor":20.0},{"not_picked":["Underhanded Strike+1","Deadly Poison"],"picked":"Noxious Fumes","floor":21.0},{"not_picked":["Reflex","Acrobatics+1"],"picked":"Dagger Spray","floor":22.0}],"player_experience":408708,"relics_obtained":[{"floor":6.0,"key":"TungstenRod"},{"floor":8.0,"key":"Guardian:GemstoneGun"},{"floor":9.0,"key":"StrikeDummy"},{"floor":11.0,"key":"MawBank"},{"floor":19.0,"key":"Whetstone"}],"event_choices":[{"damage_healed":0.0,"max_hp_gain":0.0,"max_hp_loss":0.0,"gold_gain":0.0,"event_name":"Shining Light","player_choice":"Entered Light","floor":3.0,"gold_loss":0.0,"damage_taken":14.0,"cards_upgraded":["Survivor","Strike_G"]},{"damage_healed":0.0,"max_hp_gain":0.0,"max_hp_loss":0.0,"gold_gain":0.0,"event_name":"Golden Idol","player_choice":"Take Wound","floor":4.0,"gold_loss":0.0,"damage_taken":0.0,"relics_obtained":["Golden Idol"],"cards_obtained":["Injury"]},{"damage_healed":0.0,"max_hp_gain":0.0,"max_hp_loss":0.0,"gold_gain":75.0,"event_name":"World of Goop","player_choice":"Gather Gold","floor":5.0,"gold_loss":0.0,"damage_taken":11.0},{"damage_healed":23.0,"max_hp_gain":0.0,"max_hp_loss":0.0,"gold_gain":0.0,"event_name":"Big Fish","player_choice":"Banana","floor":7.0,"gold_loss":0.0,"damage_taken":0.0},{"damage_healed":0.0,"max_hp_gain":0.0,"max_hp_loss":0.0,"gold_gain":0.0,"event_name":"Lab","player_choice":"Got Potions","floor":13.0,"gold_loss":0.0,"damage_taken":0.0}],"is_beta":false,"boss_relics":[{"not_picked":["Runic Pyramid","Pandora\u0027s Box"],"picked":"Black Star"}],"items_purged_floors":[],"is_endless":false,"potions_floor_spawned":[2,11,18],"killed_by":"3 Cultists","ascension_level":4}}