{"host":"1vysks8ssvkrgxm9","time":1608816096,"event":{"mods":["Always Whale","BaseMod","Lobotomy","Minty Spire (QoL Compilation)","StSLib","SuperFastMode"],"gold_per_floor":[109,29237,29250,28704,28753,28770,28803,28803,28803,28803,28816,28159,28174,28208,28208,28303,28303,28321,28337,27661,27661,27676,27703,27802,27819,27865,27878,27905,27240,27266,27282,27282,27383,27383,27401,27401,27421,26575,26575,25448,25483,25500,25500,25500,0,13,13,13,13,13,13],"floor_reached":52,"playtime":1659,"items_purged":["Shame","Strike_R","Defend_R","Defend_R","Defend_R","Defend_R","Strike_R"],"score":961,"play_id":"b999b8be-d818-4a5e-b62c-9c36329b1ebd","local_time":"20201224222136","is_ascension_mode":true,"campfire_choices":[{"data":"Armaments","floor":10,"key":"SMITH"},{"data":"Body Slam","floor":15,"key":"SMITH"},{"data":"Body Slam","floor":32,"key":"SMITH"},{"data":"Enlightenment","floor":44,"key":"SMITH"},{"data":"Armaments","floor":47,"key":"SMITH"},{"data":"Secret Weapon","floor":49,"key":"SMITH"}],"circlet_count":0,"master_deck":["Strike_R+1","Strike_R+1","Strike_R+1","Bash+1","Juggernaut","Sword Boomerang","Shrug It Off","Intimidate","Whirlwind","Armaments+1","Rage","Flame Barrier+1","Immolate","Body Slam+1","Juggernaut","Impervious+1","CurseOfTheBell","True Grit","Power Through","Body Slam+1","Disarm","Armaments+1","Ghostly Armor+1","Shrug It Off","Ghostly Armor","Battle Trance","Offering","Armaments+1","Enlightenment+1","Pommel Strike+1","Shrug It Off","Secret Weapon+1","Entrench+1","Body Slam+1"],"relics":["Burning Blood","Shuriken","TheAbacus","Whetstone","Vajra","Oddly Smooth Stone","Medical Kit","Lantern","Turnip","Juzu Bracelet","Bag of Marbles","Ancient Tea Set","Anchor","Calling Bell","War Paint","Gremlin Horn","Mango","Strawberry","Bag of Preparation","Lee\u0027s Waffle","Dream Catcher","Orichalcum","Mercury Hourglass","Blood Vial","Boot","Happy Flower","Mark of Pain","Kunai","Sling","Letter Opener","Strange Spoon","Mummified Hand","Unceasing Top","Regal Pillow","Singing Bowl","Red Mask"],"acts_visited":["Exordium","TheCity","TheBeyond"],"potions_floor_usage":[27,28,28,50],"damage_taken":[{"damage":6,"enemies":"Cultist","floor":1,"turns":4},{"damage":7,"enemies":"2 Louse","floor":3,"turns":3},{"damage":0,"enemies":"Jaw Worm","floor":6,"turns":3},{"damage":3,"enemies":"3 Sentries","floor":7,"turns":4},{"damage":10,"enemies":"Looter","floor":11,"turns":3},{"damage":0,"enemies":"Blue Slaver","floor":13,"turns":3},{"damage":17,"enemies":"Lagavulin","floor":14,"turns":4},{"damage":2,"enemies":"Slime Boss","floor":16,"turns":6},{"damage":0,"enemies":"Chosen","floor":18,"turns":3},{"damage":0,"enemies":"3 Byrds","floor":19,"turns":3},{"damage":4,"enemies":"Centurion and Healer","floor":22,"turns":4},{"damage":38,"enemies":"Gremlin Leader","floor":23,"turns":6},{"damage":40,"enemies":"Cultist and Chosen","floor":25,"turns":7},{"damage":4,"enemies":"Shelled Parasite and Fungi","floor":27,"turns":3},{"damage":2,"enemies":"Slavers","floor":28,"turns":5},{"damage":16,"enemies":"Book of Stabbing","floor":30,"turns":6},{"damage":1,"enemies":"Snake Plant","floor":31,"turns":3},{"damage":7,"enemies":"Collector","floor":33,"turns":7},{"damage":6,"enemies":"Orb Walker","floor":35,"turns":3},{"damage":0,"enemies":"3 Shapes","floor":37,"turns":2},{"damage":0,"enemies":"Nemesis","floor":41,"turns":3},{"damage":0,"enemies":"Sphere and 2 Shapes","floor":42,"turns":2},{"damage":18,"enemies":"Spire Growth","floor":46,"turns":3},{"damage":32,"enemies":"Awakened One","floor":50,"turns":12}],"seed_played":"8142113861747088558","potions_obtained":[{"floor":1,"key":"EssenceOfSteel"},{"floor":28,"key":"Energy Potion"}],"is_trial":false,"path_per_floor":["M","$","M","$","T","M","E","?","T","R","M","$","M","E","R","B",null,"M","M","$","?","M","E","?","M","T","M","E","$","E","M","R","B",null,"M","?","M","$","?","$","E","M","T","R","?","M","R","?","R","B",null,null],"character_chosen":"IRONCLAD","items_purchased":["Shrug It Off","Shuriken","TheAbacus","Intimidate","Whetstone","SteroidPotion","DuplicationPotion","Vajra","Oddly Smooth Stone","Medical Kit","Flame Barrier","Bag of Marbles","Ancient Tea Set","Immolate","Strawberry","Bag of Preparation","Lee\u0027s Waffle","Power Through","Shrug It Off","Blood Vial","Boot","Ghostly Armor","FearPotion","FearPotion","Kunai","Sling","Letter Opener","Strange Spoon","Mummified Hand","Unceasing Top","Shrug It Off","Secret Weapon"],"campfire_rested":0,"item_purchase_floors":[2,2,2,2,2,2,2,4,4,4,12,12,12,12,20,20,20,20,29,29,29,29,29,29,38,38,38,40,40,40,40,40],"current_hp_per_floor":[80,80,79,79,79,80,80,64,64,64,60,60,66,55,55,59,94,94,94,108,108,108,76,76,42,42,44,48,48,40,47,47,48,108,108,108,108,108,108,108,108,108,108,108,108,98,98,98,98,74,74],"gold":13,"neow_bonus":"THREE_RARE_CARDS","is_daily":false,"chose_seed":false,"campfire_upgraded":6,"win_rate":0.0,"timestamp":1608816096,"path_taken":["M","$","M","$","?","M","E","?","T","R","M","?","M","E","R","BOSS","M","M","$","?","M","E","?","M","T","M","E","$","E","M","R","BOSS","M","?","M","$","?","$","E","M","T","R","?","M","R","?","R","BOSS"],"items_purchased_type":["Card","Relic","Relic","Card","Relic","Potion","Potion","Relic","Relic","Relic","Card","Relic","Relic","Card","Relic","Relic","Relic","Card","Card","Relic","Relic","Card","Potion","Potion","Relic","Relic","Relic","Relic","Relic","Relic","Card","Card"],"build_version":"2020-12-22","purchased_purges":7,"victory":true,"max_hp_per_floor":[80,80,80,80,80,80,80,80,80,80,80,80,80,80,80,80,94,94,94,108,108,108,108,108,108,108,108,108,108,108,108,108,108,108,108,108,108,108,108,108,108,108,108,108,108,110,110,104,104,104,104],"card_choices":[{"not_picked":["Double Tap","Berserk"],"picked":"Juggernaut","floor":0},{"not_picked":["Clash","Seeing Red"],"picked":"Sword Boomerang","floor":1},{"not_picked":["Rupture","Perfected Strike"],"picked":"Whirlwind","floor":3},{"not_picked":["Wild Strike","Anger"],"picked":"Armaments","floor":6},{"not_picked":["Perfected Strike","Evolve","Fire Breathing"],"picked":"SKIP","floor":7},{"not_picked":["Feel No Pain","Warcry"],"picked":"Rage","floor":11},{"not_picked":["Clothesline","Havoc"],"picked":"Body Slam","floor":13},{"not_picked":["Anger","Pummel"],"picked":"Juggernaut","floor":14},{"not_picked":["Limit Break","Corruption"],"picked":"Impervious","floor":16},{"not_picked":["Dropkick","Cleave"],"picked":"True Grit","floor":18},{"not_picked":["Anger+1","Sever Soul+1","Fire Breathing+1"],"picked":"SKIP","floor":19},{"not_picked":["Perfected Strike","Heavy Blade"],"picked":"Disarm","floor":22},{"not_picked":["Clash+1","Searing Blow+1"],"picked":"Armaments","floor":23},{"not_picked":["Perfected Strike","Clothesline","Searing Blow"],"picked":"SKIP","floor":25},{"not_picked":["Rampage","Thunderclap"],"picked":"Ghostly Armor+1","floor":27},{"not_picked":["Cleave","Juggernaut","Shockwave"],"picked":"SKIP","floor":28},{"not_picked":["Reckless Charge+1","Blood for Blood"],"picked":"Battle Trance","floor":30},{"not_picked":["Dark Embrace","Perfected Strike","Warcry"],"picked":"SKIP","floor":31},{"not_picked":["Impervious","Bludgeon"],"picked":"Offering","floor":33},{"not_picked":["Clash+1","Second Wind"],"picked":"Armaments+1","floor":35},{"not_picked":["Discovery","Good Instincts"],"picked":"Enlightenment","floor":36},{"not_picked":["Rage+1","Uppercut+1"],"picked":"Pommel Strike+1","floor":37},{"not_picked":["Feel No Pain+1","Evolve"],"picked":"Entrench+1","floor":41},{"not_picked":["Twin Strike","Warcry"],"picked":"Body Slam+1","floor":42},{"not_picked":["True Grit+1","Thunderclap","Heavy Blade+1"],"picked":"Singing Bowl","floor":46}],"player_experience":46359,"relics_obtained":[{"floor":5,"key":"Lantern"},{"floor":7,"key":"Turnip"},{"floor":9,"key":"Juzu Bracelet"},{"floor":14,"key":"Anchor"},{"floor":17,"key":"War Paint"},{"floor":17,"key":"Gremlin Horn"},{"floor":17,"key":"Mango"},{"floor":23,"key":"Dream Catcher"},{"floor":26,"key":"Orichalcum"},{"floor":28,"key":"Mercury Hourglass"},{"floor":30,"key":"Happy Flower"},{"floor":41,"key":"Regal Pillow"},{"floor":43,"key":"Singing Bowl"}],"event_choices":[{"damage_healed":0,"gold_gain":0,"player_choice":"Entered Light","damage_taken":16,"max_hp_gain":0,"max_hp_loss":0,"event_name":"Shining Light","floor":8,"gold_loss":0,"cards_upgraded":["Bash","Strike_R"]},{"damage_healed":0,"gold_gain":0,"player_choice":"Read","damage_taken":0,"max_hp_gain":0,"max_hp_loss":0,"event_name":"The Library","floor":21,"gold_loss":0,"cards_obtained":["Body Slam"]},{"damage_healed":0,"gold_gain":99,"player_choice":"Stole From Cult","damage_taken":0,"max_hp_gain":0,"max_hp_loss":0,"event_name":"Nest","floor":24,"gold_loss":0},{"damage_healed":0,"gold_gain":0,"player_choice":"Memory 1","damage_taken":0,"max_hp_gain":0,"max_hp_loss":0,"event_name":"SensoryStone","floor":36,"gold_loss":0},{"damage_healed":0,"gold_gain":0,"player_choice":"Ignored","damage_taken":0,"max_hp_gain":0,"max_hp_loss":0,"event_name":"SecretPortal","floor":39,"gold_loss":0},{"damage_healed":0,"gold_gain":0,"player_choice":"Paid","damage_taken":0,"relics_obtained":["Red Mask"],"max_hp_gain":0,"max_hp_loss":0,"event_name":"Tomb of Lord Red Mask","floor":45,"gold_loss":25500},{"damage_healed":0,"gold_gain":0,"player_choice":"Max HP","damage_taken":0,"max_hp_gain":0,"max_hp_loss":6,"event_name":"Winding Halls","floor":48,"gold_loss":0}],"is_beta":false,"boss_relics":[{"not_picked":["Fusion Hammer","Runic Dome"],"picked":"Calling Bell"},{"not_picked":["Sozu","Coffee Dripper"],"picked":"Mark of Pain"}],"items_purged_floors":[2,4,12,20,29,38,40],"is_endless":false,"potions_floor_spawned":[1,7,11,18,23,28,41,42],"ascension_level":1}}