{"host":"1lcvmslm5dvu1wk7","time":1608303210,"event":{"mods":["BaseMod","Colored Powertips","Minty Spire (QoL Compilation)","Remilia£®¿Ÿ√◊¿Ú—«£©","Shop Mod","StSLib"],"gold_per_floor":[111,121,46,46,21,21,41,66,66,92,92,17,42,58,58,136,136,146,146,166,81,81,109,25,57,57,83,102,122,136,136,136],"floor_reached":31,"playtime":2025,"items_purged":["Defend_RM"],"score":805,"play_id":"3b282a2a-9fd8-4c99-84ca-1a933802ba66","local_time":"20201218225330","is_ascension_mode":true,"campfire_choices":[{"data":"ScarletShoot","floor":6.0,"key":"SMITH"},{"data":"ForecastOfChange","floor":11.0,"key":"SMITH"},{"data":"ScarletGensokyo","floor":15.0,"key":"SMITH"}],"circlet_count":0,"master_deck":["AscendersBane","Strike_RM","Strike_RM","Strike_RM","Strike_RM","Defend_RM+1","Defend_RM","RedMoon+1","ScarletShoot+1","ForecastOfChange+1","EndlessAdversity","EndlessAdversity","ScarletGensokyo+1","BloodyMagicSquare+1","BloodySeventeenLaser","ScarletSymphony","DiffusionOfMisfortune","ScarletSymphony","TransientEternity","GlobalNightmare","SuperhumanBloodyKnife","ForbiddenFruit","ScarletImprint"],"relics":["ScarletHat","Dead Branch","HornCleat","MealTicket","Omamori","ScarletEmblem","MutagenicStrength","Nunchaku","Ice Cream","Akabeko","Singing Bowl","Ornamental Fan","The Courier"],"acts_visited":["Exordium","TheCity"],"potions_floor_usage":[],"damage_taken":[{"damage":0.0,"enemies":"Jaw Worm","floor":1.0,"turns":3.0},{"damage":0.0,"enemies":"Small Slimes","floor":2.0,"turns":6.0},{"damage":0.0,"enemies":"2 Louse","floor":7.0,"turns":3.0},{"damage":14.0,"enemies":"3 Sentries","floor":8.0,"turns":8.0},{"damage":16.0,"enemies":"Lagavulin","floor":10.0,"turns":5.0},{"damage":12.0,"enemies":"Gremlin Nob","floor":13.0,"turns":5.0},{"damage":3.0,"enemies":"Blue Slaver","floor":14.0,"turns":3.0},{"damage":81.0,"enemies":"Slime Boss","floor":16.0,"turns":6.0},{"damage":32.0,"enemies":"3 Byrds","floor":18.0,"turns":5.0},{"damage":10.0,"enemies":"2 Thieves","floor":20.0,"turns":2.0},{"damage":9.0,"enemies":"Slavers","floor":23.0,"turns":2.0},{"damage":15.0,"enemies":"Book of Stabbing","floor":25.0,"turns":3.0},{"damage":9.0,"enemies":"Gremlin Leader","floor":27.0,"turns":3.0},{"damage":70,"enemies":"Centurion and Healer","floor":28,"turns":2},{"damage":3,"enemies":"Snecko","floor":29,"turns":1},{"damage":2,"enemies":"Sentry and Sphere","floor":30,"turns":1},{"damage":3,"enemies":"Colosseum Slavers","floor":31,"turns":1}],"seed_played":"9202594962252831420","potions_obtained":[{"floor":1.0,"key":"ColorlessPotion"},{"floor":8.0,"key":"ColorlessPotion"},{"floor":14.0,"key":"PowerPotion"},{"floor":25.0,"key":"Ancient Potion"},{"floor":28,"key":"Swift Potion"}],"is_trial":false,"path_per_floor":["M","M","?","?","$","R","M","E","T","E","R","$","E","M","R","B",null,"M","?","M","?","T","E","$","E","T","E","M","M","M","?"],"character_chosen":"REMILIA","items_purchased":["EndlessAdversity","TransientEternity"],"campfire_rested":0,"item_purchase_floors":[5,24],"current_hp_per_floor":[63,70,70,49,49,49,49,42,42,32,32,47,40,41,41,15,56,24,24,15,15,15,9,24,17,17,12,6,3,3,0,0],"gold":136,"neow_bonus":"ONE_RANDOM_RARE_CARD","is_daily":false,"chose_seed":false,"campfire_upgraded":3,"win_rate":0.0,"timestamp":1608303210,"path_taken":["M","M","?","?","$","R","M","E","T","E","R","$","E","M","R","BOSS","M","?","M","?","?","E","$","E","T","E","?","M","M","?"],"items_purchased_type":["Card","Card"],"build_version":"2020-12-13","purchased_purges":1,"victory":false,"max_hp_per_floor":[70,70,70,70,70,70,70,70,70,70,70,70,70,70,70,70,70,70,70,70,70,70,70,70,70,70,70,70,70,72,72,72],"card_choices":[{"not_picked":["Stigmanizer","BloodHunter","RedRainbow"],"picked":"SKIP","floor":1.0},{"not_picked":["VampireFantasy","ScarletDevil","BlasphemousPunishment"],"picked":"SKIP","floor":2.0},{"not_picked":["NightLord","CurseOfVladTepes"],"picked":"EndlessAdversity","floor":7.0},{"not_picked":["ScarletDevil","RedMagic","BlasphemousPunishment"],"picked":"SKIP","floor":8.0},{"not_picked":["BombardNight","FavorOfDestiny","BloodHunter"],"picked":"SKIP","floor":10.0},{"not_picked":["RedRainbow","BloodyHallows"],"picked":"ScarletGensokyo","floor":13.0},{"not_picked":["ScarletDevil","CharismaGuard"],"picked":"BloodyMagicSquare","floor":14.0},{"not_picked":["KillingBlow","ChaoticDestiny"],"picked":"BloodySeventeenLaser","floor":16.0},{"not_picked":["UltimateOffering","Stigmanizer"],"picked":"ScarletSymphony","floor":18.0},{"not_picked":["ScarletDevilSign","EternalNight"],"picked":"DiffusionOfMisfortune","floor":20.0},{"not_picked":["NightDance","NightLord"],"picked":"ScarletSymphony","floor":23.0},{"not_picked":["BloodHunter","FavorOfDestiny"],"picked":"GlobalNightmare","floor":25.0},{"not_picked":["CharismaGuard","FitfulNightmare"],"picked":"SuperhumanBloodyKnife","floor":27.0},{"not_picked":["DiffusionOfMisfortune+1","FavorOfDestiny"],"picked":"ForbiddenFruit","floor":28},{"not_picked":["RedRainbow","CharismaGuard+1"],"picked":"ScarletImprint","floor":29},{"not_picked":["VampireKiss","MiserableFate","EmergencyRegeneration"],"picked":"Singing Bowl","floor":30}],"player_experience":210947,"relics_obtained":[{"floor":8.0,"key":"Dead Branch"},{"floor":9.0,"key":"HornCleat"},{"floor":10.0,"key":"MealTicket"},{"floor":13.0,"key":"Omamori"},{"floor":22.0,"key":"Ice Cream"},{"floor":23.0,"key":"Akabeko"},{"floor":25.0,"key":"Singing Bowl"},{"floor":26.0,"key":"Ornamental Fan"},{"floor":27.0,"key":"The Courier"}],"event_choices":[{"cards_removed":["Defend_RM"],"damage_healed":0.0,"max_hp_gain":0.0,"max_hp_loss":0.0,"gold_gain":0.0,"event_name":"The Cleric","player_choice":"Card Removal","floor":3.0,"gold_loss":75.0,"damage_taken":0.0},{"damage_healed":0.0,"max_hp_gain":0.0,"max_hp_loss":0.0,"gold_gain":0.0,"event_name":"Shining Light","player_choice":"Entered Light","floor":4.0,"gold_loss":0.0,"damage_taken":21.0,"cards_upgraded":["RedMoon","Defend_RM"]},{"damage_healed":0.0,"max_hp_gain":0.0,"max_hp_loss":0.0,"gold_gain":0.0,"event_name":"Drug Dealer","player_choice":"Inject Mutagens","floor":19.0,"gold_loss":0.0,"damage_taken":0.0,"relics_obtained":["MutagenicStrength"]},{"damage_healed":0.0,"max_hp_gain":0.0,"max_hp_loss":0.0,"gold_gain":0.0,"event_name":"Addict","player_choice":"Obtained Relic","floor":21.0,"gold_loss":85.0,"damage_taken":0.0,"relics_obtained":["Nunchaku"]},{"damage_healed":0,"gold_gain":0,"player_choice":"Fight","damage_taken":0,"max_hp_gain":0,"max_hp_loss":0,"event_name":"Colosseum","floor":31,"gold_loss":0}],"is_beta":false,"boss_relics":[{"not_picked":["Philosopher\u0027s Stone","APieceOfRedMist"],"picked":"ScarletEmblem"}],"items_purged_floors":[12],"is_endless":false,"potions_floor_spawned":[1,8,13,14,20,25,28],"killed_by":"Colosseum Slavers","ascension_level":19}}