{"host":"u3vur0jk0faz0no6","time":1608275753,"event":{"mods":["BaseMod","Better Skull","Better Third Choice","BetterRewards","Colored Map","Colored Powertips","Defective Defect","Hermit","Highlight Path","Infinite Spire","Minty Spire (QoL Compilation)","Rare Cards Sparkle","Relic Sorter","Relic Stats","Replay The Spire","Shade Mod","Shop Mod","StSLib","SuperFastMode","The Druid","The Hierophant","The Jungle","The Necromancer","The Runesmith","everything is the same but u backflip on backflip","slay the spire mod where everything is the same but ironclad has a cowboy hat"],"gold_per_floor":[114,114,130,130,130,161,161,172,172,207,227,227,227,260,260,260,260],"floor_reached":16,"playtime":325,"items_purged":[],"score":250,"play_id":"4ee47376-1ebd-43a8-af64-70fbc1026c73","local_time":"20201218011553","is_ascension_mode":true,"campfire_choices":[{"data":"Zap","floor":7,"key":"SMITH"},{"data":"Dualcast","floor":13,"key":"SMITH"},{"floor":15,"key":"REST"}],"circlet_count":0,"master_deck":["AscendersBane","Strike_B","Strike_B","Strike_B","Strike_B","Defend_B","Defend_B","Defend_B","Defend_B","Zap+1","Dualcast+1","Sweeping Beam","Leap","Storm","ReplayRNGCard","Melter"],"relics":["Cracked Core","NeowsBlessing","Onion Ring","Ice Cream","infinitespire:Eraser","WingedGreaves","Shuriken"],"acts_visited":["Exordium"],"potions_floor_usage":[10,14,16],"damage_taken":[{"damage":0,"enemies":"Cultist","floor":1,"turns":1},{"damage":0,"enemies":"2 Louse","floor":3,"turns":1},{"damage":0,"enemies":"3 Sentries","floor":6,"turns":2},{"damage":0,"enemies":"Jaw Worm","floor":8,"turns":3},{"damage":6,"enemies":"Lagavulin","floor":10,"turns":7},{"damage":7,"enemies":"Red Slaver","floor":11,"turns":4},{"damage":38,"enemies":"Gremlin Nob","floor":14,"turns":4},{"damage":40,"enemies":"Hexaghost","floor":16,"turns":11}],"seed_played":"-2849934149511391104","potions_obtained":[{"floor":1,"key":"Fire Potion"},{"floor":10,"key":"BlessingOfTheForge"},{"floor":14,"key":"DuplicationPotion"}],"is_trial":false,"path_per_floor":["M","T","M","$","?","E","R","M","T","E","M","$","R","E","R","B"],"character_chosen":"DEFECT","items_purchased":[],"campfire_rested":1,"item_purchase_floors":[],"current_hp_per_floor":[64,64,64,64,64,64,64,64,64,58,51,51,51,13,34,0,0],"gold":260,"neow_bonus":"THREE_ENEMY_KILL","is_daily":false,"chose_seed":false,"campfire_upgraded":2,"win_rate":0.0,"timestamp":1608275753,"path_taken":["M","?","M","$","?","E","R","M","T","E","M","?","R","E","R","BOSS"],"items_purchased_type":[],"build_version":"2020-12-13","purchased_purges":0,"victory":false,"max_hp_per_floor":[71,71,71,71,71,71,71,71,71,71,71,71,71,71,71,71,71],"relic_stats":{"counters":[16,50],"Shuriken":[1],"obtain_stats":[{"Ice Cream":6,"Calipers":6,"NeowsBlessing":0,"Shuriken":14,"Onion Ring":2,"WingedGreaves":10,"infinitespire:Eraser":9,"Cracked Core":0,"TungstenRod":9},{"Ice Cream":11,"Calipers":4,"NeowsBlessing":0,"Shuriken":15,"Onion Ring":9,"WingedGreaves":13,"infinitespire:Eraser":12,"Cracked Core":0,"TungstenRod":5},{"Ice Cream":21,"Calipers":7,"NeowsBlessing":0,"Shuriken":39,"Onion Ring":18,"WingedGreaves":31,"infinitespire:Eraser":24,"Cracked Core":0,"TungstenRod":10}]},"card_choices":[{"not_picked":["Panic Button","Barrage"],"picked":"Sweeping Beam","floor":1},{"not_picked":["Panic Button","Gash"],"picked":"Leap","floor":3},{"not_picked":["Go for the Eyes","FTL"],"picked":"Storm","floor":6},{"not_picked":["Stack","Rebound","BasicCrystalCard"],"picked":"SKIP","floor":8},{"not_picked":["Conserve Battery","Buffer"],"picked":"ReplayRNGCard","floor":10},{"not_picked":["ReplayTheSpireMod:GoodbyeWorld","Beam Cell","Barrage"],"picked":"SKIP","floor":11},{"not_picked":["Go for the Eyes","ReplayTheSpireMod:Repulse"],"picked":"Melter","floor":14}],"player_experience":1942355,"relics_obtained":[{"floor":2,"key":"Onion Ring"},{"floor":6,"key":"Ice Cream"},{"floor":9,"key":"infinitespire:Eraser"},{"floor":10,"key":"WingedGreaves"},{"floor":14,"key":"Shuriken"}],"event_choices":[],"is_beta":false,"boss_relics":[],"items_purged_floors":[],"is_endless":false,"potions_floor_spawned":[1,10,14],"killed_by":"Hexaghost","ascension_level":15}}