{"host":"3c27c697js19kaoo","time":1608278067,"event":{"mods":["BaseMod","Dota2Spire","Hermit","Minty Spire (QoL Compilation)","Quick Restart","Remilia£®¿Ÿ√◊¿Ú—«£©","Replay The Spire","Robot Space Explorer","Spicy Shops","StSLib","The Alterego","The Cursed","The Servant 0.9.4","vexMod","°æ“≈ŒÔø®≈∆°øREMEMod"],"gold_per_floor":[109,109,109,124,144,144,185,204,229,229,250,250,510,153,153,274,274,290,230,230,70,70,70,101,126,126,126,126],"floor_reached":27,"playtime":733,"items_purged":["Hallucinations"],"score":229,"play_id":"638e5c25-616d-49e2-a95e-e3e55b85c1f7","local_time":"20201218155427","is_ascension_mode":false,"campfire_choices":[{"data":"RobotSpaceExplorer:Multitool","floor":6,"key":"SMITH"},{"data":"Backstab","floor":10,"key":"SMITH"},{"data":"Flying Knee","floor":12,"key":"SMITH"},{"floor":15,"key":"DIG"},{"data":"Specialist","floor":23,"key":"SMITH"}],"circlet_count":0,"master_deck":["Strike_G","Strike_G","Strike_G","Strike_G","Strike_G","Defend_G","Defend_G","Defend_G","Defend_G","Defend_G","Survivor","Neutralize","RobotSpaceExplorer:Multitool+1","Backstab+1","Slice","Flying Knee+1","Quick Slash","A Thousand Cuts","A Thousand Cuts","Specialist+1","Prepared+1"],"relics":["Ring of the Serpent","REME_ComplimentaryCards","NeowsBlessing","Golden Idol","REME_HandOfSuture","Blue Doll","ReplayTheSpireMod:CursedCoin","Toxic Egg 2","MealTicket","ReplayTheSpireMod:Lightbulb","Lantern","Vajra","Eternal Feather"],"acts_visited":["Exordium","TheCity"],"potions_floor_usage":[7,16,16,27],"damage_taken":[{"damage":0,"enemies":"Small Slimes","floor":1,"turns":1},{"damage":0,"enemies":"2 Louse","floor":4,"turns":1},{"damage":0,"enemies":"Cultist","floor":5,"turns":1},{"damage":6,"enemies":"Lagavulin","floor":7,"turns":8},{"damage":0,"enemies":"Blue Slaver","floor":8,"turns":2},{"damage":0,"enemies":"Large Slime","floor":11,"turns":4},{"damage":1,"enemies":"Slime Boss","floor":16,"turns":5},{"damage":2,"enemies":"Chosen","floor":18,"turns":6},{"damage":32,"enemies":"Gremlin Leader","floor":24,"turns":5},{"damage":0,"enemies":"Spheric Guardian","floor":25,"turns":1},{"damage":38,"enemies":"Book of Stabbing","floor":27,"turns":4}],"seed_played":"-2524234031938388472","potions_obtained":[{"floor":3,"key":"Dota2Spire:HealingSalve"},{"floor":3,"key":"Dota2Spire:HealingSalve"},{"floor":3,"key":"LiquidMemories"},{"floor":7,"key":"GhostInAJar"},{"floor":11,"key":"AttackPotion"},{"floor":25,"key":"Swift Potion"}],"is_trial":false,"path_per_floor":["M","?","?","M","M","R","E","M","T","R","M","R","?","$","R","B",null,"M","?","?","$","?","R","E","M","T","E"],"character_chosen":"THE_SILENT","items_purchased":["ReplayTheSpireMod:CursedCoin","A Thousand Cuts","Toxic Egg 2","MealTicket","Specialist","Lantern"],"campfire_rested":0,"item_purchase_floors":[14,14,14,14,21,21],"current_hp_per_floor":[70,65,65,65,65,65,59,59,59,59,59,59,59,59,59,58,65,63,63,63,65,65,65,33,33,33,0,0],"gold":126,"neow_bonus":"THREE_ENEMY_KILL","is_daily":false,"chose_seed":false,"campfire_upgraded":4,"win_rate":0.0,"timestamp":1608278067,"path_taken":["M","?","?","?","M","R","E","M","T","R","M","R","?","$","R","BOSS","M","?","?","$","?","R","E","?","T","E"],"items_purchased_type":["Relic","Card","Relic","Relic","Card","Relic"],"build_version":"2020-12-13","purchased_purges":1,"victory":false,"max_hp_per_floor":[70,65,65,65,65,65,65,65,65,65,65,65,65,65,65,65,65,65,65,65,65,65,65,65,65,65,65,65],"card_choices":[{"not_picked":["Dagger Throw","Riddle With Holes"],"picked":"Backstab","floor":1},{"not_picked":["Cloak And Dagger","Poisoned Stab"],"picked":"Slice","floor":4},{"not_picked":["ReplayTheSpireMod:Shiv Toss","Crippling Poison","Slice"],"picked":"SKIP","floor":5},{"not_picked":["Predator","Bane","Sucker Punch"],"picked":"SKIP","floor":7},{"not_picked":["Bane","Cloak And Dagger","Dagger Throw"],"picked":"SKIP","floor":8},{"not_picked":["Eviscerate","Acrobatics"],"picked":"Flying Knee","floor":11},{"not_picked":["Terror","Slice"],"picked":"Quick Slash","floor":13},{"not_picked":["Cloak And Dagger+1","Expertise+1","Riddle With Holes"],"picked":"SKIP","floor":18},{"not_picked":["Hidden Blade+1","Accuracy"],"picked":"Prepared+1","floor":24},{"not_picked":["Catalyst+1","Choke","Finisher"],"picked":"SKIP","floor":25}],"player_experience":133869,"relics_obtained":[{"floor":7,"key":"REME_HandOfSuture"},{"floor":9,"key":"Blue Doll"},{"floor":15,"key":"ReplayTheSpireMod:Lightbulb"},{"floor":24,"key":"Vajra"},{"floor":26,"key":"Eternal Feather"}],"event_choices":[{"damage_healed":0,"gold_gain":0,"player_choice":"Lose Max HP","damage_taken":0,"relics_obtained":["Golden Idol"],"max_hp_gain":0,"max_hp_loss":5,"event_name":"Golden Idol","floor":2,"gold_loss":0},{"damage_healed":0,"gold_gain":0,"player_choice":"Got Potions","damage_taken":0,"max_hp_gain":0,"max_hp_loss":0,"event_name":"Lab","floor":3,"gold_loss":0},{"damage_healed":0,"gold_gain":0,"player_choice":"Ignored","damage_taken":0,"max_hp_gain":0,"max_hp_loss":0,"event_name":"Ghosts","floor":20,"gold_loss":0},{"damage_healed":0,"gold_gain":0,"player_choice":"Ignored","damage_taken":0,"max_hp_gain":0,"max_hp_loss":0,"event_name":"Vampires","floor":22,"gold_loss":0}],"is_beta":false,"boss_relics":[{"not_picked":["ReplayTheSpireMod:DimensionalGlitch","Runic Dome"],"picked":"Ring of the Serpent"}],"items_purged_floors":[14],"is_endless":false,"potions_floor_spawned":[5,7,8,11,25],"killed_by":"Book of Stabbing","ascension_level":0}}