{"host":"z60ck2mpr6goyib8","time":1608293988,"event":{"mods":["BaseMod","Best Route Mod","Bestiary","Better Third Choice","Block Reminder","Colored Map","Colored Powertips","Googly Eyes","Minty Spire (QoL Compilation)","Quick Restart","Relic Stats","Slay-I","StSLib","everything is the same but u backflip on backflip"],"gold_per_floor":[119,119,119,137,13,13,13,39,39,64,74,74,7,36,36,133,133,152,152,165,165,3,30,44,44,69,83,83,100,127,127,127,232,232,252,271,271,283,283,316,336,353,353,378,35,35,46,57,57,57],"floor_reached":51,"playtime":1906,"items_purged":["Defend_R","Shame"],"score":1140,"play_id":"a0ca36b4-20b5-473c-b32d-6a71727eb37b","local_time":"20201218121948","is_ascension_mode":true,"campfire_choices":[{"data":"Spot Weakness","floor":6.0,"key":"SMITH"},{"data":"Flame Barrier","floor":12.0,"key":"SMITH"},{"data":"Disarm","floor":15.0,"key":"SMITH"},{"data":"Double Tap","floor":28.0,"key":"SMITH"},{"data":"Immolate","floor":32.0,"key":"SMITH"},{"data":"Limit Break","floor":49.0,"key":"SMITH"}],"circlet_count":0,"master_deck":["AscendersBane","Strike_R+1","Strike_R+1","Defend_R","Defend_R","Bash","Carnage","Spot Weakness+1","Sword Boomerang","Power Through","Flame Barrier","Battle Trance","Flame Barrier+1","Immolate+1","Disarm+1","Double Tap+1","True Grit+1","Seeing Red","Shrug It Off","Inflame+1","Offering","Body Slam+1","Intimidate+1","Spot Weakness","Reaper","Whirlwind+1","Havoc+1","Ghostly Armor","Limit Break+1","Shockwave","Seeing Red"],"relics":["Black Blood","NeowsBlessing","Frozen Egg 2","Pantograph","Boot","Red Skull","Philosopher\u0027s Stone","MawBank","PreservedInsect","Toy Ornithopter","Dream Catcher","Nilry\u0027s Codex","Centennial Puzzle","Ancient Tea Set","Bronze Scales","Ginger"],"acts_visited":["Exordium","TheCity","TheBeyond"],"potions_floor_usage":[50],"damage_taken":[{"damage":0.0,"enemies":"Jaw Worm","floor":1.0,"turns":1.0},{"damage":0.0,"enemies":"2 Louse","floor":4.0,"turns":1.0},{"damage":0.0,"enemies":"3 Sentries","floor":8.0,"turns":2.0},{"damage":24.0,"enemies":"Gremlin Nob","floor":10.0,"turns":4.0},{"damage":0.0,"enemies":"Cultist","floor":11.0,"turns":2.0},{"damage":10.0,"enemies":"3 Sentries","floor":14.0,"turns":4.0},{"damage":27.0,"enemies":"The Guardian","floor":16.0,"turns":12.0},{"damage":14.0,"enemies":"2 Thieves","floor":18.0,"turns":3.0},{"damage":7.0,"enemies":"Spheric Guardian","floor":20.0,"turns":3.0},{"damage":27.0,"enemies":"Gremlin Leader","floor":23.0,"turns":6.0},{"damage":7.0,"enemies":"Snecko","floor":24.0,"turns":5.0},{"damage":6.0,"enemies":"Centurion and Healer","floor":27.0,"turns":4.0},{"damage":8.0,"enemies":"3 Cultists","floor":29.0,"turns":4.0},{"damage":12.0,"enemies":"Slavers","floor":30.0,"turns":4.0},{"damage":43.0,"enemies":"Automaton","floor":33.0,"turns":8.0},{"damage":8.0,"enemies":"Orb Walker","floor":35.0,"turns":4.0},{"damage":7.0,"enemies":"3 Shapes","floor":36.0,"turns":2.0},{"damage":16.0,"enemies":"Transient","floor":38.0,"turns":5.0},{"damage":33.0,"enemies":"Nemesis","floor":40.0,"turns":5.0},{"damage":12.0,"enemies":"Maw","floor":41.0,"turns":6.0},{"damage":15.0,"enemies":"Spire Growth","floor":42.0,"turns":5.0},{"damage":18.0,"enemies":"Transient","floor":47.0,"turns":5.0},{"damage":51.0,"enemies":"4 Shapes","floor":48.0,"turns":3.0},{"damage":77,"enemies":"Time Eater","floor":50,"turns":9}],"seed_played":"-2623896568625967539","potions_obtained":[{"floor":1.0,"key":"BloodPotion"},{"floor":8.0,"key":"FearPotion"},{"floor":10.0,"key":"Weak Potion"},{"floor":20.0,"key":"Energy Potion"},{"floor":24.0,"key":"SkillPotion"},{"floor":25.0,"key":"DistilledChaos"},{"floor":25.0,"key":"AttackPotion"},{"floor":33.0,"key":"Block Potion"},{"floor":35.0,"key":"Explosive Potion"},{"floor":38.0,"key":"SteroidPotion"},{"floor":42.0,"key":"FearPotion"},{"floor":47.0,"key":"BloodPotion"}],"is_trial":false,"path_per_floor":["M","?","?","M","$","R","?","E","T","E","M","R","$","E","R","B",null,"M","?","M","?","$","E","M","?","T","M","R","M","E","?","R","B",null,"M","M","?","M","?","E","M","M","T","T","$","?","M","M","R","B",null],"character_chosen":"IRONCLAD","items_purchased":["Sword Boomerang","Immolate","Inflame+1","Ginger","SkillPotion"],"campfire_rested":0,"item_purchase_floors":[5,13,22,45,45],"current_hp_per_floor":[78,62,62,68,68,68,68,74,74,56,62,62,62,74,74,59,75,67,67,66,66,66,45,44,44,44,44,44,42,36,20,20,23,66,80,80,76,72,72,58,58,69,69,69,69,69,76,45,45,25],"gold":57,"neow_bonus":"THREE_ENEMY_KILL","is_daily":false,"chose_seed":false,"campfire_upgraded":6,"win_rate":0.0,"timestamp":1608293988,"path_taken":["M","?","?","?","$","R","?","E","T","E","?","R","?","E","R","BOSS","M","?","?","?","$","E","M","?","T","?","R","M","E","?","R","BOSS","M","M","?","M","?","E","M","M","T","?","$","?","?","M","R","BOSS"],"items_purchased_type":["Card","Card","Card","Relic","Potion"],"build_version":"2020-12-13","purchased_purges":2,"victory":true,"max_hp_per_floor":[80,80,80,80,80,80,80,80,80,80,80,80,80,80,80,80,80,80,80,80,80,80,80,80,80,80,80,80,80,80,80,80,80,80,80,80,76,76,76,76,76,76,76,76,76,76,76,76,76,76],"relic_stats":{"Dream Catcher":0,"Centennial Puzzle":[12],"counters":[24,107],"Pantograph":56,"Bronze Scales":[63],"Black Blood":180,"PreservedInsect":91,"Ginger":[1],"Boot":[67],"MawBank":12,"obtain_stats":[{"NeowsBlessing":0,"Nilry\u0027s Codex":31,"Black Blood":34,"PreservedInsect":23,"Ginger":45,"Frozen Egg 2":8,"Boot":10,"MawBank":21,"Ancient Tea Set":43,"Burning Blood":0,"Dream Catcher":30,"Centennial Puzzle":40,"Pantograph":9,"Bronze Scales":44,"Philosopher\u0027s Stone":17,"Red Skull":14,"Toy Ornithopter":26},{"NeowsBlessing":0,"Nilry\u0027s Codex":14,"Black Blood":15,"PreservedInsect":10,"Ginger":21,"Frozen Egg 2":3,"Boot":4,"MawBank":9,"Ancient Tea Set":21,"Burning Blood":0,"Dream Catcher":14,"Centennial Puzzle":19,"Pantograph":3,"Bronze Scales":21,"Philosopher\u0027s Stone":7,"Red Skull":6,"Toy Ornithopter":11},{"NeowsBlessing":0,"Nilry\u0027s Codex":55,"Black Blood":63,"PreservedInsect":38,"Ginger":90,"Frozen Egg 2":4,"Boot":8,"MawBank":32,"Ancient Tea Set":90,"Burning Blood":0,"Dream Catcher":55,"Centennial Puzzle":79,"Pantograph":4,"Bronze Scales":90,"Philosopher\u0027s Stone":26,"Red Skull":14,"Toy Ornithopter":43}],"Toy Ornithopter":25},"card_choices":[{"not_picked":["Dropkick","Warcry"],"picked":"Carnage","floor":1.0},{"not_picked":["Entrench","Reckless Charge"],"picked":"Spot Weakness","floor":4.0},{"not_picked":["Warcry","Entrench"],"picked":"Flame Barrier","floor":8.0},{"not_picked":["Dark Embrace+1","Clash"],"picked":"Battle Trance","floor":10.0},{"not_picked":["Wild Strike","Thunderclap"],"picked":"Flame Barrier","floor":11.0},{"not_picked":["Clash","Wild Strike"],"picked":"Disarm","floor":14.0},{"not_picked":["Exhume","Bludgeon"],"picked":"Double Tap","floor":16.0},{"not_picked":["Headbutt+1","Dual Wield"],"picked":"True Grit+1","floor":18.0},{"not_picked":["Clothesline","Pommel Strike+1"],"picked":"Shrug It Off","floor":20.0},{"not_picked":["Sentinel","Thunderclap+1"],"picked":"Offering","floor":23.0},{"not_picked":["Thunderclap","Pommel Strike"],"picked":"Body Slam+1","floor":24.0},{"not_picked":["Iron Wave","Reckless Charge"],"picked":"Intimidate+1","floor":27.0},{"not_picked":["Clothesline","Anger"],"picked":"Spot Weakness","floor":29.0},{"not_picked":["Clothesline+1","Burning Pact","Cleave"],"picked":"SKIP","floor":30.0},{"not_picked":["Bludgeon","Corruption+1"],"picked":"Reaper","floor":33.0},{"not_picked":["Flex","Battle Trance"],"picked":"Whirlwind+1","floor":35.0},{"not_picked":["Carnage+1","Perfected Strike+1"],"picked":"Havoc+1","floor":36.0},{"not_picked":["Havoc+1","Armaments","Pommel Strike+1"],"picked":"SKIP","floor":38.0},{"not_picked":["True Grit","Shrug It Off+1","Whirlwind"],"picked":"SKIP","floor":40.0},{"not_picked":["Bloodletting","Wild Strike+1"],"picked":"Ghostly Armor","floor":41.0},{"not_picked":["Shockwave+1","Flex"],"picked":"Limit Break","floor":42.0},{"not_picked":["Warcry","Clash"],"picked":"Seeing Red","floor":47.0},{"not_picked":["Sword Boomerang","Shrug It Off","Thunderclap"],"picked":"SKIP","floor":48.0}],"player_experience":499954,"relics_obtained":[{"floor":8.0,"key":"Frozen Egg 2"},{"floor":9.0,"key":"Pantograph"},{"floor":10.0,"key":"Boot"},{"floor":14.0,"key":"Red Skull"},{"floor":23.0,"key":"PreservedInsect"},{"floor":26.0,"key":"Toy Ornithopter"},{"floor":30.0,"key":"Dream Catcher"},{"floor":31.0,"key":"Nilry\u0027s Codex"},{"floor":40.0,"key":"Centennial Puzzle"},{"floor":43.0,"key":"Ancient Tea Set"},{"floor":44.0,"key":"Bronze Scales"}],"event_choices":[{"damage_healed":78.0,"max_hp_gain":0.0,"max_hp_loss":80.0,"gold_gain":0.0,"event_name":"betterThird:BetterShining","player_choice":"Upgrade","floor":2.0,"gold_loss":0.0,"damage_taken":16.0,"cards_upgraded":["Strike_R","Strike_R"]},{"cards_removed":["Strike_R"],"damage_healed":0.0,"max_hp_gain":0.0,"max_hp_loss":0.0,"gold_gain":0.0,"event_name":"Bonfire Elementals","player_choice":"Offered Basic","floor":3.0,"gold_loss":0.0,"damage_taken":0.0},{"damage_healed":0.0,"max_hp_gain":0.0,"max_hp_loss":0.0,"gold_gain":0.0,"cards_transformed":["Strike_R"],"event_name":"Transmorgrifier","player_choice":"Transformed","floor":7.0,"gold_loss":0.0,"damage_taken":0.0,"cards_obtained":["Power Through"]},{"damage_healed":0.0,"max_hp_gain":0.0,"max_hp_loss":0.0,"gold_gain":0.0,"cards_transformed":["Strike_R"],"event_name":"Transmorgrifier","player_choice":"Transformed","floor":19.0,"gold_loss":0.0,"damage_taken":0.0,"cards_obtained":["Seeing Red"]},{"damage_healed":0.0,"max_hp_gain":0.0,"max_hp_loss":0.0,"gold_gain":0.0,"event_name":"Addict","player_choice":"Stole Relic","floor":21.0,"gold_loss":0.0,"damage_taken":0.0,"relics_obtained":["MawBank"],"cards_obtained":["Shame"]},{"damage_healed":0.0,"max_hp_gain":0.0,"max_hp_loss":0.0,"gold_gain":0.0,"event_name":"Lab","player_choice":"Got Potions","floor":25.0,"gold_loss":0.0,"damage_taken":0.0},{"damage_healed":0.0,"max_hp_gain":0.0,"max_hp_loss":0.0,"gold_gain":0.0,"event_name":"Cursed Tome","player_choice":"Obtained Book","floor":31.0,"gold_loss":0.0,"damage_taken":16.0},{"damage_healed":0.0,"max_hp_gain":0.0,"max_hp_loss":4.0,"gold_gain":0.0,"event_name":"Winding Halls","player_choice":"Max HP","floor":37.0,"gold_loss":0.0,"damage_taken":0.0},{"damage_healed":0.0,"max_hp_gain":0.0,"max_hp_loss":0.0,"gold_gain":0.0,"event_name":"Tomb of Lord Red Mask","player_choice":"Ignored","floor":39.0,"gold_loss":0.0,"damage_taken":0.0},{"damage_healed":0.0,"max_hp_gain":0.0,"max_hp_loss":0.0,"gold_gain":0.0,"cards_transformed":["Defend_R"],"event_name":"Transmorgrifier","player_choice":"Transformed","floor":46.0,"gold_loss":0.0,"damage_taken":0.0,"cards_obtained":["Shockwave"]}],"is_beta":false,"boss_relics":[{"not_picked":["Tiny House","Busted Crown"],"picked":"Philosopher\u0027s Stone"},{"not_picked":["Cursed Key","Mark of Pain"],"picked":"Black Blood"}],"items_purged_floors":[5,22],"is_endless":false,"potions_floor_spawned":[1,8,10,11,20,24,27,29,33,35,38,42,47],"ascension_level":10}}