{"host":"21h5e52imz35vo8g","time":1608269940,"event":{"mods":["AchievementEnabler","BaseMod","Colored Map","Colored Powertips","Googly Eyes","Minty Spire (QoL Compilation)","Quick Restart","Rare Cards Sparkle","Replay The Spire","StSLib"],"gold_per_floor":[118,131,55,55,55,81,81,114,164,193,210,224,224,236,236,335,335,346,346,66,90,108,148,148,190,190,190,228,78,78,78,78],"floor_reached":31,"playtime":1591,"items_purged":["Strike_G"],"score":491,"play_id":"bd228eda-2476-442f-9727-837ac3ba5bc4","local_time":"20201218133900","is_ascension_mode":true,"campfire_choices":[{"data":"Cloak And Dagger","floor":7.0,"key":"SMITH"},{"data":"Accuracy","floor":13.0,"key":"SMITH"},{"data":"Neutralize","floor":15.0,"key":"SMITH"},{"data":"Burst","floor":27.0,"key":"SMITH"}],"circlet_count":0,"master_deck":["Strike_G","Strike_G","Strike_G","Defend_G","Defend_G","Defend_G","Defend_G","Survivor","Neutralize+1","Cloak And Dagger+1","Accuracy+1","Pot Of Greed","Pot Of Greed","Infinite Blades+1","Burst+1","Hidden Blade","Outmaneuver","Backflip","Accuracy","Prepared+1","Doppelganger+1"],"relics":["Ring of the Snake","NeowsBlessing","Grinning Jar","ReplayTheSpireMod:Ninjato","PreservedInsect","Replay:PocketPolymizer","Honey Jar","CeramicFish","Molten Egg 2","Oddly Smooth Stone","Chameleon Ring","Juzu Bracelet","Guide Book"],"acts_visited":["Exordium","TheCity"],"potions_floor_usage":[28,28,31],"damage_taken":[{"damage":0.0,"enemies":"Jaw Worm","floor":1.0,"turns":1.0},{"damage":0.0,"enemies":"Small Slimes","floor":2.0,"turns":1.0},{"damage":0.0,"enemies":"3 Sentries","floor":6.0,"turns":1.0},{"damage":23.0,"enemies":"Gremlin Nob","floor":8.0,"turns":5.0},{"damage":11.0,"enemies":"Lagavulin","floor":10.0,"turns":6.0},{"damage":7.0,"enemies":"2 Louse","floor":11.0,"turns":2.0},{"damage":2.0,"enemies":"Looter","floor":12.0,"turns":2.0},{"damage":9.0,"enemies":"Blue Slaver","floor":14.0,"turns":3.0},{"damage":12.0,"enemies":"Slime Boss","floor":16.0,"turns":4.0},{"damage":21.0,"enemies":"2 Thieves","floor":18.0,"turns":4.0},{"damage":2.0,"enemies":"Chosen","floor":21.0,"turns":3.0},{"damage":0.0,"enemies":"Gremlin Leader","floor":23.0,"turns":4.0},{"damage":21.0,"enemies":"Replay:Snechameleon","floor":25.0,"turns":4.0},{"damage":10,"enemies":"Book of Stabbing","floor":28,"turns":4},{"damage":5,"enemies":"Centurion and Healer","floor":31,"turns":5}],"seed_played":"8394585619028406994","potions_obtained":[{"floor":1.0,"key":"Block Potion"},{"floor":8.0,"key":"Venom Potion"},{"floor":10.0,"key":"Death Potion"},{"floor":12.0,"key":"SneckoOil"},{"floor":14.0,"key":"Poison Potion"},{"floor":18.0,"key":"Venom Potion"}],"is_trial":false,"path_per_floor":["M","M","$","?","?","E","R","E","T","E","M","M","R","M","R","B",null,"M","?","$","M","?","E","?","E","T","R","E","$","?","M"],"character_chosen":"THE_SILENT","items_purchased":["Accuracy","Hidden Blade","CeramicFish","Guide Book"],"campfire_rested":0,"item_purchase_floors":[3,20,20,29],"current_hp_per_floor":[70,70,70,75,75,75,75,52,52,41,34,32,32,23,23,11,75,54,54,54,52,52,52,38,17,17,17,7,7,7,2,2],"gold":78,"neow_bonus":"THREE_ENEMY_KILL","is_daily":false,"chose_seed":false,"campfire_upgraded":4,"win_rate":0.0,"timestamp":1608269940,"path_taken":["M","M","$","?","?","E","R","E","T","E","M","M","R","M","R","BOSS","M","?","$","M","?","E","?","E","T","R","E","$","?","M"],"items_purchased_type":["Card","Card","Relic","Relic"],"build_version":"2020-12-13","purchased_purges":1,"victory":false,"max_hp_per_floor":[70,70,70,75,75,75,75,75,75,75,75,75,75,75,75,75,75,75,75,75,75,75,75,80,80,80,80,80,80,80,80,80],"card_choices":[{"not_picked":["Masterful Stab","Deflect","PiercingWail"],"picked":"SKIP","floor":1.0},{"not_picked":["Sneak Up","Distraction"],"picked":"Cloak And Dagger","floor":2.0},{"not_picked":["Backflip","Deflect","Terror"],"picked":"SKIP","floor":6.0},{"not_picked":["Deadly Poison","Quick Slash","Dodge and Roll"],"picked":"SKIP","floor":8.0},{"not_picked":["Deadly Poison","Venomology"],"picked":"Infinite Blades","floor":10.0},{"not_picked":["Replay:Poison Smokescreen","Outmaneuver","PiercingWail"],"picked":"SKIP","floor":11.0},{"not_picked":["Bane","Backflip","PiercingWail"],"picked":"SKIP","floor":12.0},{"not_picked":["Bouncing Flask","Outmaneuver","Underhanded Strike"],"picked":"SKIP","floor":14.0},{"not_picked":["ReplayTheSpireMod:Necrosis","Night Terror"],"picked":"Burst","floor":16.0},{"not_picked":["Reflex","Quick Slash","Heel Hook"],"picked":"Flechettes","floor":18.0},{"not_picked":["Sucker Punch+1","Crippling Poison","Skewer"],"picked":"ReplayTheSpireMod:The Works","floor":21.0},{"not_picked":["Flying Knee+1","Deadly Poison","Quick Slash+1"],"picked":"Accuracy","floor":23.0},{"not_picked":["Quick Slash+1","Bullet Time","Bane+1"],"picked":"Prepared+1","floor":25.0},{"not_picked":["Toxin Wave","ReplayTheSpireMod:Exploit Weakness","Dagger Spray+1"],"picked":"Doppelganger","floor":28}],"player_experience":275111,"relics_obtained":[{"floor":6.0,"key":"Grinning Jar"},{"floor":8.0,"key":"ReplayTheSpireMod:Ninjato"},{"floor":9.0,"key":"PreservedInsect"},{"floor":10.0,"key":"Replay:PocketPolymizer"},{"floor":23.0,"key":"Molten Egg 2"},{"floor":25.0,"key":"Oddly Smooth Stone"},{"floor":26.0,"key":"Chameleon Ring"},{"floor":28,"key":"Juzu Bracelet"}],"event_choices":[{"damage_healed":0.0,"max_hp_gain":5.0,"max_hp_loss":0.0,"gold_gain":0.0,"event_name":"Big Fish","player_choice":"Donut","floor":4.0,"gold_loss":0.0,"damage_taken":0.0},{"damage_healed":0.0,"max_hp_gain":0.0,"max_hp_loss":0.0,"gold_gain":0.0,"event_name":"Ghosts","player_choice":"Ignored","floor":19.0,"gold_loss":0.0,"damage_taken":0.0},{"damage_healed":0.0,"max_hp_gain":0.0,"max_hp_loss":0.0,"gold_gain":0.0,"cards_transformed":["Flechettes","ReplayTheSpireMod:The Works"],"event_name":"Drug Dealer","player_choice":"Became Test Subject","floor":22.0,"gold_loss":0.0,"damage_taken":0.0,"cards_obtained":["Outmaneuver","Backflip"]},{"damage_healed":0.0,"max_hp_gain":5.0,"max_hp_loss":0.0,"gold_gain":0.0,"event_name":"Forgotten Altar","player_choice":"Shed Blood","floor":24.0,"gold_loss":0.0,"damage_taken":19.0},{"cards_removed":["Strike_G"],"damage_healed":0,"gold_gain":0,"player_choice":"Elegance","damage_taken":0,"max_hp_gain":0,"max_hp_loss":0,"event_name":"Back to Basics","floor":30,"gold_loss":0}],"is_beta":false,"boss_relics":[{"not_picked":["Sozu","Velvet Choker"],"picked":"Honey Jar"}],"items_purged_floors":[20],"is_endless":false,"potions_floor_spawned":[1,8,10,12,14,18],"killed_by":"Centurion and Healer","ascension_level":4}}