{"host":"yfjjw6nzi6ujtde1","time":1608315021,"event":{"mods":["2.2 Compatiblity","Act Like it!","BaseMod","Better Match","Colored Powertips","Downfall","Friendly Minions","Gensokyo","Hallownest","HololiveMod","Koishi","Marisa（F雨　魔理沙）","Minty Spire (QoL Compilation)","Quick Restart","Rare Cards Sparkle","Replay The Spire","StSLib","Td1madao Mod","The Gatherer","The Runesmith","The Senshi","The Servant 0.9.4","WarShipGirlsR/战舰少女R mod"],"gold_per_floor":[110,126,126,227,227,239,239,249,249,15,15,15,15,15,15,15,15,25,51,51,68,68,170,170,182,182,182,207,226,226,226,226],"floor_reached":31,"playtime":1283,"items_purged":["Eruption"],"score":391,"play_id":"181db2d1-1188-46a4-b767-8e572cc6f472","local_time":"20201219021021","is_ascension_mode":false,"campfire_choices":[{"data":"Alpha","floor":11.0,"key":"SMITH"},{"data":"Replay:AtTheReady","floor":13.0,"key":"SMITH"},{"data":"Vigilance","floor":17.0,"key":"SMITH"},{"floor":20.0,"key":"REST"},{"floor":22.0,"key":"REST"},{"data":"Defend_P","floor":30,"key":"SMITH"}],"circlet_count":0,"master_deck":["Strike_P","Strike_P","Defend_P+1","Defend_P","Defend_P","Defend_P","Vigilance+1","Prostrate","CutThroughFate","Alpha+1","Replay:AtTheReady+1","LikeWater","SashWhip","Collect+1","Replay:Cycle+1","MasterReality"],"relics":["HolyWater","NeowsBlessing","Hololive_Finger","Membership Card","Replay:Bottled Flurry","theSenshi:FeatherClipsRelic","Torii"],"acts_visited":["Hallownest:Greenpath","TheCity","TheBeyond"],"potions_floor_usage":[],"damage_taken":[{"damage":0.0,"enemies":"Hallownest:monsterHuskGuard","floor":1.0,"turns":1.0},{"damage":4.0,"enemies":"Hallownest:2_Tiktiks_and_1_Crawlid","floor":2.0,"turns":3.0},{"damage":0.0,"enemies":"Hallownest:BossBrokenVessel","floor":4.0,"turns":1.0},{"damage":16.0,"enemies":"Spheric Guardian","floor":6.0,"turns":4.0},{"damage":7.0,"enemies":"Shell Parasite","floor":8.0,"turns":5.0},{"damage":6.0,"enemies":"Centurion and Healer","floor":18.0,"turns":5.0},{"damage":17.0,"enemies":"Book of Stabbing","floor":19.0,"turns":6.0},{"damage":0.0,"enemies":"Cultist and Chosen","floor":21.0,"turns":4.0},{"damage":19.0,"enemies":"Champ","floor":23.0,"turns":11.0},{"damage":0.0,"enemies":"Orb Walker","floor":25.0,"turns":3.0},{"damage":7,"enemies":"3 Shapes","floor":29,"turns":4},{"damage":58,"enemies":"Reptomancer","floor":31,"turns":2}],"seed_played":"2054222317759118459","potions_obtained":[{"floor":18.0,"key":"Ancient Potion"},{"floor":21.0,"key":"Dexterity Potion"}],"is_trial":false,"path_per_floor":["M","M","?","B",null,"M","?","M","?","$","R","?","R","T","PTL","PTL","R","M","E","R","M","R","B",null,"M","?","?","?","M","R","E"],"character_chosen":"WATCHER","items_purchased":["Membership Card","LikeWater"],"campfire_rested":2,"item_purchase_floors":[10,10],"current_hp_per_floor":[72,68,68,68,72,56,43,36,36,36,36,36,36,36,36,36,36,30,13,36,42,65,52,77,77,77,77,47,46,46,0,0],"gold":226,"neow_bonus":"THREE_ENEMY_KILL","is_daily":false,"chose_seed":false,"campfire_upgraded":4,"win_rate":0.0,"timestamp":1608315021,"path_taken":["M","M","?","BOSS","M","?","M","?","?","R","?","R","T","PTL","PTL","R","M","E","R","M","R","BOSS","M","?","?","?","M","R","E"],"items_purchased_type":["Relic","Card"],"build_version":"2020-12-13","purchased_purges":1,"victory":false,"max_hp_per_floor":[72,72,72,72,72,72,77,77,77,77,77,77,77,77,77,77,77,77,77,77,77,77,77,77,77,77,77,77,77,77,77,77],"card_choices":[{"not_picked":["Replay:AtTheReady","BowlingBash"],"picked":"Prostrate","floor":1.0},{"not_picked":["ThirdEye","Crescendo"],"picked":"CutThroughFate","floor":2.0},{"not_picked":["LessonLearned","Ragnarok"],"picked":"Alpha","floor":4.0},{"not_picked":["SignatureMove","Tantrum+1"],"picked":"Replay:AtTheReady","floor":6.0},{"not_picked":["ThirdEye","Consecrate","Vengeance"],"picked":"SKIP","floor":8.0},{"not_picked":["Tantrum","Vengeance"],"picked":"Collect+1","floor":18.0},{"not_picked":["Evaluate+1","EmptyMind","EmptyFist"],"picked":"SKIP","floor":19.0},{"not_picked":["Replay:BluntJabs+1","EmptyBody+1"],"picked":"Replay:Cycle+1","floor":21.0},{"not_picked":["LessonLearned","Replay:AllIn"],"picked":"MasterReality","floor":23.0},{"not_picked":["ForeignInfluence+1","DeceiveReality","Replay:ManipulateFuture"],"picked":"SKIP","floor":25.0},{"not_picked":["Replay:BluntJabs","Evaluate","EmptyBody"],"picked":"SKIP","floor":29}],"player_experience":159846,"relics_obtained":[{"floor":14.0,"key":"Replay:Bottled Flurry"},{"floor":19.0,"key":"theSenshi:FeatherClipsRelic"},{"floor":28,"key":"Torii"}],"event_choices":[{"damage_healed":0.0,"max_hp_gain":5.0,"max_hp_loss":0.0,"gold_gain":0.0,"event_name":"Forgotten Altar","player_choice":"Shed Blood","floor":7.0,"gold_loss":0.0,"damage_taken":18.0},{"damage_healed":0.0,"max_hp_gain":0.0,"max_hp_loss":0.0,"gold_gain":0.0,"cards_transformed":["Strike_P"],"event_name":"Transmorgrifier","player_choice":"Transformed","floor":12.0,"gold_loss":0.0,"damage_taken":0.0,"cards_obtained":["SashWhip"]},{"damage_healed":0.0,"max_hp_gain":0.0,"max_hp_loss":0.0,"gold_gain":0.0,"event_name":"Mysterious Sphere","player_choice":"Ignored","floor":26.0,"gold_loss":0.0,"damage_taken":0.0},{"cards_removed":["Strike_P"],"damage_healed":0.0,"max_hp_gain":0.0,"max_hp_loss":0.0,"gold_gain":0.0,"event_name":"Falling","player_choice":"Removed Attack","floor":27.0,"gold_loss":0.0,"damage_taken":0.0}],"is_beta":false,"boss_relics":[{"not_picked":["Black Star","Runic Dome"],"picked":"Hololive_Finger"},{"not_picked":["Replay:Wanted Poster","Philosopher\u0027s Stone"],"picked":"HolyWater"}],"items_purged_floors":[10],"is_endless":false,"potions_floor_spawned":[18,21],"killed_by":"Reptomancer","ascension_level":0}}