{"host":"cz8vy971tc8wa11k","time":1608269328,"event":{"mods":["2.2 Compatiblity","BaseMod","Challenge The Spire","Colored Powertips","Downfall","GifTheSpireLib","Glutton Mod","GungeonMod","Minty Spire (QoL Compilation)","Prisma Mod","Rare Cards Sparkle","Remilia??????","Robot Space Explorer","Spicy Shops","StSLib","Stuff the Spire","The Dragon Tamer","The Druid","WarShipGirlsR/????R mod"],"gold_per_floor":[118,135,310,321,341,391,421,450,517,544,556,556],"floor_reached":11,"playtime":630,"items_purged":[],"score":69,"play_id":"d5a09624-b835-4157-b8a3-6011702e8891","local_time":"20201218002848","is_ascension_mode":false,"campfire_choices":[],"circlet_count":0,"master_deck":["RobotSpaceExplorer:Strike","RobotSpaceExplorer:Strike","RobotSpaceExplorer:Strike","RobotSpaceExplorer:Strike","RobotSpaceExplorer:Defend","RobotSpaceExplorer:Defend","RobotSpaceExplorer:Defend","RobotSpaceExplorer:Defend","RobotSpaceExplorer:Scan","RobotSpaceExplorer:MiniLasers","RobotSpaceExplorer:RigExplosive","RobotSpaceExplorer:Counterblock","Doubt","RobotSpaceExplorer:FreezeRay","RobotSpaceExplorer:GlueShot","RobotSpaceExplorer:GlueShot","RobotSpaceExplorer:PowerGlove"],"relics":["RobotSpaceExplorer:RoboCore","MawBank"],"acts_visited":["Exordium"],"potions_floor_usage":[2,5,7,7,8,10,11,11],"damage_taken":[{"damage":6,"enemies":"Jaw Worm","floor":1,"turns":3},{"damage":0,"enemies":"Small Slimes","floor":2,"turns":3},{"damage":0,"enemies":"2 Louse","floor":4,"turns":3},{"damage":0,"enemies":"2 Fungi Beasts","floor":5,"turns":3},{"damage":8,"enemies":"Exordium Thugs","floor":7,"turns":7},{"damage":3,"enemies":"Looter","floor":8,"turns":4},{"damage":0,"enemies":"2 Fungi Beasts","floor":10,"turns":3},{"damage":60,"enemies":"Gremlin Nob","floor":11,"turns":7}],"seed_played":"8360986767528377516","potions_obtained":[{"floor":1,"key":"Regen Potion"},{"floor":8,"key":"LiquidBronze"},{"floor":10,"key":"FearPotion"}],"is_trial":false,"path_per_floor":["M","M","?","M","M","T","M","M","T","M","E"],"character_chosen":"RobotSpaceExplorer","items_purchased":[],"campfire_rested":0,"item_purchase_floors":[],"current_hp_per_floor":[76,76,76,76,76,76,82,79,79,79,19,19],"gold":556,"neow_bonus":"TEN_PERCENT_HP_BONUS","is_daily":false,"chose_seed":false,"campfire_upgraded":0,"win_rate":0.0,"timestamp":1608269328,"path_taken":["M","M","?","M","M","?","M","M","T","M","E"],"items_purchased_type":[],"build_version":"2020-12-13","purchased_purges":0,"victory":false,"max_hp_per_floor":[82,82,82,82,82,82,82,82,82,82,82,82],"card_choices":[{"not_picked":["RobotSpaceExplorer:SurgingStrike","RobotSpaceExplorer:SurgingShield"],"picked":"RobotSpaceExplorer:RigExplosive","floor":1},{"not_picked":["RobotSpaceExplorer:TurboDodge","RobotSpaceExplorer:Blitz"],"picked":"RobotSpaceExplorer:Counterblock","floor":2},{"not_picked":["RobotSpaceExplorer:Fix","RobotSpaceExplorer:ShovelStrike"],"picked":"RobotSpaceExplorer:FreezeRay","floor":4},{"not_picked":["RobotSpaceExplorer:ShovelStrike","RobotSpaceExplorer:FranticSearch"],"picked":"RobotSpaceExplorer:GlueShot","floor":5},{"not_picked":["RobotSpaceExplorer:TrailblazerForm","RobotSpaceExplorer:ShockKick"],"picked":"RobotSpaceExplorer:GlueShot","floor":7},{"not_picked":["RobotSpaceExplorer:MiniDrones","RobotSpaceExplorer:SurgingShield"],"picked":"RobotSpaceExplorer:PowerGlove","floor":8},{"not_picked":["RobotSpaceExplorer:ShockKick","RobotSpaceExplorer:Electroshield","RobotSpaceExplorer:MiniDrones"],"picked":"SKIP","floor":10}],"player_experience":260532,"relics_obtained":[{"floor":6,"key":"MawBank"}],"event_choices":[{"damage_healed":0,"gold_gain":175,"player_choice":"AGREE","damage_taken":0,"max_hp_gain":0,"max_hp_loss":0,"event_name":"Liars Game","floor":3,"gold_loss":0,"cards_obtained":["Doubt"]}],"is_beta":false,"boss_relics":[],"items_purged_floors":[],"is_endless":false,"potions_floor_spawned":[1,8,10],"killed_by":"Gremlin Nob","ascension_level":0}}