{"host":"yuhy0i501zzmn1iz","time":1608277352,"event":{"mods":["BaseMod","Better Third Choice","Downfall","Minty Spire (QoL Compilation)","StSLib","The Blue Laboratory"],"gold_per_floor":[0,13,26,56,56,56,56,73,73,107,22,7,107,124,138,233,233,233,525,545,545,153,170,170,190,190,215,215,232,6,26,40,143,143,143,143,143,155,155,166,166,91,106,106,119,47,47,59,71,71],"floor_reached":51,"playtime":4468,"items_purged":[],"score":737,"play_id":"a7857169-ad7c-4f33-a615-2bbd7b0d72c8","local_time":"20201218024232","is_ascension_mode":true,"campfire_choices":[{"data":"Guardian:StasisField","floor":1,"key":"SMITH"},{"data":"Guardian:BronzeOrb","floor":5,"key":"SMITH"},{"floor":9,"key":"REST"},{"data":"Guardian:GatlingBeam","floor":18,"key":"SMITH"},{"data":"Guardian:ArmoredProtocol","floor":21,"key":"SMITH"},{"floor":26,"key":"REST"},{"data":"Guardian:FastForward","floor":35,"key":"SMITH"},{"data":"Guardian:DecasProtection","floor":42,"key":"SMITH"},{"data":"Guardian:TimeBomb","floor":44,"key":"SMITH"}],"circlet_count":0,"master_deck":["Guardian:Strike_Guardian","Guardian:Strike_Guardian","Guardian:Strike_Guardian","Guardian:Defend_Guardian","Guardian:Defend_Guardian","Guardian:Defend_Guardian","Guardian:CurlUp","Guardian:TwinSlam","Guardian:StasisField+1","Guardian:CrystalBeam","Guardian:BronzeOrb+1","Guardian:VentSteam","Guardian:Incinerate","Guardian:Reroute","Guardian:ShieldCharger","Guardian:Suspension","Guardian:Suspension","Guardian:GatlingBeam+1","Guardian:BronzeArmor","Guardian:ArmoredProtocol+1","Guardian:TemporalShield+1","Guardian:ShieldSpikes+1","Guardian:DecasProtection+1","Guardian:FloatingOrbs","RitualDagger","Guardian:EvasiveProtocol","Guardian:FastForward+1","expansioncontent:TimeRipple","Guardian:TimeBomb+1","Guardian:ExploitGems+1","CurseOfTheBell","Guardian:Preprogram+1","Guardian:Gem_Green","Guardian:PrismaticBeam","Guardian:Gem_Cyan","Guardian:WalkerClaw"],"relics":["Guardian:ModeShifter","StrikeDummy","Guardian:PickAxe","Darkstone Periapt","Ancient Tea Set","Toy Ornithopter","SacredBark","Bottled Lightning","Frozen Eye","Mercury Hourglass","Pen Nib","Calling Bell","Boot","Meat on the Bone","Bird Faced Urn","Frozen Egg 2","downfall:HeartBlessingBlue"],"acts_visited":["Exordium","TheCity","TheBeyond"],"potions_floor_usage":[10,16,27,33,40,48,50],"damage_taken":[{"damage":1,"enemies":"Cultist","floor":2,"turns":4},{"damage":8,"enemies":"Small Slimes","floor":3,"turns":4},{"damage":15,"enemies":"3 Sentries","floor":4,"turns":11},{"damage":0,"enemies":"2 Louse","floor":8,"turns":3},{"damage":2,"enemies":"Gremlin Nob","floor":10,"turns":3},{"damage":6,"enemies":"downfall:FleeingMerchant","floor":11,"turns":4},{"damage":0,"enemies":"downfall:FleeingMerchant","floor":12,"turns":4},{"damage":3,"enemies":"downfall:LadyInBlue","floor":13,"turns":8},{"damage":0,"enemies":"Lots of Slimes","floor":14,"turns":3},{"damage":22,"enemies":"Gremlin Gang","floor":15,"turns":4},{"damage":16,"enemies":"downfall:Defect","floor":16,"turns":7},{"damage":13,"enemies":"downfall:FleeingMerchant","floor":19,"turns":3},{"damage":15,"enemies":"3 Byrds","floor":20,"turns":4},{"damage":6,"enemies":"Shelled Parasite and Fungi","floor":23,"turns":5},{"damage":0,"enemies":"3 Cultists","floor":25,"turns":4},{"damage":0,"enemies":"Slavers","floor":27,"turns":5},{"damage":0,"enemies":"Snake Plant","floor":29,"turns":4},{"damage":7,"enemies":"Snecko","floor":31,"turns":4},{"damage":2,"enemies":"Centurion and Healer","floor":32,"turns":3},{"damage":32,"enemies":"downfall:Ironclad","floor":33,"turns":6},{"damage":0,"enemies":"3 Shapes","floor":38,"turns":3},{"damage":14,"enemies":"3 Darklings","floor":40,"turns":4},{"damage":3,"enemies":"Maw","floor":43,"turns":7},{"damage":12,"enemies":"Transient","floor":45,"turns":5},{"damage":19,"enemies":"Spire Growth","floor":48,"turns":5},{"damage":12,"enemies":"3 Darklings","floor":49,"turns":4},{"damage":37,"enemies":"downfall:Silent","floor":50,"turns":11}],"seed_played":"3054570584227483127","potions_obtained":[{"floor":2,"key":"blueLaboratory:FruitPunch"},{"floor":8,"key":"blueLaboratory:BubblePotion"},{"floor":10,"key":"blueLaboratory:ExaltedPotion"},{"floor":13,"key":"Slimebound:ThreeZeroPotion"},{"floor":13,"key":"blueLaboratory:EnragingPotion"},{"floor":20,"key":"ColorlessPotion"},{"floor":29,"key":"AttackPotion"},{"floor":32,"key":"blueLaboratory:RememoryPotion"},{"floor":40,"key":"PowerPotion"},{"floor":49,"key":"Weak Potion"}],"is_trial":false,"path_per_floor":["R","M","M","E","R","?","T","M","R","E","$","$","?","M","M","B",null,"R","$","M","R","$","M","T","M","R","E","?","M","$","M","M","B",null,"R","?","?","M","?","M","T","R","M","R","M","$","$","M","M","B",null],"character_chosen":"GUARDIAN","items_purchased":["Guardian:Gem_Blue","Guardian:ArmoredProtocol","Bottled Lightning","Frozen Eye","Guardian:FastForward","expansioncontent:TimeRipple","Guardian:PrismaticBeam"],"campfire_rested":2,"item_purchase_floors":[11,19,22,22,30,30,46],"current_hp_per_floor":[80,79,71,56,56,44,44,44,68,68,62,62,59,59,37,26,82,82,69,54,54,54,48,48,48,72,77,71,71,71,64,62,35,88,88,88,88,88,88,76,76,86,89,89,85,85,85,77,69,55],"gold":71,"neow_bonus":"TRANSFORM_TWO_CARDS","is_daily":false,"chose_seed":false,"campfire_upgraded":7,"win_rate":0.0,"timestamp":1608277352,"path_taken":["R","?","M","E","R","?","T","M","R","E","$","$","?","M","M","BOSS","R","?","M","R","$","?","T","M","R","E","?","M","$","M","M","BOSS","R","?","?","M","?","?","T","R","M","R","M","$","$","M","M","BOSS"],"items_purchased_type":["Card","Card","Relic","Relic","Card","Card","Card"],"build_version":"2020-12-13","purchased_purges":0,"victory":true,"max_hp_per_floor":[80,80,80,80,80,80,80,80,80,82,82,82,82,82,82,82,82,82,82,82,82,82,82,82,82,82,82,82,82,82,82,82,82,88,88,88,88,88,88,88,88,98,98,98,98,98,98,98,98,98],"card_choices":[{"not_picked":["Guardian:GuardianWhirl","Guardian:Orbwalk"],"picked":"Guardian:Gem_Lightblue","floor":2},{"not_picked":["Guardian:WalkerClaw","Guardian:EvasiveProtocol"],"picked":"Guardian:BronzeOrb","floor":3},{"not_picked":["Guardian:WalkerClaw","Guardian:Gem_Red"],"picked":"Guardian:VentSteam","floor":4},{"not_picked":["Guardian:WalkerClaw","Guardian:Orbwalk"],"picked":"Guardian:Incinerate","floor":8},{"not_picked":["Guardian:Gem_Red","Guardian:Incinerate"],"picked":"Guardian:Reroute","floor":10},{"not_picked":["Guardian:Gem_White","Guardian:CrystalBeam"],"picked":"Guardian:ShieldCharger","floor":11},{"not_picked":["Guardian:TimeSifter","Guardian:BronzeOrb"],"picked":"Guardian:Gem_Cyan","floor":12},{"not_picked":["Guardian:PrimingBeam","Guardian:MultiBeam"],"picked":"Guardian:Suspension","floor":13},{"not_picked":["Guardian:VentSteam","Guardian:Gem_Green"],"picked":"Guardian:Gem_Purple","floor":14},{"not_picked":["Guardian:WalkerClaw","Guardian:TemporalStrike"],"picked":"Guardian:Suspension","floor":15},{"not_picked":["Guardian:AncientConstruct","Guardian:StasisField"],"picked":"Guardian:GatlingBeam","floor":16},{"not_picked":["Guardian:FloatingOrbs+1","Guardian:Gem_Lightblue"],"picked":"Guardian:BronzeArmor","floor":19},{"not_picked":["Guardian:TemporalStrike","Guardian:Gem_Green"],"picked":"Guardian:TemporalShield+1","floor":20},{"not_picked":["Guardian:TemporalStrike+1","Guardian:TemporalShield"],"picked":"Guardian:ShieldSpikes+1","floor":23},{"not_picked":["Guardian:TemporalShield","Guardian:Harden"],"picked":"Guardian:DecasProtection","floor":25},{"not_picked":["Guardian:TemporalShield","Guardian:VentSteam"],"picked":"Guardian:FloatingOrbs","floor":27},{"not_picked":["Guardian:CrystalBeam","Guardian:BronzeArmor"],"picked":"Guardian:EvasiveProtocol","floor":29},{"not_picked":["Guardian:TemporalShield+1","Guardian:Gem_Lightblue"],"picked":"Guardian:TimeBomb","floor":31},{"not_picked":["Guardian:Suspension","Guardian:Gem_Blue"],"picked":"Guardian:ExploitGems","floor":32},{"not_picked":["Guardian:StasisField","Guardian:GatlingBeam"],"picked":"Guardian:Gem_Orange","floor":33},{"not_picked":["Guardian:ShieldCharger","Guardian:DecasProtection+1"],"picked":"Guardian:Gem_White","floor":38},{"not_picked":["Guardian:DonusPower+1","Guardian:Gem_Purple"],"picked":"Guardian:Gem_Crimson","floor":40},{"not_picked":["Guardian:RefractedBeam","Guardian:TemporalStrike"],"picked":"Guardian:Preprogram+1","floor":43},{"not_picked":["Guardian:PrimingBeam","Guardian:Recover+1"],"picked":"Guardian:Gem_Green","floor":45},{"not_picked":["Guardian:VentSteam","Guardian:FloatingOrbs+1"],"picked":"Guardian:Gem_Cyan","floor":48},{"not_picked":["Guardian:TemporalShield+1","Guardian:Recover"],"picked":"Guardian:WalkerClaw","floor":49}],"player_experience":199158,"relics_obtained":[{"floor":4,"key":"StrikeDummy"},{"floor":7,"key":"Darkstone Periapt"},{"floor":10,"key":"Ancient Tea Set"},{"floor":13,"key":"Toy Ornithopter"},{"floor":24,"key":"Mercury Hourglass"},{"floor":27,"key":"Pen Nib"},{"floor":34,"key":"Boot"},{"floor":34,"key":"Meat on the Bone"},{"floor":34,"key":"Bird Faced Urn"},{"floor":41,"key":"Frozen Egg 2"}],"event_choices":[{"damage_healed":0,"gold_gain":0,"player_choice":"Upgraded","damage_taken":0,"max_hp_gain":0,"max_hp_loss":0,"event_name":"Upgrade Shrine","floor":39,"gold_loss":0,"cards_upgraded":["Guardian:ExploitGems"]}],"is_beta":false,"boss_relics":[{"not_picked":["Tiny House","Snecko Eye"],"picked":"SacredBark"},{"not_picked":["Black Star","Busted Crown"],"picked":"Calling Bell"}],"items_purged_floors":[],"is_endless":false,"potions_floor_spawned":[2,8,10,14,15,20,29,31,32,40,49],"ascension_level":1}}