{"host":"99ad87xtd5ypi7ii","time":1608279079,"event":{"mods":["BaseMod","Hermit","Highlight Path","Marisa????????","Minty Spire (QoL Compilation)","Robot Space Explorer","StSLib","The Bladedancer","The Construct","The Cursed","The Disciple","The Gatherer","The Hierophant","The Runesmith","The Servant 0.9.4","TheVacant"],"gold_per_floor":[110,29,29,39,214,214,289,289,312,312,327,327,359,379,379,379,379],"floor_reached":16,"playtime":673,"items_purged":[],"score":98,"play_id":"709e4c74-735f-428d-bcae-cd456cb4d10c","local_time":"20201218091119","is_ascension_mode":false,"campfire_choices":[{"data":"hierophant:Patience","floor":6,"key":"SMITH"},{"data":"hierophant:PassingBell","floor":8,"key":"SMITH"},{"data":"hierophant:ChurchCoffers","floor":10,"key":"SMITH"},{"floor":15,"key":"REST"}],"circlet_count":0,"master_deck":["hierophant:Strike_Hierophant","hierophant:Strike_Hierophant","hierophant:Strike_Hierophant","hierophant:Punish+1","hierophant:Defend_Hierophant","hierophant:Defend_Hierophant","hierophant:Defend_Hierophant","hierophant:Defend_Hierophant","hierophant:ChurchCoffers+1","hierophant:PassingBell+1","hierophant:Patience+1","Doubt","hierophant:Patience","hierophant:Zeal","hierophant:PristineSoul"],"relics":["hierophant:PropheticMaskRelic","Frozen Egg 2","Lantern","Vajra"],"acts_visited":["Exordium"],"potions_floor_usage":[13,16],"damage_taken":[{"damage":1,"enemies":"Cultist","floor":1,"turns":3},{"damage":2,"enemies":"Small Slimes","floor":4,"turns":2},{"damage":1,"enemies":"Jaw Worm","floor":11,"turns":3},{"damage":26,"enemies":"Lagavulin","floor":13,"turns":5},{"damage":1,"enemies":"Large Slime","floor":14,"turns":6},{"damage":62,"enemies":"Slime Boss","floor":16,"turns":10}],"seed_played":"-3681926350555616635","potions_obtained":[{"floor":4,"key":"FearPotion"},{"floor":14,"key":"SteroidPotion"}],"is_trial":false,"path_per_floor":["M","$","T","M","?","R","?","R","T","R","M","?","E","M","R","B"],"character_chosen":"HIEROPHANT","items_purchased":["hierophant:Patience"],"campfire_rested":1,"item_purchase_floors":[2],"current_hp_per_floor":[74,74,74,72,72,72,61,61,61,61,60,60,34,33,55,0,0],"gold":379,"neow_bonus":"UPGRADE_CARD","is_daily":false,"chose_seed":false,"campfire_upgraded":3,"win_rate":0.0,"timestamp":1608279079,"path_taken":["M","?","?","M","?","R","?","R","T","R","?","?","E","?","R","BOSS"],"items_purchased_type":["Card"],"build_version":"2020-12-13","purchased_purges":0,"victory":false,"max_hp_per_floor":[75,75,75,75,75,75,75,75,75,75,75,75,75,75,75,75,75],"card_choices":[{"not_picked":["hierophant:HolyVerse","hierophant:Purify"],"picked":"hierophant:PassingBell","floor":1},{"not_picked":["hierophant:EyeForCoin","hierophant:MorningPrayer","hierophant:SolarFlare"],"picked":"SKIP","floor":4},{"not_picked":["hierophant:Purify","hierophant:RepressedViolence"],"picked":"hierophant:Patience","floor":11},{"not_picked":["hierophant:RustyCrate","hierophant:Exaltation"],"picked":"hierophant:PristineSoul","floor":13},{"not_picked":["hierophant:EyeForCoin","hierophant:SealAway","hierophant:HammerAndAnvil"],"picked":"SKIP","floor":14}],"player_experience":777228,"relics_obtained":[{"floor":3,"key":"Frozen Egg 2"},{"floor":9,"key":"Lantern"},{"floor":13,"key":"Vajra"}],"event_choices":[{"damage_healed":0,"gold_gain":175,"player_choice":"AGREE","damage_taken":0,"max_hp_gain":0,"max_hp_loss":0,"event_name":"Liars Game","floor":5,"gold_loss":0,"cards_obtained":["Doubt"]},{"damage_healed":0,"gold_gain":75,"player_choice":"Gather Gold","damage_taken":11,"max_hp_gain":0,"max_hp_loss":0,"event_name":"World of Goop","floor":7,"gold_loss":0},{"damage_healed":0,"gold_gain":0,"cards_transformed":["hierophant:Strike_Hierophant"],"player_choice":"Transformed","damage_taken":0,"max_hp_gain":0,"max_hp_loss":0,"event_name":"Transmorgrifier","floor":12,"gold_loss":0,"cards_obtained":["hierophant:Zeal"]}],"is_beta":false,"boss_relics":[],"items_purged_floors":[],"is_endless":false,"potions_floor_spawned":[4,14],"killed_by":"Slime Boss","ascension_level":0}}