{"host":"5ty8fyb0ngp9gspj","time":1608335780,"event":{"mods":["2.2 Compatiblity","AchievementEnabler","Act Like it!","BaseMod","Colored Map","Downfall","Minty Spire (QoL Compilation)","Rare Cards Sparkle","StSLib"],"gold_per_floor":[99,115,115,133,3,13,13,0,0,34,53,82,182,202,212,317,317,317,417,417,299,299,299,299,149,163,196,214,214,234,334,354,354,354],"floor_reached":33,"playtime":1980,"items_purged":[],"score":265,"play_id":"894db4da-2aff-4c54-a384-0a15de552a0d","local_time":"20201219105620","is_ascension_mode":false,"campfire_choices":[{"data":"champ:Taunt","floor":1.0,"key":"SMITH"},{"data":"champ:EnchantCrown","floor":9.0,"key":"SMITH"},{"data":"champ:StanceDance","floor":18.0,"key":"SMITH"},{"floor":20.0,"key":"REST"},{"floor":22.0,"key":"RECALL"},{"data":"champ:Devastate","floor":25.0,"key":"SMITH"}],"circlet_count":0,"master_deck":["champ:Strike+1","champ:Strike+1","champ:Defend+1","champ:Defend+1","champ:Defend+1","champ:Defend+1","champ:Execute","champ:Taunt+1","champ:Circumvent","champ:Balance","champ:EnchantCrown+1","champ:Balance","champ:DefensiveStyle","champ:ArenaPreparation","champ:EnragedBash","champ:EnchantShield","champ:StanceDance+1","champ:Control","champ:ArenaPreparation","champ:DancingMaster+1","champ:EnchantSword","champ:ShieldThrow","champ:Devastate+1","J.A.X.","champ:SwordSigil+1","champ:TornadoPunch+1","champ:BringItOn","champ:FaceSlap+1","champ:BringItOn+1","champ:EndlessRage","champ:Circumvent+1"],"relics":["SacredBark","Mummified Hand","Orichalcum","Odd Mushroom","Runic Dome","MutagenicStrength","downfall:HeartBlessingRed","downfall:HeartBlessingBlue","Boot"],"acts_visited":["Exordium","TheCity"],"potions_floor_usage":[],"damage_taken":[{"damage":15.0,"enemies":"Small Slimes","floor":2.0,"turns":4.0},{"damage":1.0,"enemies":"Cultist","floor":4.0,"turns":5.0},{"damage":10.0,"enemies":"downfall:FleeingMerchant","floor":5.0,"turns":4.0},{"damage":0.0,"enemies":"Jaw Worm","floor":6.0,"turns":5.0},{"damage":19.0,"enemies":"downfall:FleeingMerchant","floor":8.0,"turns":6.0},{"damage":40.0,"enemies":"Gremlin Nob","floor":10.0,"turns":5.0},{"damage":20.0,"enemies":"Large Slime","floor":11.0,"turns":5.0},{"damage":14.0,"enemies":"The Mushroom Lair","floor":12.0,"turns":4.0},{"damage":19.0,"enemies":"3 Louse","floor":14.0,"turns":3.0},{"damage":10.0,"enemies":"Red Slaver","floor":15.0,"turns":4.0},{"damage":36.0,"enemies":"downfall:Watcher","floor":16.0,"turns":5.0},{"damage":50.0,"enemies":"downfall:Augmenter","floor":19.0,"turns":3.0},{"damage":11.0,"enemies":"downfall:FleeingMerchant","floor":21.0,"turns":4.0},{"damage":3.0,"enemies":"3 Byrds","floor":26.0,"turns":3.0},{"damage":51.0,"enemies":"Gremlin Leader","floor":27.0,"turns":6.0},{"damage":14.0,"enemies":"Snecko","floor":28.0,"turns":3.0},{"damage":10,"enemies":"Snake Plant","floor":30,"turns":3},{"damage":17,"enemies":"3 Cultists","floor":32,"turns":5},{"damage":55,"enemies":"downfall:Silent","floor":33,"turns":6}],"seed_played":"-6156911349675745876","potions_obtained":[{"floor":4.0,"key":"ColorlessPotion"},{"floor":10.0,"key":"Fire Potion"},{"floor":11.0,"key":"Energy Potion"},{"floor":12.0,"key":"Fire Potion"},{"floor":14.0,"key":"LiquidBronze"},{"floor":26.0,"key":"Guardian:BlockOnCardUsePotion"},{"floor":28.0,"key":"BlessingOfTheForge"}],"is_trial":false,"path_per_floor":["R","M","?","M","$","M","T","$","R","E","M","?","?","M","M","B",null,"R","?","R","$","R","?","T","R","M","E","M","?","M","?","M","B"],"character_chosen":"THE_CHAMP","items_purchased":["champ:Balance","champ:DefensiveStyle","champ:BringItOn","Fire Potion"],"campfire_rested":1,"item_purchase_floors":[5,5,21,21],"current_hp_per_floor":[90,85,85,84,84,84,84,75,75,47,40,38,38,43,43,37,90,90,63,90,90,90,90,90,100,97,63,60,60,57,57,52,0,0],"gold":354,"neow_bonus":"BOSS_RELIC","is_daily":false,"chose_seed":false,"campfire_upgraded":4,"win_rate":0.0,"timestamp":1608335780,"path_taken":["R","M","?","?","$","M","T","$","R","E","M","?","?","M","M","BOSS","R","?","R","$","R","?","T","R","M","E","M","?","?","?","M","BOSS"],"items_purchased_type":["Card","Card","Card","Potion"],"build_version":"2020-12-13","purchased_purges":0,"victory":false,"max_hp_per_floor":[90,90,90,90,90,90,90,90,90,90,90,90,90,90,90,90,90,90,90,90,90,90,90,90,100,100,100,100,100,100,100,100,100,100],"card_choices":[{"not_picked":["champ:TornadoPunch","champ:PerfectedStrike"],"picked":"champ:Circumvent","floor":2.0},{"not_picked":["champ:StanceDance","champ:HeartStrike"],"picked":"champ:Balance","floor":4.0},{"not_picked":["champ:FlashCut","champ:AdrenalArmor"],"picked":"champ:EnchantCrown","floor":5.0},{"not_picked":["champ:FalseCounter","champ:ShieldWall"],"picked":"champ:ArenaPreparation","floor":6.0},{"not_picked":["champ:PerfectedStrike","champ:FlashCut"],"picked":"champ:EnragedBash","floor":8.0},{"not_picked":["champ:GladiatorsShout","champ:EndlessRage"],"picked":"champ:EnchantShield","floor":10.0},{"not_picked":["champ:TornadoPunch","champ:GladiatorsShout"],"picked":"champ:StanceDance","floor":11.0},{"not_picked":["champ:BerserkersShout","champ:IronFortress"],"picked":"champ:Control","floor":12.0},{"not_picked":["champ:CalledShot","champ:TornadoPunch"],"picked":"champ:ArenaPreparation","floor":14.0},{"not_picked":["champ:BladeFlurry","champ:EnGarde"],"picked":"champ:DancingMaster","floor":15.0},{"not_picked":["champ:DancingMaster","champ:ShieldSlam"],"picked":"champ:EnchantSword","floor":16.0},{"not_picked":[],"picked":"J.A.X.","floor":19.0},{"not_picked":["champ:Circumvent","champ:GladiatorsShout"],"picked":"champ:SwordSigil+1","floor":19.0},{"not_picked":["champ:AdrenalArmor+1","champ:PerfectedStrike+1"],"picked":"champ:TornadoPunch+1","floor":21.0},{"not_picked":["champ:TornadoPunch","champ:Shatter","champ:BerserkersShout"],"picked":"SKIP","floor":26.0},{"not_picked":["champ:TornadoPunch","champ:CrookedStrike"],"picked":"champ:FaceSlap+1","floor":27.0},{"not_picked":["champ:FightOn","champ:AdrenalArmor"],"picked":"champ:BringItOn+1","floor":28.0},{"not_picked":["champ:TornadoPunch","champ:DefensiveStyle"],"picked":"champ:EndlessRage","floor":30},{"not_picked":["champ:StanceDance","champ:DefensiveShout"],"picked":"champ:Circumvent+1","floor":32}],"player_experience":304382,"relics_obtained":[{"floor":7.0,"key":"Mummified Hand"},{"floor":10.0,"key":"Orichalcum"},{"floor":12.0,"key":"Odd Mushroom"},{"floor":19.0,"key":"MutagenicStrength"},{"floor":27.0,"key":"Boot"}],"event_choices":[{"damage_healed":0.0,"max_hp_gain":0.0,"max_hp_loss":0.0,"gold_gain":0.0,"event_name":"NoteForYourself","player_choice":"Ignored","floor":3.0,"gold_loss":0.0,"damage_taken":0.0},{"damage_healed":0.0,"max_hp_gain":0.0,"max_hp_loss":0.0,"gold_gain":0.0,"event_name":"Mushrooms","player_choice":"Fought Mushrooms","floor":12.0,"gold_loss":0.0,"damage_taken":0.0},{"damage_healed":0.0,"max_hp_gain":0.0,"max_hp_loss":0.0,"gold_gain":0.0,"event_name":"Back to Basics","player_choice":"Simplicity","floor":23.0,"gold_loss":0.0,"damage_taken":0.0,"cards_upgraded":["champ:Strike","champ:Strike","champ:Defend","champ:Defend","champ:Defend","champ:Defend"]},{"damage_healed":0,"gold_gain":0,"player_choice":"Forge","damage_taken":0,"max_hp_gain":0,"max_hp_loss":0,"event_name":"Accursed Blacksmith","floor":29,"gold_loss":0,"cards_upgraded":["champ:DancingMaster"]}],"is_beta":false,"boss_relics":[{"not_picked":["Sozu","Velvet Choker"],"picked":"Runic Dome"}],"items_purged_floors":[],"is_endless":false,"potions_floor_spawned":[4,10,11,12,14,15,26,28],"killed_by":"downfall:Silent","ascension_level":0}}