{"host":"ppgxiu8l5yxvf2gn","time":1608293400,"event":{"mods":["BaseMod","Hermit","Koishi","Marisa£¨Ùöéë¡¡Øª×âÞÞ£©","Minty Spire (QoL Compilation)","StSLib","Td1madao Mod","WarShipGirlsR/??á´Ò³R mod"],"gold_per_floor":[119,136,152,152,166,166,193,221,290,317,346,374,407,433,433,532,559,569,583,602,619,636,668,697,727,727,760,786,815,844,878,878,973,973,984,994,1012,1024,1044,1077,1096,1123,1148,1180,1214,1214,1227,1246,1246,1246],"floor_reached":51,"playtime":2431,"items_purged":[],"score":1514,"play_id":"7d5392cb-cbb9-47a2-acd0-1eb325ac6d88","local_time":"20201218211000","daily_mods":["Draft","Vintage","Allstar","Heirloom","Flight","DeadlyEvents","Elite Swarm","Binary"],"is_ascension_mode":false,"campfire_choices":[{"data":"rmod:firesupport","floor":6,"key":"SMITH"},{"floor":15,"key":"DIG"},{"data":"rmod:openingtorpedo","floor":32,"key":"SMITH"},{"data":"rmod:openingtorpedo","floor":46,"key":"SMITH"},{"data":"rmod:goodsister+1","floor":49,"key":"PURGE"}],"circlet_count":0,"master_deck":["rmod:openingtorpedo+1","rmod:unsinkable","rmod:punchline","Pommel Strike","Metallicize","rmod:firesupport+1","rmod:overbreakdown","Pommel Strike","rmod:unsinkable","rmod:supportaircraftcarrier","rmod:highspeedshooting","rmod:circuitoustactics+1","rmod:openingtorpedo+1","Forethought+1","rmod:aggressivemary+1","Immolate+1"],"relics":["Black Blood","Busted Crown","Champion Belt","Bottled Flame","Singing Bowl","Toy Ornithopter","Vajra","Shovel","Frozen Egg 2","Paper Frog","War Paint","Mango","CeramicFish","Ancient Tea Set","Mercury Hourglass","Orichalcum","Astrolabe","Turnip","Omamori","MealTicket","Thread and Needle","FossilizedHelix","Happy Flower","Magic Flower","Boot","Centennial Puzzle","Bag of Preparation","Du-Vu Doll","TungstenRod","Bronze Scales","Smiling Mask","Peace Pipe","Art of War","Self Forming Clay","StrikeDummy","Strawberry","Prayer Wheel","The Courier","Potion Belt","Red Skull","Anchor","Gambling Chip","Meat on the Bone","Toxic Egg 2"],"acts_visited":["Exordium","TheCity","TheBeyond"],"potions_floor_usage":[11,14,16,16,23,24,30,33,33,45,47,48,50,50],"damage_taken":[{"damage":0,"enemies":"Small Slimes","floor":1,"turns":3},{"damage":0,"enemies":"Cultist","floor":2,"turns":2},{"damage":0,"enemies":"Jaw Worm","floor":3,"turns":2},{"damage":9,"enemies":"Blue Slaver","floor":5,"turns":2},{"damage":10,"enemies":"Lagavulin","floor":7,"turns":4},{"damage":6,"enemies":"3 Sentries","floor":8,"turns":4},{"damage":0,"enemies":"Gremlin Nob","floor":10,"turns":2},{"damage":12,"enemies":"3 Sentries","floor":11,"turns":6},{"damage":8,"enemies":"Lagavulin","floor":12,"turns":4},{"damage":6,"enemies":"3 Sentries","floor":13,"turns":4},{"damage":0,"enemies":"Gremlin Nob","floor":14,"turns":3},{"damage":7,"enemies":"Hexaghost","floor":16,"turns":5},{"damage":0,"enemies":"3 Byrds","floor":18,"turns":2},{"damage":0,"enemies":"Shell Parasite","floor":19,"turns":1},{"damage":0,"enemies":"Snecko","floor":20,"turns":2},{"damage":8,"enemies":"Snake Plant","floor":21,"turns":3},{"damage":4,"enemies":"Centurion and Healer","floor":22,"turns":2},{"damage":0,"enemies":"Slavers","floor":23,"turns":1},{"damage":0,"enemies":"Gremlin Leader","floor":24,"turns":3},{"damage":0,"enemies":"Book of Stabbing","floor":25,"turns":3},{"damage":0,"enemies":"Gremlin Leader","floor":27,"turns":2},{"damage":0,"enemies":"Slavers","floor":28,"turns":1},{"damage":0,"enemies":"Gremlin Leader","floor":29,"turns":2},{"damage":0,"enemies":"Slavers","floor":30,"turns":2},{"damage":0,"enemies":"Book of Stabbing","floor":31,"turns":2},{"damage":0,"enemies":"Automaton","floor":33,"turns":4},{"damage":0,"enemies":"3 Darklings","floor":35,"turns":2},{"damage":0,"enemies":"Orb Walker","floor":36,"turns":2},{"damage":4,"enemies":"Sphere and 2 Shapes","floor":37,"turns":2},{"damage":2,"enemies":"4 Shapes","floor":38,"turns":2},{"damage":0,"enemies":"Jaw Worm Horde","floor":39,"turns":2},{"damage":0,"enemies":"Nemesis","floor":40,"turns":3},{"damage":0,"enemies":"Writhing Mass","floor":41,"turns":5},{"damage":0,"enemies":"Giant Head","floor":42,"turns":6},{"damage":0,"enemies":"Reptomancer","floor":44,"turns":3},{"damage":0,"enemies":"Giant Head","floor":45,"turns":6},{"damage":0,"enemies":"3 Darklings","floor":47,"turns":2},{"damage":0,"enemies":"Maw","floor":48,"turns":5},{"damage":11,"enemies":"Donu and Deca","floor":50,"turns":7}],"seed_played":"4551444505183537243","potions_obtained":[{"floor":1,"key":"Explosive Potion"},{"floor":8,"key":"ColorlessPotion"},{"floor":10,"key":"SneckoOil"},{"floor":13,"key":"Regen Potion"},{"floor":14,"key":"Fruit Juice"},{"floor":16,"key":"Ancient Potion"},{"floor":20,"key":"BlessingOfTheForge"},{"floor":22,"key":"Explosive Potion"},{"floor":23,"key":"AttackPotion"},{"floor":24,"key":"SpeedPotion"},{"floor":27,"key":"DistilledChaos"},{"floor":28,"key":"BlessingOfTheForge"},{"floor":33,"key":"Fire Potion"},{"floor":36,"key":"FearPotion"},{"floor":38,"key":"Explosive Potion"},{"floor":42,"key":"SteroidPotion"},{"floor":45,"key":"Dexterity Potion"},{"floor":47,"key":"Fruit Juice"},{"floor":48,"key":"Regen Potion"}],"is_trial":true,"path_per_floor":["M","M","M","?","M","R","E","E","T","E","E","E","E","E","R","B",null,"M","M","M","M","M","E","E","E","T","E","E","E","E","E","R","B",null,"M","M","M","M","M","E","M","E","T","E","E","R","M","M","R","B",null],"character_chosen":"IRONCLAD","items_purchased":[],"campfire_rested":0,"item_purchase_floors":[],"current_hp_per_floor":[80,80,80,80,77,77,73,73,73,79,92,90,90,99,99,99,99,99,99,99,97,99,99,99,99,99,99,99,99,99,99,99,99,99,99,99,99,99,106,106,106,106,106,106,106,106,111,111,111,111],"gold":1246,"neow_bonus":"","is_daily":false,"chose_seed":false,"campfire_upgraded":3,"win_rate":0.0,"timestamp":1608293400,"path_taken":["M","M","M","?","?","R","E","E","T","E","E","E","E","E","R","BOSS","M","M","M","M","M","E","E","E","T","E","E","E","E","E","R","BOSS","M","M","M","M","M","E","M","E","T","E","E","R","M","M","R","BOSS"],"items_purchased_type":[],"build_version":"2020-12-13","purchased_purges":0,"victory":true,"max_hp_per_floor":[80,80,80,80,80,80,80,80,80,80,94,94,94,99,99,99,99,99,99,99,99,99,99,99,99,99,99,99,99,99,99,99,99,99,99,99,99,99,106,106,106,106,106,106,106,106,111,111,111,111],"card_choices":[{"not_picked":["rmod:ammunitionsupply","rmod:circuitoustactics"],"picked":"rmod:openingtorpedo","floor":0},{"not_picked":["rmod:supportescort","Evolve"],"picked":"rmod:unsinkable","floor":0},{"not_picked":["Heavy Blade","rmod:intelligenceanalysis"],"picked":"rmod:punchline","floor":0},{"not_picked":["Fire Breathing","True Grit"],"picked":"Pommel Strike","floor":0},{"not_picked":["rmod:intelligenceanalysis","Entrench"],"picked":"Metallicize","floor":0},{"not_picked":["rmod:bulid","rmod:highspeedshooting"],"picked":"rmod:luckystar","floor":0},{"not_picked":["Uppercut","Clothesline"],"picked":"rmod:unsinkable","floor":0},{"not_picked":["Anger","Havoc"],"picked":"rmod:firesupport","floor":0},{"not_picked":["Anger","rmod:circuitoustactics"],"picked":"rmod:overbreakdown","floor":0},{"not_picked":["Disarm","rmod:royalracing"],"picked":"Pommel Strike","floor":0},{"not_picked":["Twin Strike","rmod:tearstotiara"],"picked":"rmod:unsinkable","floor":0},{"not_picked":["rmod:victimresponsibility","rmod:capitalist"],"picked":"rmod:supportaircraftcarrier","floor":0},{"not_picked":["Sentinel","rmod:diaomin"],"picked":"rmod:highspeedshooting","floor":0},{"not_picked":["rmod:smokecover","rmod:aluminumsupply"],"picked":"rmod:circuitoustactics","floor":0},{"not_picked":["Clothesline","Whirlwind"],"picked":"rmod:openingtorpedo","floor":0}],"player_experience":72354,"relics_obtained":[{"floor":1,"key":"Bottled Flame"},{"floor":2,"key":"Singing Bowl"},{"floor":3,"key":"Toy Ornithopter"},{"floor":5,"key":"Vajra"},{"floor":7,"key":"Shovel"},{"floor":8,"key":"Frozen Egg 2"},{"floor":9,"key":"Paper Frog"},{"floor":10,"key":"War Paint"},{"floor":11,"key":"Mango"},{"floor":12,"key":"CeramicFish"},{"floor":13,"key":"Ancient Tea Set"},{"floor":14,"key":"Mercury Hourglass"},{"floor":15,"key":"Orichalcum"},{"floor":18,"key":"Turnip"},{"floor":19,"key":"Omamori"},{"floor":20,"key":"MealTicket"},{"floor":21,"key":"Thread and Needle"},{"floor":22,"key":"FossilizedHelix"},{"floor":23,"key":"Happy Flower"},{"floor":24,"key":"Magic Flower"},{"floor":25,"key":"Boot"},{"floor":26,"key":"Centennial Puzzle"},{"floor":27,"key":"Bag of Preparation"},{"floor":28,"key":"Du-Vu Doll"},{"floor":29,"key":"TungstenRod"},{"floor":30,"key":"Bronze Scales"},{"floor":31,"key":"Smiling Mask"},{"floor":35,"key":"Peace Pipe"},{"floor":36,"key":"Art of War"},{"floor":37,"key":"Self Forming Clay"},{"floor":38,"key":"StrikeDummy"},{"floor":39,"key":"Strawberry"},{"floor":40,"key":"Prayer Wheel"},{"floor":41,"key":"The Courier"},{"floor":42,"key":"Potion Belt"},{"floor":43,"key":"Red Skull"},{"floor":44,"key":"Anchor"},{"floor":45,"key":"Gambling Chip"},{"floor":47,"key":"Meat on the Bone"},{"floor":48,"key":"Toxic Egg 2"}],"event_choices":[{"damage_healed":0,"gold_gain":0,"player_choice":"2 cards matched","damage_taken":0,"max_hp_gain":0,"max_hp_loss":0,"event_name":"Match and Keep!","floor":4,"gold_loss":0,"cards_obtained":["Forethought","Perfected Strike"]}],"is_beta":false,"boss_relics":[{"not_picked":["Velvet Choker","Runic Cube"],"picked":"Astrolabe"},{"not_picked":["Empty Cage","Black Star"],"picked":"Black Blood"}],"items_purged_floors":[],"is_endless":false,"potions_floor_spawned":[1,8,10,13,14,16,20,22,23,24,27,28,33,36,38,39,42,45,47,48],"ascension_level":0}}