{"host":"m3rs92yjkwi06hli","time":1608260494,"event":{"mods":["Act Like it!","Aspiration","BaseMod","Colored Map","Conspire","Defuse TimeMaze Blight","Energized Spire","Hubris","Infinite Spire","Minty Spire (QoL Compilation)","Relic Stats","Replay The Spire","Spicy Shops","StSLib","The Blackbeard"],"gold_per_floor":[115,115,115,115,127,127,108,108,108,137,151,151,151,151,166,221,221,423,423,438,438,438,398,409,442,442,458,513,513,231,146,146,173,173,375,375,399,414,416,430,430,430,457,457,457,457,480,505,642,259,259,377,377,381,381,381,381,384,347,347,307,307,318,318,343,70,80,80,78,78,78],"floor_reached":69,"playtime":3833,"items_purged":["conspire:NecroticWound","ReplayTheSpireMod:Doomed","Voices"],"score":1056,"play_id":"0348fd46-2a88-48e7-b0ab-5b85e735a6ce","local_time":"20201217210134","is_ascension_mode":true,"campfire_choices":[{"data":"blackbeard:Fencing","floor":6,"key":"SMITH"},{"data":"blackbeard:Fencing","floor":8,"key":"SMITH"},{"floor":14,"key":"REST"},{"floor":17,"key":"REST"},{"floor":26,"key":"REST"},{"floor":34,"key":"REST"},{"data":"infinitespire:Collect","floor":42,"key":"SMITH"},{"data":"blackbeard:Intoxication","floor":44,"key":"SMITH"},{"floor":46,"key":"REST"},{"floor":51,"key":"REST"},{"data":"blackbeard:Provisioning","floor":60,"key":"SMITH"},{"data":"ReplayTheSpireMod:Black Plague","floor":64,"key":"SMITH"},{"floor":68,"key":"REST"}],"circlet_count":0,"master_deck":["blackbeard:BlackbeardStrike+1","blackbeard:IntimidatingStrike","blackbeard:Cutlass+1","blackbeard:Fencing+1","blackbeard:Fencing+1","blackbeard:RearmingStrike","blackbeard:DoubleCannonball","blackbeard:RearmingStrike+1","blackbeard:CatONineTails","blackbeard:ChaoticDefense","blackbeard:TheDrunkenSailor+1","blackbeard:FieryDefense","Replay:Fractal Strike","blackbeard:SwordDance","blackbeard:Fencing+1","blackbeard:TerrorOfTheSeas+1","Necronomicurse","blackbeard:Sharpening","blackbeard:WiseDefense+1","infinitespire:Collect+1","blackbeard:InfiniteBarrage+1","blackbeard:Intoxication+1","Hallucinations","blackbeard:GoldenRain","Hallucinations","ReplayTheSpireMod:Restless Dread","blackbeard:BrownPants+1","blackbeard:RemoveScurvy+1","ReplayTheSpireMod:Black Plague+1","blackbeard:Spear+1","blackbeard:Eyepatch","blackbeard:Upgrade","blackbeard:FinalBarrage","blackbeard:VengefulSpirit","blackbeard:WiseDefense+1","Injury","blackbeard:GoldenCannonball","blackbeard:FinalBarrage","blackbeard:CannonBarrage","blackbeard:CaptainsHat","blackbeard:CannonBarrage","CommonCold","Injury","blackbeard:GoldenStrike+1","blackbeard:GoldenCannonball+1","blackbeard:Provisioning+1","blackbeard:PirateEarring","blackbeard:AgileStrike+1","blackbeard:GoldenRain+1","blackbeard:FieryDefense"],"relics":["blackbeard:LoadTheCannons","hubris:Towel","hubris:Icosahedron","Matryoshka","Nunchaku","ReplayTheSpireMod:Shallot","Bag of Marbles","Replay:PocketPolymizer","energizedSpire:CursedPentagram","hubris:EmptyBottle","energizedSpire:OgreHead","Smiling Mask","blackbeard:WhitePearl","blackbeard:Spearhead","Necronomicon","Lantern","Oddly Smooth Stone","Whetstone","Replay:Ancient Bell","Tiny Chest","infinitespire:Midas Blood","CaptainsWheel","Singing Bowl","Kunai","War Paint","Happy Flower","blackbeard:CannonballsOfSteel","energizedSpire:SpiderWeb","Molten Egg 2","hubris:TenFootPole","Ornamental Fan","Pear","Bronze Scales","hubris:Potato","infinitespire:Lucky Rock","blackbeard:BloodOrange"],"acts_visited":["Exordium","TheCity","TheBeyond","Exordium"],"potions_floor_usage":[16,20,25,33,33,33,49,52,52,63,63,67,67],"damage_taken":[{"damage":6,"enemies":"2 Louse","floor":1,"turns":2},{"damage":7,"enemies":"conspire:RoseBush","floor":5,"turns":3},{"damage":22,"enemies":"3 Sentries","floor":7,"turns":5},{"damage":13,"enemies":"Lagavulin","floor":10,"turns":5},{"damage":0,"enemies":"Small Slimes","floor":11,"turns":1},{"damage":0,"enemies":"3 Louse","floor":15,"turns":1},{"damage":16,"enemies":"Lagavulin Event","floor":16,"turns":3},{"damage":39,"enemies":"Hexaghost","floor":18,"turns":6},{"damage":0,"enemies":"Shell Parasite","floor":20,"turns":3},{"damage":19,"enemies":"conspire:FuzzyDice","floor":24,"turns":5},{"damage":19,"enemies":"conspire:Head Lice","floor":25,"turns":7},{"damage":4,"enemies":"Centurion and Healer","floor":27,"turns":4},{"damage":19,"enemies":"Nightmare","floor":33,"turns":4},{"damage":37,"enemies":"hubris:MusketHawk","floor":35,"turns":7},{"damage":14,"enemies":"3 Darklings","floor":37,"turns":3},{"damage":13,"enemies":"Orb Walker","floor":38,"turns":2},{"damage":1,"enemies":"Writhing Mass","floor":40,"turns":4},{"damage":0,"enemies":"R_Hoarder","floor":43,"turns":4},{"damage":20,"enemies":"3 Darklings","floor":47,"turns":3},{"damage":6,"enemies":"Giant Head","floor":49,"turns":3},{"damage":71,"enemies":"Replay:Hell Engine","floor":52,"turns":9},{"damage":8,"enemies":"Cultist","floor":54,"turns":4},{"damage":3,"enemies":"Small Slimes","floor":58,"turns":3},{"damage":4,"enemies":"Replay:BlueRogue","floor":59,"turns":4},{"damage":25,"enemies":"3 Sentries","floor":61,"turns":4},{"damage":14,"enemies":"Lagavulin","floor":63,"turns":3},{"damage":24,"enemies":"3 Sentries","floor":65,"turns":3},{"damage":21,"enemies":"Jaw Worm","floor":67,"turns":2},{"damage":62,"enemies":"The Guardian","floor":69,"turns":2}],"seed_played":"209988588063824148","potions_obtained":[{"floor":1,"key":"Dexterity Potion"},{"floor":10,"key":"Block Potion"},{"floor":15,"key":"PowerPotion"},{"floor":18,"key":"PowerPotion"},{"floor":24,"key":"Block Potion"},{"floor":38,"key":"Milkshake"},{"floor":40,"key":"LiquidMemories"},{"floor":58,"key":"Milkshake"},{"floor":59,"key":"ColorlessPotion"}],"is_trial":false,"path_per_floor":["M","?","?","?","M","R","E","R","T","E","M","PTL","PTL","R","M","?","R","B",null,"M","AVR","?","?","M","E","R","M","T","?","$","?","?","NM","R","B",null,"M","M","?","M","?","R","E","R","T","R","M","T","E","$","R","B",null,"M","?","?","?","M","E","R","E","T","E","R","E","$","M","R","B"],"character_chosen":"BLACKBEARD_CLASS","items_purchased":["Lantern","blackbeard:Sharpening","blackbeard:WiseDefense","blackbeard:CannonballsOfSteel","blackbeard:GoldenCannonball","blackbeard:FinalBarrage","infinitespire:Lucky Rock","blackbeard:BloodOrange"],"campfire_rested":7,"item_purchase_floors":[30,30,30,50,50,50,66,66],"current_hp_per_floor":[69,69,69,69,62,62,40,40,40,27,27,27,27,49,49,33,55,16,75,75,75,75,75,56,37,59,55,55,39,39,39,39,20,42,5,75,61,48,30,37,37,37,37,37,37,59,41,41,43,43,66,3,77,69,69,69,69,77,73,73,48,58,54,54,30,30,17,43,0,0,0],"gold":78,"neow_bonus":"RANDOM_EVENT","is_daily":false,"chose_seed":false,"campfire_upgraded":6,"win_rate":0.0,"timestamp":1608260494,"path_taken":["M","?","?","?","M","R","E","R","T","E","M","PTL","PTL","R","M","?","R","BOSS","M","AVR","?","?","M","E","R","?","T","?","$","?","?","NM","R","BOSS","M","M","?","M","?","R","E","R","T","R","?","?","E","$","R","BOSS","M","?","?","?","M","E","R","E","T","E","R","E","$","M","R","BOSS"],"items_purchased_type":["Relic","Card","Card","Relic","Card","Card","Relic","Relic"],"build_version":"2020-12-13","purchased_purges":3,"victory":false,"max_hp_per_floor":[75,75,75,75,75,75,75,75,75,75,75,75,75,75,75,75,75,75,75,75,75,75,75,75,75,75,75,75,75,75,75,75,75,75,75,75,75,75,75,75,75,75,75,75,75,75,77,77,77,77,77,77,77,77,77,77,77,77,77,77,77,87,89,89,89,89,89,89,89,89,89],"relic_stats":{"Singing Bowl":4,"Happy Flower":[11],"counters":[29,109],"Whetstone":["blackbeard:BlackbeardStrike","blackbeard:RearmingStrike"],"War Paint":["blackbeard:Spear","blackbeard:WiseDefense"],"Smiling Mask":150,"Nunchaku":[21],"Ornamental Fan":[4],"Bronze Scales":[12],"Tiny Chest":1,"Necronomicon":[6],"Kunai":[13],"obtain_stats":[{"Lantern":30,"Replay:PocketPolymizer":16,"Singing Bowl":43,"Whetstone":33,"hubris:EmptyBottle":21,"Smiling Mask":25,"Nunchaku":9,"hubris:Icosahedron":4,"Matryoshka":7,"energizedSpire:CursedPentagram":19,"Tiny Chest":36,"Necronomicon":29,"Kunai":45,"Pear":62,"Happy Flower":49,"blackbeard:LoadTheCannons":0,"Oddly Smooth Stone":31,"blackbeard:CannonballsOfSteel":50,"energizedSpire:OgreHead":21,"Replay:Ancient Bell":36,"blackbeard:WhitePearl":28,"infinitespire:Lucky Rock":66,"hubris:Towel":2,"War Paint":48,"energizedSpire:SpiderWeb":53,"CaptainsWheel":36,"ReplayTheSpireMod:Shallot":9,"blackbeard:Spearhead":28,"Ornamental Fan":61,"Bronze Scales":63,"Molten Egg 2":55,"Bag of Marbles":10,"hubris:TenFootPole":59,"blackbeard:BloodOrange":66,"hubris:Potato":65,"infinitespire:Midas Blood":36},{"Lantern":12,"Replay:PocketPolymizer":7,"Singing Bowl":18,"Whetstone":13,"hubris:EmptyBottle":9,"Smiling Mask":11,"Nunchaku":3,"hubris:Icosahedron":1,"Matryoshka":3,"energizedSpire:CursedPentagram":8,"Tiny Chest":14,"Necronomicon":12,"Kunai":18,"Pear":25,"Happy Flower":20,"blackbeard:LoadTheCannons":0,"Oddly Smooth Stone":12,"blackbeard:CannonballsOfSteel":20,"energizedSpire:OgreHead":9,"Replay:Ancient Bell":14,"blackbeard:WhitePearl":12,"infinitespire:Lucky Rock":27,"hubris:Towel":1,"War Paint":19,"energizedSpire:SpiderWeb":21,"CaptainsWheel":14,"ReplayTheSpireMod:Shallot":3,"blackbeard:Spearhead":12,"Ornamental Fan":25,"Bronze Scales":26,"Molten Egg 2":22,"Bag of Marbles":4,"hubris:TenFootPole":24,"blackbeard:BloodOrange":27,"hubris:Potato":27,"infinitespire:Midas Blood":14},{"Lantern":45,"Replay:PocketPolymizer":20,"Singing Bowl":69,"Whetstone":49,"hubris:EmptyBottle":29,"Smiling Mask":41,"Nunchaku":10,"hubris:Icosahedron":2,"Matryoshka":10,"energizedSpire:CursedPentagram":26,"Tiny Chest":56,"Necronomicon":45,"Kunai":69,"Pear":99,"Happy Flower":75,"blackbeard:LoadTheCannons":0,"Oddly Smooth Stone":45,"blackbeard:CannonballsOfSteel":75,"energizedSpire:OgreHead":29,"Replay:Ancient Bell":56,"blackbeard:WhitePearl":45,"infinitespire:Lucky Rock":105,"hubris:Towel":2,"War Paint":72,"energizedSpire:SpiderWeb":84,"CaptainsWheel":56,"ReplayTheSpireMod:Shallot":10,"blackbeard:Spearhead":45,"Ornamental Fan":99,"Bronze Scales":102,"Molten Egg 2":88,"Bag of Marbles":15,"hubris:TenFootPole":95,"blackbeard:BloodOrange":105,"hubris:Potato":105,"infinitespire:Midas Blood":56}]},"card_choices":[{"not_picked":["blackbeard:AgileStrike","blackbeard:BuriedTreasure"],"picked":"blackbeard:Fencing","floor":1},{"not_picked":["blackbeard:WoodenLeg","blackbeard:Toast"],"picked":"blackbeard:Fencing","floor":5},{"not_picked":["blackbeard:WiseDefense","blackbeard:Revenge"],"picked":"blackbeard:RearmingStrike","floor":7},{"not_picked":["blackbeard:WoodenLeg","blackbeard:Toast"],"picked":"blackbeard:DoubleCannonball","floor":10},{"not_picked":["blackbeard:DeadlyArsenal","blackbeard:AgileStrike"],"picked":"blackbeard:RearmingStrike","floor":11},{"not_picked":["blackbeard:CannonBarrage","blackbeard:RearmingStrike"],"picked":"blackbeard:CatONineTails","floor":15},{"not_picked":["blackbeard:TacticalRetreat","blackbeard:BuriedTreasure"],"picked":"blackbeard:ChaoticDefense","floor":16},{"not_picked":["blackbeard:HumongousCannonball","blackbeard:Intoxication"],"picked":"blackbeard:TheDrunkenSailor","floor":18},{"not_picked":["blackbeard:BuriedTreasure+1","blackbeard:GoldenStrike"],"picked":"blackbeard:FieryDefense","floor":20},{"not_picked":["blackbeard:FieryDefense","blackbeard:RearmingStrike"],"picked":"blackbeard:SwordDance","floor":24},{"not_picked":["blackbeard:VengefulSpirit","blackbeard:BountyHunter"],"picked":"blackbeard:Fencing+1","floor":25},{"not_picked":["blackbeard:Fencing","blackbeard:JollyRoger"],"picked":"blackbeard:TerrorOfTheSeas+1","floor":27},{"not_picked":["infinitespire:Punishment","infinitespire:Gouge"],"picked":"infinitespire:Collect","floor":33},{"not_picked":["blackbeard:SwordDance","blackbeard:Intoxication"],"picked":"blackbeard:InfiniteBarrage+1","floor":33},{"not_picked":["blackbeard:HumongousCannonball","blackbeard:TheDrunkenSailor"],"picked":"blackbeard:GoldenRain","floor":35},{"not_picked":["ReplayTheSpireMod:Faulty Equipment","hubris:Gluttony"],"picked":"Hallucinations","floor":36},{"not_picked":["conspire:Blindness","Amnesia"],"picked":"Doubt","floor":36},{"not_picked":["Pain","hubris:Sloth"],"picked":"ReplayTheSpireMod:Restless Dread","floor":36},{"not_picked":["blackbeard:TacticalRetreat+1","blackbeard:DangerousBlow"],"picked":"blackbeard:BrownPants+1","floor":37},{"not_picked":["blackbeard:Toast","blackbeard:BeatUp+1"],"picked":"blackbeard:RemoveScurvy+1","floor":38},{"not_picked":["infinitespire:FinalStrike","infinitespire:Oblivion"],"picked":"ReplayTheSpireMod:Black Plague","floor":39},{"not_picked":["blackbeard:RearmingStrike+1","blackbeard:Toast"],"picked":"blackbeard:Spear","floor":40},{"not_picked":["blackbeard:VengefulSpirit","blackbeard:Scrap+1"],"picked":"blackbeard:Upgrade","floor":43},{"not_picked":["blackbeard:BuriedTreasure+1","blackbeard:BlindAttacks+1","blackbeard:Provisioning"],"picked":"Singing Bowl","floor":47},{"not_picked":["blackbeard:SwordDance","blackbeard:FieryDefense"],"picked":"blackbeard:WiseDefense+1","floor":49},{"not_picked":["blackbeard:BoostMorale","blackbeard:Intoxication"],"picked":"blackbeard:CaptainsHat","floor":52},{"not_picked":["blackbeard:FieryDefense","blackbeard:Toast"],"picked":"blackbeard:CannonBarrage","floor":54},{"not_picked":["blackbeard:GoldenDefense","blackbeard:BeatUp+1"],"picked":"blackbeard:GoldenStrike+1","floor":58},{"not_picked":["blackbeard:DoubleCannonball+1","blackbeard:BeatUp+1"],"picked":"blackbeard:GoldenCannonball+1","floor":59},{"not_picked":["blackbeard:Sword","blackbeard:PirateHook+1"],"picked":"blackbeard:PirateEarring","floor":61},{"not_picked":["blackbeard:DeadlyArsenal","blackbeard:WoodenLeg","blackbeard:BrownPants"],"picked":"Singing Bowl","floor":63},{"not_picked":["blackbeard:PiratesWill","blackbeard:Dagger"],"picked":"blackbeard:GoldenRain+1","floor":65},{"not_picked":["blackbeard:FishingNets","blackbeard:GhostInTheRum"],"picked":"blackbeard:FieryDefense","floor":67}],"player_experience":760544,"relics_obtained":[{"floor":7,"key":"Matryoshka"},{"floor":9,"key":"Nunchaku"},{"floor":9,"key":"ReplayTheSpireMod:Shallot"},{"floor":10,"key":"Bag of Marbles"},{"floor":16,"key":"Replay:PocketPolymizer"},{"floor":25,"key":"Smiling Mask"},{"floor":28,"key":"blackbeard:WhitePearl"},{"floor":28,"key":"blackbeard:Spearhead"},{"floor":29,"key":"Necronomicon"},{"floor":33,"key":"Whetstone"},{"floor":43,"key":"Singing Bowl"},{"floor":45,"key":"Kunai"},{"floor":48,"key":"War Paint"},{"floor":49,"key":"Happy Flower"},{"floor":59,"key":"hubris:TenFootPole"},{"floor":61,"key":"Ornamental Fan"},{"floor":62,"key":"Pear"},{"floor":63,"key":"Bronze Scales"},{"floor":65,"key":"hubris:Potato"}],"event_choices":[{"damage_healed":0,"gold_gain":0,"player_choice":"Grow","damage_taken":0,"max_hp_gain":0,"max_hp_loss":0,"event_name":"Living Wall","floor":0,"gold_loss":0,"cards_upgraded":["blackbeard:Cutlass"]},{"damage_healed":0,"gold_gain":0,"player_choice":"Searched \u00272\u0027 times","damage_taken":0,"max_hp_gain":0,"max_hp_loss":0,"event_name":"Dead Adventurer","floor":16,"gold_loss":0},{"damage_healed":0,"gold_gain":0,"player_choice":"Upgrade","damage_taken":0,"max_hp_gain":0,"max_hp_loss":0,"event_name":"Designer","floor":23,"gold_loss":40,"cards_upgraded":["blackbeard:TheDrunkenSailor"]},{"damage_healed":0,"gold_gain":0,"player_choice":"Obtained Book","damage_taken":16,"max_hp_gain":0,"max_hp_loss":0,"event_name":"Cursed Tome","floor":29,"gold_loss":0},{"damage_healed":0,"gold_gain":0,"player_choice":"Obtained Relic","damage_taken":0,"relics_obtained":["Oddly Smooth Stone"],"max_hp_gain":0,"max_hp_loss":0,"event_name":"Addict","floor":31,"gold_loss":85},{"damage_healed":0,"gold_gain":0,"player_choice":"Leave","damage_taken":0,"max_hp_gain":0,"max_hp_loss":0,"event_name":"conspire:Investor","floor":32,"gold_loss":0},{"damage_healed":0,"gold_gain":0,"player_choice":"Bought 0 Potions","damage_taken":0,"max_hp_gain":0,"max_hp_loss":0,"event_name":"The Woman in Blue","floor":41,"gold_loss":0},{"cards_removed":["Doubt"],"damage_healed":0,"gold_gain":0,"player_choice":"Forget","damage_taken":0,"max_hp_gain":0,"max_hp_loss":0,"event_name":"Living Wall","floor":56,"gold_loss":0},{"damage_healed":0,"gold_gain":0,"player_choice":"Bought 0 Potions","damage_taken":0,"max_hp_gain":0,"max_hp_loss":0,"event_name":"The Woman in Blue","floor":57,"gold_loss":0}],"is_beta":false,"boss_relics":[{"not_picked":["Black Star","blackbeard:Karategi"],"picked":"energizedSpire:CursedPentagram"},{"not_picked":["Astrolabe","aspiration:PoetsPen"],"picked":"Replay:Ancient Bell"},{"not_picked":["hubris:ToyBattleship","CeramicFish"],"picked":"Tiny Chest"},{"not_picked":["hubris:Reverence","hubris:CrystalStatue"],"picked":"infinitespire:Midas Blood"},{"not_picked":["infinitespire:CursedDice","WingedGreaves"],"picked":"CaptainsWheel"},{"not_picked":["aspiration:IroncladSkillbook","hubris:TerracottaHorce"],"picked":"energizedSpire:SpiderWeb"}],"items_purged_floors":[30,50,66],"is_endless":true,"potions_floor_spawned":[1,10,15,18,24,25,27,38,40,47,49,58,59,61,67],"killed_by":"The Guardian","ascension_level":2}}