{"host":"4lebci84u2l5u89t","time":1608305779,"event":{"mods":["AchievementEnabler","Aspiration","Bard","BaseMod","Beaked The Cultist","Better Altar","Better Match","Better Note","Better Sensory Stone","Better Skull","Better Third Choice","BetterRewards","CCEM","Colored Map","Conspire","Downfall","GifTheSpireLib","Googly Eyes","Halation","Hermit","Highlight Path","Hubris","Hunter ??","Jedi Mod","Jorbs\u0027s Wanderer Trilogy","Lobotomy","Mad Scientist","Marisa????????","Mimic Mod","Minty Spire (QoL Compilation)","Permanent Neow","Replay The Spire","Shade Mod","Spicy Shops","StSLib","Stuff the Spire","Unceasing Turn Reminder"],"gold_per_floor":[99,118,129,129,148,148,187,198,198,233,233,251,128,128,139,239,239,239,239],"floor_reached":18,"playtime":1344,"items_purged":[],"score":162,"play_id":"e82dce97-cc27-4b0f-a6b6-2da7acd5d9ab","local_time":"20201218163619","is_ascension_mode":false,"campfire_choices":[{"data":"beaked:Ceremony","floor":1,"key":"SMITH"},{"data":"beaked:MaddeningMurmurs","floor":6,"key":"SMITH"},{"data":"beaked:MachineSpirit","floor":9,"key":"SMITH"}],"circlet_count":0,"master_deck":["beaked:Strike_Y","beaked:Strike_Y","beaked:Strike_Y","beaked:Strike_Y+1","beaked:Strike_Y+1","beaked:Defend_Y","beaked:Defend_Y","beaked:Defend_Y","beaked:Defend_Y","beaked:Ceremony+1","beaked:Ceremony+1","Replay:SS_hec_1","beaked:Brace","beaked:MaddeningMurmurs+1","beaked:MachineSpirit+1","beaked:Struggle","beaked:MachineSpirit","Scorching Beam","Self Repair","beaked:FeelMyPain","beaked:WarriorSpirit","beaked:Windmill","Panache","Replay:Bootleg Shield Generator","Finesse","beaked:BraceForImpact","beaked:ScreechingChant"],"relics":["beaked:MendingPlumage","Whetstone","Potion Belt","ReplayTheSpireMod:ShopPack","conspire:SlowCooker"],"acts_visited":["Exordium","TheCity"],"potions_floor_usage":[12,15,16,18,18],"damage_taken":[{"damage":8,"enemies":"2 Louse","floor":2,"turns":4},{"damage":17,"enemies":"Cultist","floor":3,"turns":5},{"damage":14,"enemies":"Jaw Worm","floor":5,"turns":7},{"damage":13,"enemies":"2 Fungi Beasts","floor":7,"turns":8},{"damage":27,"enemies":"2 Fungi Beasts","floor":8,"turns":5},{"damage":44,"enemies":"3 Sentries","floor":10,"turns":8},{"damage":33,"enemies":"Blue Slaver","floor":12,"turns":5},{"damage":10,"enemies":"downfall:FleeingMerchant","floor":13,"turns":4},{"damage":29,"enemies":"Lots of Slimes","floor":15,"turns":5},{"damage":52,"enemies":"downfall:Watcher","floor":16,"turns":8},{"damage":74,"enemies":"downfall:Augmenter","floor":18,"turns":6}],"seed_played":"97968995045344770","potions_obtained":[{"floor":2,"key":"champ:CounterPotion"},{"floor":10,"key":"BlessingOfTheForge"},{"floor":12,"key":"beaked:MendingBrew"},{"floor":15,"key":"Fire Potion"},{"floor":16,"key":"Explosive Potion"}],"is_trial":false,"path_per_floor":["R","M","M","?","M","R","MIM","M","R","E","?","M","$","?","M","B",null,"R_BF"],"character_chosen":"BEAKED_THE_CULTIST","items_purchased":["beaked:Windmill","ReplayTheSpireMod:ShopPack"],"campfire_rested":0,"item_purchase_floors":[13,13],"current_hp_per_floor":[50,48,39,39,45,45,50,33,33,22,22,30,50,50,44,50,50,0,0],"gold":239,"neow_bonus":"RANDOM_COLORLESS","is_daily":false,"chose_seed":false,"campfire_upgraded":3,"win_rate":0.0,"timestamp":1608305779,"path_taken":["R","M","M","?","?","R","MIM","M","R","E","?","M","$","?","M","BOSS","R_BF"],"items_purchased_type":["Card","Relic"],"build_version":"2020-12-13","purchased_purges":0,"victory":false,"max_hp_per_floor":[50,50,50,50,50,50,50,50,50,50,50,50,50,50,50,50,50,50,50],"card_choices":[{"not_picked":["expansioncontent:AwakenDeath","hubris:Insight"],"picked":"Replay:SS_hec_1","floor":0},{"not_picked":["beaked:SurvivalInstinct","beaked:Insight"],"picked":"beaked:Brace","floor":2},{"not_picked":["beaked:Insight","beaked:Tradeoff"],"picked":"beaked:MaddeningMurmurs","floor":3},{"not_picked":["beaked:Hexing","beaked:SurvivalInstinct"],"picked":"beaked:MachineSpirit","floor":5},{"not_picked":["beaked:BloodForTheGods","beaked:Caw"],"picked":"beaked:Struggle","floor":7},{"not_picked":["beaked:Poke","beaked:Flinch","beaked:RitualOfBody"],"picked":"SKIP","floor":8},{"not_picked":["beaked:MimicWarrior","beaked:FeelMyPain"],"picked":"beaked:MachineSpirit","floor":10},{"not_picked":["beaked:Tradeoff","beaked:Devastation"],"picked":"beaked:FeelMyPain","floor":12},{"not_picked":["ReplayTheSpireMod:Prepare the Ceremony","beaked:Insight"],"picked":"beaked:WarriorSpirit","floor":13},{"not_picked":["HandOfGreed","Metamorphosis"],"picked":"Panache","floor":13},{"not_picked":["Trip","Impatience"],"picked":"Replay:Bootleg Shield Generator","floor":13},{"not_picked":["Blind","Mind Blast"],"picked":"Finesse","floor":13},{"not_picked":["beaked:Flinch","beaked:Negation"],"picked":"beaked:BraceForImpact","floor":15},{"not_picked":["beaked:KnowThyFoe","beaked:CheekyTricks"],"picked":"beaked:ScreechingChant","floor":16}],"player_experience":252177,"relics_obtained":[{"floor":7,"key":"Whetstone"},{"floor":10,"key":"Potion Belt"}],"event_choices":[{"cards_removed":["beaked:Strike_Y"],"damage_healed":0,"gold_gain":0,"player_choice":"Purged","damage_taken":0,"max_hp_gain":0,"max_hp_loss":0,"event_name":"Purifier","floor":4,"gold_loss":0},{"damage_healed":0,"gold_gain":0,"player_choice":"Grow","damage_taken":0,"max_hp_gain":0,"max_hp_loss":0,"event_name":"Living Wall","floor":14,"gold_loss":0,"cards_upgraded":["beaked:Ceremony"]}],"is_beta":false,"boss_relics":[{"not_picked":["jedi:battlestandard","halation:PlatinumPhoenix"],"picked":"conspire:SlowCooker"}],"items_purged_floors":[],"is_endless":false,"potions_floor_spawned":[2,10,12,15,16],"killed_by":"downfall:Augmenter","ascension_level":0}}