{"host":"2lqi9xx9scmc3cqh","time":1608301079,"event":{"mods":["AchievementEnabler","BaseMod","Colored Map","Minty Spire (QoL Compilation)","Remove Card Discount Mod","StSLib"],"gold_per_floor":[113,113,123,139,109,109,129,162,162,162,173,173,188,4720,4720,4821,4821,4832,4333,4333,4347,4358,4358,4393,4393,4417,4451,4451,4070,4080,4105,4105,4202,4202,4217,4217,4267,4284,4294,4294,4629,4629,4629,4127,4145,4163,4174,0,0,0],"floor_reached":51,"playtime":7729,"items_purged":["Defend_G","Defend_G","Strike_G","Strike_G","Defend_G","Strike_G","Defend_G"],"score":1219,"play_id":"36546904-a029-40fd-8f67-92203960284b","local_time":"20201218231759","is_ascension_mode":true,"campfire_choices":[{"data":"Backflip","floor":6.0,"key":"SMITH"},{"floor":10.0,"key":"REST"},{"data":"Cloak And Dagger","floor":12.0,"key":"SMITH"},{"floor":15.0,"key":"REST"},{"data":"Blade Dance","floor":23.0,"key":"SMITH"},{"data":"Footwork","floor":25.0,"key":"SMITH"},{"data":"RitualDagger","floor":32.0,"key":"SMITH"},{"data":"After Image","floor":40.0,"key":"SMITH"},{"data":"Cloak And Dagger","floor":42.0,"key":"SMITH"},{"floor":49,"key":"REST"}],"circlet_count":0,"master_deck":["Strike_G","Strike_G","Defend_G","Survivor","Neutralize+1","Backflip+1","Dagger Spray","Prepared","Cloak And Dagger+1","Cloak And Dagger+1","Footwork+1","Acrobatics","Blade Dance+1","Infinite Blades+1","RitualDagger+1","After Image+1","Tactician"],"relics":["Ring of the Snake","Anchor","Paper Crane","Gambling Chip","Boot","Strange Spoon","Sozu","Gremlin Horn","InkBottle","Thread and Needle","Unceasing Top","Ancient Tea Set","Vajra","OrangePellets","Art of War","Bag of Preparation","SlaversCollar","Turnip","Old Coin","Pantograph","PreservedInsect","Happy Flower","TwistedFunnel","Red Mask"],"acts_visited":["Exordium","TheCity","TheBeyond"],"potions_floor_usage":[],"damage_taken":[{"damage":0.0,"enemies":"Small Slimes","floor":1.0,"turns":5.0},{"damage":2.0,"enemies":"Cultist","floor":3.0,"turns":4.0},{"damage":0.0,"enemies":"2 Louse","floor":4.0,"turns":3.0},{"damage":22.0,"enemies":"Exordium Thugs","floor":5.0,"turns":5.0},{"damage":3.0,"enemies":"3 Louse","floor":7.0,"turns":3.0},{"damage":29.0,"enemies":"Gremlin Nob","floor":8.0,"turns":5.0},{"damage":0.0,"enemies":"Looter","floor":11.0,"turns":3.0},{"damage":5.0,"enemies":"Exordium Thugs","floor":13.0,"turns":5.0},{"damage":24.0,"enemies":"Slime Boss","floor":16.0,"turns":9.0},{"damage":0.0,"enemies":"3 Byrds","floor":18.0,"turns":4.0},{"damage":0.0,"enemies":"Spheric Guardian","floor":21.0,"turns":5.0},{"damage":0.0,"enemies":"Centurion and Healer","floor":22.0,"turns":6.0},{"damage":3.0,"enemies":"Slavers","floor":24.0,"turns":4.0},{"damage":0.0,"enemies":"Gremlin Leader","floor":27.0,"turns":4.0},{"damage":0.0,"enemies":"Snake Plant","floor":30.0,"turns":4.0},{"damage":0.0,"enemies":"Book of Stabbing","floor":31.0,"turns":5.0},{"damage":2.0,"enemies":"Champ","floor":33.0,"turns":9.0},{"damage":0.0,"enemies":"3 Darklings","floor":35.0,"turns":4.0},{"damage":0.0,"enemies":"Mind Bloom Boss Battle","floor":37.0,"turns":5.0},{"damage":24.0,"enemies":"3 Shapes","floor":38.0,"turns":3.0},{"damage":7.0,"enemies":"3 Darklings","floor":39.0,"turns":4.0},{"damage":0.0,"enemies":"Giant Head","floor":41.0,"turns":7.0},{"damage":0.0,"enemies":"Spire Growth","floor":45.0,"turns":3.0},{"damage":0,"enemies":"Jaw Worm Horde","floor":46,"turns":3},{"damage":0,"enemies":"3 Darklings","floor":47,"turns":3},{"damage":6,"enemies":"Awakened One","floor":50,"turns":13}],"seed_played":"-8757956717848710022","potions_obtained":[{"floor":7.0,"key":"FearPotion"},{"floor":8.0,"key":"ColorlessPotion"},{"floor":13.0,"key":"Energy Potion"}],"is_trial":false,"path_per_floor":["M","?","M","M","M","R","M","E","T","R","M","R","M","$","R","B",null,"M","$","?","M","M","R","E","R","T","E","?","$","M","E","R","B",null,"M","?","?","M","M","R","E","R","T","$","M","M","M","?","R","B",null],"character_chosen":"THE_SILENT","items_purchased":["Boot","Strange Spoon","Footwork","Acrobatics","Fire Potion","Gremlin Horn","InkBottle","After Image","OrangePellets","Art of War","PreservedInsect","Happy Flower","TwistedFunnel","Tactician"],"campfire_rested":3,"item_purchase_floors":[14,14,14,14,14,19,19,29,29,29,44,44,44,44],"current_hp_per_floor":[63,63,61,61,39,39,36,7,7,28,28,28,23,23,44,20,58,58,58,58,58,58,58,55,55,55,55,49,49,49,49,49,47,64,64,64,64,40,33,33,33,33,33,33,33,33,33,33,54,64],"gold":0,"neow_bonus":"RANDOM_COMMON_RELIC","is_daily":false,"chose_seed":false,"campfire_upgraded":7,"win_rate":0.0,"timestamp":1608301079,"path_taken":["M","?","M","M","M","R","M","E","T","R","?","R","?","$","R","BOSS","M","$","?","?","M","R","E","R","T","E","?","$","M","E","R","BOSS","M","?","?","?","M","R","E","R","T","$","M","?","M","?","R","BOSS"],"items_purchased_type":["Relic","Relic","Card","Card","Potion","Relic","Relic","Card","Relic","Relic","Relic","Relic","Relic","Card"],"build_version":"2020-12-13","purchased_purges":7,"victory":true,"max_hp_per_floor":[70,70,70,70,70,70,70,70,70,70,70,70,70,70,70,70,70,70,70,70,70,70,70,70,70,70,70,70,70,70,70,70,70,70,70,70,70,70,70,70,70,70,70,70,70,70,70,70,70,70],"card_choices":[{"not_picked":["Sucker Punch","Infinite Blades"],"picked":"Backflip","floor":1.0},{"not_picked":["Prepared","Deadly Poison"],"picked":"Dagger Spray","floor":3.0},{"not_picked":["Outmaneuver","Skewer","Quick Slash"],"picked":"SKIP","floor":4.0},{"not_picked":["Backflip","Outmaneuver"],"picked":"Prepared","floor":5.0},{"not_picked":["Setup","Predator"],"picked":"Cloak And Dagger","floor":7.0},{"not_picked":["Crippling Poison","Envenom","Outmaneuver"],"picked":"SKIP","floor":8.0},{"not_picked":["Noxious Fumes","Deflect","Sucker Punch"],"picked":"SKIP","floor":11.0},{"not_picked":["Deadly Poison","Quick Slash"],"picked":"Cloak And Dagger","floor":13.0},{"not_picked":["Dagger Spray","Dash+1","Bane"],"picked":"SKIP","floor":18.0},{"not_picked":["Predator","Dagger Throw","Cloak And Dagger"],"picked":"SKIP","floor":21.0},{"not_picked":["Skewer+1","Well Laid Plans+1"],"picked":"Blade Dance","floor":22.0},{"not_picked":["Skewer","Malaise","Dagger Throw"],"picked":"SKIP","floor":24.0},{"not_picked":["Dagger Throw","Poisoned Stab+1"],"picked":"Infinite Blades+1","floor":27.0},{"not_picked":["Eviscerate+1","Blur","Dagger Spray"],"picked":"SKIP","floor":30.0},{"not_picked":["Dagger Spray","Footwork","Flying Knee"],"picked":"SKIP","floor":31.0},{"not_picked":["Terror","Underhanded Strike","Deadly Poison+1"],"picked":"SKIP","floor":35.0},{"not_picked":["Eviscerate+1","Slice+1","All Out Attack"],"picked":"SKIP","floor":38.0},{"not_picked":["Deadly Poison+1","Bane","Choke"],"picked":"SKIP","floor":39.0},{"not_picked":["Underhanded Strike","Leg Sweep","Bane+1"],"picked":"SKIP","floor":41.0},{"not_picked":["Backflip","Noxious Fumes","Choke"],"picked":"SKIP","floor":45.0},{"not_picked":["Blade Dance","Quick Slash+1","Poisoned Stab"],"picked":"SKIP","floor":46},{"not_picked":["Glass Knife","Blade Dance+1","Tactician+1"],"picked":"SKIP","floor":47}],"player_experience":358152,"relics_obtained":[{"floor":8.0,"key":"Paper Crane"},{"floor":9.0,"key":"Gambling Chip"},{"floor":20.0,"key":"Thread and Needle"},{"floor":24.0,"key":"Unceasing Top"},{"floor":26.0,"key":"Ancient Tea Set"},{"floor":27.0,"key":"Vajra"},{"floor":31.0,"key":"Bag of Preparation"},{"floor":37.0,"key":"Turnip"},{"floor":41.0,"key":"Old Coin"},{"floor":43.0,"key":"Pantograph"}],"event_choices":[{"damage_healed":0.0,"max_hp_gain":0.0,"max_hp_loss":0.0,"gold_gain":0.0,"event_name":"Upgrade Shrine","player_choice":"Upgraded","floor":2.0,"gold_loss":0.0,"damage_taken":0.0,"cards_upgraded":["Neutralize"]},{"damage_healed":0.0,"max_hp_gain":0.0,"max_hp_loss":0.0,"gold_gain":0.0,"event_name":"Wheel of Change","player_choice":"Relic","floor":20.0,"gold_loss":0.0,"damage_taken":0.0},{"damage_healed":0.0,"max_hp_gain":0.0,"max_hp_loss":0.0,"gold_gain":0.0,"event_name":"Nest","player_choice":"Joined the Cult","floor":28.0,"gold_loss":0.0,"damage_taken":6.0,"cards_obtained":["RitualDagger"]},{"damage_healed":0.0,"max_hp_gain":0.0,"max_hp_loss":0.0,"gold_gain":0.0,"event_name":"SensoryStone","player_choice":"Memory 1","floor":36.0,"gold_loss":0.0,"damage_taken":0.0},{"damage_healed":0.0,"max_hp_gain":0.0,"max_hp_loss":0.0,"gold_gain":0.0,"event_name":"MindBloom","player_choice":"Fight","floor":37.0,"gold_loss":0.0,"damage_taken":0.0},{"damage_healed":0,"gold_gain":0,"player_choice":"Paid","damage_taken":0,"relics_obtained":["Red Mask"],"max_hp_gain":0,"max_hp_loss":0,"event_name":"Tomb of Lord Red Mask","floor":48,"gold_loss":4174}],"is_beta":false,"boss_relics":[{"not_picked":["Pandora\u0027s Box","SacredBark"],"picked":"Sozu"},{"not_picked":["Busted Crown","Black Star"],"picked":"SlaversCollar"}],"items_purged_floors":[14,14,14,14,14,14,44],"is_endless":false,"potions_floor_spawned":[7,8,13,21,22,24,27,39,41,45],"ascension_level":9}}