{"host":"1tmagqyeywr2w44t","time":1608260045,"event":{"mods":["2.2 Compatiblity","BaseMod","Colored Powertips","Marisa£¨Ùöéë¡¡Øª×âÞÞ£©","Minty Spire (QoL Compilation)","Rare Cards Sparkle","Replay The Spire","StSLib","SuperFastMode","The Cursed"],"gold_per_floor":[109,119,119,119,134,134,175,175,175,219,3,28,43,84,84,215,215,234,252,252,271,296,331,331,344,344,383,413,425,470,482,494,635,647,683,711,723,478,502,535,535,573,573,138,182,201,214,214,214,214,214,214,92,130,130],"floor_reached":56,"playtime":2207,"items_purged":[],"score":2512,"play_id":"5bd0b6de-d62c-42e6-937e-e34f321aa75e","local_time":"20201218115405","is_ascension_mode":true,"campfire_choices":[{"data":"TheCursedMod:AshesToAshes","floor":6.0,"key":"SMITH"},{"data":"TheCursedMod:CircleOfAbyss","floor":8.0,"key":"SMITH"},{"data":"TheCursedMod:ParallelWorld","floor":15.0,"key":"SMITH"},{"data":"TheCursedMod:NeowsMight","floor":24.0,"key":"SMITH"},{"data":"TheCursedMod:Hemoplague","floor":29.0,"key":"PURGE"},{"data":"Writhe","floor":32.0,"key":"PURGE"},{"floor":49,"key":"RECALL"},{"data":"1","floor":52,"key":"LIFT"}],"circlet_count":0,"master_deck":["TheCursedMod:CursedWand","TheCursedMod:CircleOfFlame","TheCursedMod:Mangle","TheCursedMod:Mangle","TheCursedMod:Mangle","TheCursedMod:AshesToAshes+1","TheCursedMod:NeowsMight+1","TheCursedMod:ParallelWorld+1","Flash of Steel","TheCursedMod:CircleOfAbyss+1","TheCursedMod:Hemoplague","Pot Of Greed+1","TheCursedMod:Neurasthenia","The Bomb+1","TheCursedMod:SoulReap+1","Master of Strategy","TheCursedMod:OutForBlood+1"],"relics":["TheCursedMod:Tack","Golden Idol","Pet Ghost","Replay:Bottled Flurry","Onion Ring","ReplayTheSpireMod:TigerMarble","Peace Pipe","Painkiller Herb","Replay:Mystery Machine","Sundial","MawBank","Grinning Jar","Gremlin Horn","Astrolabe","HornCleat","Counterbalance","Girya","Shuriken","Golden Egg","Replay:Accelerometer"],"acts_visited":["Exordium","TheCity","TheBeyond","TheEnding"],"potions_floor_usage":[45,50,55,55],"damage_taken":[{"damage":0.0,"enemies":"Cultist","floor":1.0,"turns":1.0},{"damage":0.0,"enemies":"2 Louse","floor":2.0,"turns":1.0},{"damage":0.0,"enemies":"Jaw Worm","floor":5.0,"turns":1.0},{"damage":0.0,"enemies":"Gremlin Nob","floor":7.0,"turns":1.0},{"damage":0.0,"enemies":"3 Sentries","floor":10.0,"turns":3.0},{"damage":0.0,"enemies":"Exordium Wildlife","floor":12.0,"turns":1.0},{"damage":0.0,"enemies":"2 Fungi Beasts","floor":13.0,"turns":2.0},{"damage":0.0,"enemies":"Gremlin Nob","floor":14.0,"turns":2.0},{"damage":0.0,"enemies":"Hexaghost","floor":16.0,"turns":3.0},{"damage":0.0,"enemies":"2 Thieves","floor":18.0,"turns":2.0},{"damage":0.0,"enemies":"Spheric Guardian","floor":19.0,"turns":1.0},{"damage":0.0,"enemies":"Snecko","floor":21.0,"turns":1.0},{"damage":0.0,"enemies":"Snake Plant","floor":22.0,"turns":1.0},{"damage":0.0,"enemies":"Gremlin Leader","floor":23.0,"turns":2.0},{"damage":12.0,"enemies":"Shelled Parasite and Fungi","floor":25.0,"turns":2.0},{"damage":19.0,"enemies":"Book of Stabbing","floor":27.0,"turns":3.0},{"damage":7.0,"enemies":"Cultist and Chosen","floor":28.0,"turns":2.0},{"damage":0.0,"enemies":"Gremlin Leader","floor":30.0,"turns":2.0},{"damage":0.0,"enemies":"Champ","floor":33.0,"turns":9.0},{"damage":0.0,"enemies":"3 Shapes","floor":35.0,"turns":3.0},{"damage":0.0,"enemies":"Orb Walker","floor":36.0,"turns":2.0},{"damage":0,"enemies":"Maw","floor":39,"turns":2},{"damage":5,"enemies":"Nemesis","floor":40,"turns":3},{"damage":0,"enemies":"Reptomancer","floor":42,"turns":2},{"damage":9,"enemies":"R_Hoarder","floor":45,"turns":6},{"damage":10,"enemies":"Spire Growth","floor":46,"turns":4},{"damage":0,"enemies":"Writhing Mass","floor":47,"turns":3},{"damage":0,"enemies":"Donu and Deca","floor":50,"turns":7},{"damage":24,"enemies":"Shield and Spear","floor":54,"turns":2},{"damage":5,"enemies":"The Heart","floor":55,"turns":8}],"seed_played":"-6376055018059561629","potions_obtained":[{"floor":1.0,"key":"Dexterity Potion"},{"floor":13.0,"key":"Explosive Potion"},{"floor":18.0,"key":"FearPotion"},{"floor":27.0,"key":"DistilledChaos"},{"floor":39,"key":"Dexterity Potion"},{"floor":40,"key":"Swift Potion"},{"floor":42,"key":"Adrenaline Potion"}],"is_trial":false,"path_per_floor":["M","M","?","?","M","R","E","R","T","E","$","M","M","E","R","B",null,"?","?","?","?","?","E","T","?","T","E","?","T","E","?","T","B",null,"?","?","?","T","?","E","?","E","T","T","E","?","?","?","T","B",null,"T","T","E","B",null],"character_chosen":"THE_CURSED","items_purchased":["ReplayTheSpireMod:TigerMarble","TheCursedMod:Hemoplague","HornCleat","Shuriken","Master of Strategy","DuplicationPotion","SkillPotion"],"campfire_rested":0,"item_purchase_floors":[11,11,38,44,44,53,53],"current_hp_per_floor":[75,75,55,55,55,55,55,55,55,55,55,55,55,59,59,59,76,76,76,60,60,60,60,60,48,48,44,37,37,37,37,37,37,71,78,82,82,82,82,82,82,82,82,82,76,76,82,82,82,82,82,82,82,68,74],"gold":130,"neow_bonus":"TEN_PERCENT_HP_BONUS","is_daily":false,"chose_seed":false,"campfire_upgraded":4,"win_rate":0.0,"timestamp":1608260045,"path_taken":["M","M","?","?","M","R","E","R","T","E","?","M","M","E","R","BOSS","?","?","?","?","?","E","T","?","T","E","?","T","E","?","T","BOSS","?","?","?","T","?","E","?","E","T","T","E","?","?","?","T","BOSS","T","T","E","BOSS"],"items_purchased_type":["Relic","Card","Relic","Relic","Card","Potion","Potion"],"build_version":"2020-12-13","purchased_purges":0,"victory":true,"max_hp_per_floor":[82,82,82,82,82,82,82,82,82,82,82,82,82,82,82,82,82,82,82,82,82,82,82,82,82,82,82,82,82,82,82,82,82,82,82,82,82,82,82,82,82,82,82,82,82,82,82,82,82,82,82,82,82,82,82],"card_choices":[{"not_picked":["TheCursedMod:ReleasedKnowledge","TheCursedMod:Stretching","TheCursedMod:RapidMovement"],"picked":"SKIP","floor":1.0},{"not_picked":["TheCursedMod:RavingStaff","TheCursedMod:SmokeScreen","TheCursedMod:VitalStrike"],"picked":"SKIP","floor":2.0},{"not_picked":["TheCursedMod:SmokeScreen","TheCursedMod:SpitefulStrike","TheCursedMod:AshesToAshes"],"picked":"SKIP","floor":5.0},{"not_picked":["TheCursedMod:SurpriseAttack","TheCursedMod:AntiAging"],"picked":"TheCursedMod:CircleOfAbyss","floor":7.0},{"not_picked":["TheCursedMod:ManaBullet","TheCursedMod:Stretching","TheCursedMod:CursedShiv"],"picked":"SKIP","floor":10.0},{"not_picked":["TheCursedMod:Obscuration","TheCursedMod:SmokeScreen","TheCursedMod:WearCloak"],"picked":"SKIP","floor":12.0},{"not_picked":["TheCursedMod:CircleOfBlood","TheCursedMod:CursedBlade","TheCursedMod:CursedArmor"],"picked":"SKIP","floor":13.0},{"not_picked":["TheCursedMod:CircleOfCorruption","TheCursedMod:ForbiddenAlchemy","TheCursedMod:Obscuration"],"picked":"SKIP","floor":14.0},{"not_picked":["TheCursedMod:Obscuration","TheCursedMod:Torture","TheCursedMod:SpitefulStrike"],"picked":"SKIP","floor":18.0},{"not_picked":["TheCursedMod:CursedMace","TheCursedMod:Stretching","TheCursedMod:SoulCrush"],"picked":"SKIP","floor":19.0},{"not_picked":["TheCursedMod:RapidMovement","TheCursedMod:HellsGateOpen","TheCursedMod:LuckyCharm"],"picked":"SKIP","floor":21.0},{"not_picked":["TheCursedMod:Torture","TheCursedMod:CollectTribute","TheCursedMod:Wield"],"picked":"SKIP","floor":22.0},{"not_picked":["TheCursedMod:CursedBlade","TheCursedMod:CursedBoomerang","TheCursedMod:Obscuration"],"picked":"SKIP","floor":23.0},{"not_picked":["TheCursedMod:CursedShiv+1","TheCursedMod:Stretching"],"picked":"TheCursedMod:CircleOfWindfury+1","floor":25.0},{"not_picked":["TheCursedMod:SpitefulStrike+1","TheCursedMod:RapidMovement","TheCursedMod:Torture"],"picked":"SKIP","floor":27.0},{"not_picked":["TheCursedMod:RapidMovement","TheCursedMod:CursedBlade","TheCursedMod:SoulReap"],"picked":"SKIP","floor":28.0},{"not_picked":["TheCursedMod:TroublousMinions","TheCursedMod:WearCloak","TheCursedMod:TacticalStrike"],"picked":"SKIP","floor":30.0},{"not_picked":["TheCursedMod:CollectTribute","TheCursedMod:VoidForm"],"picked":"TheCursedMod:Neurasthenia","floor":33.0},{"not_picked":["TheCursedMod:Hemoplague","TheCursedMod:ReleasedStrength","TheCursedMod:SurpriseAttack"],"picked":"SKIP","floor":35.0},{"not_picked":["TheCursedMod:CircleOfCorruption","TheCursedMod:TacticalStrike","TheCursedMod:CursedBlade"],"picked":"SKIP","floor":36.0},{"not_picked":["TheCursedMod:CircleOfCorruption","TheCursedMod:CircleOfFocus+1","TheCursedMod:SurpriseAttack"],"picked":"SKIP","floor":39},{"not_picked":["TheCursedMod:Torture+1","TheCursedMod:CursedAmulet","TheCursedMod:CursedArmor"],"picked":"SKIP","floor":40},{"not_picked":["TheCursedMod:CursedStaff","TheCursedMod:BlessingInDisguise+1","TheCursedMod:SmokeScreen"],"picked":"SKIP","floor":42},{"not_picked":["TheCursedMod:ManaBullet","TheCursedMod:RavingStaff","TheCursedMod:CursedRelics"],"picked":"SKIP","floor":45},{"not_picked":["TheCursedMod:TroublousMinions","TheCursedMod:RapidMovement","TheCursedMod:CircleOfFlame"],"picked":"SKIP","floor":46},{"not_picked":["TheCursedMod:CursedBoomerang","TheCursedMod:SaltUponWound+1","TheCursedMod:CircleOfCorruption+1"],"picked":"SKIP","floor":47},{"not_picked":["TheCursedMod:AbyssShockwave","TheCursedMod:Torture"],"picked":"TheCursedMod:OutForBlood","floor":54}],"player_experience":169216,"relics_obtained":[{"floor":7.0,"key":"Pet Ghost"},{"floor":9.0,"key":"Replay:Bottled Flurry"},{"floor":10.0,"key":"Onion Ring"},{"floor":14.0,"key":"Peace Pipe"},{"floor":23.0,"key":"Replay:Mystery Machine"},{"floor":26.0,"key":"Sundial"},{"floor":27.0,"key":"MawBank"},{"floor":30.0,"key":"Grinning Jar"},{"floor":40,"key":"Counterbalance"},{"floor":42,"key":"Girya"},{"floor":45,"key":"Golden Egg"},{"floor":54,"key":"Replay:Accelerometer"}],"event_choices":[{"damage_healed":0.0,"max_hp_gain":0.0,"max_hp_loss":0.0,"gold_gain":0.0,"event_name":"Golden Idol","player_choice":"Take Damage","floor":3.0,"gold_loss":0.0,"damage_taken":20.0,"relics_obtained":["Golden Idol"]},{"damage_healed":0.0,"max_hp_gain":0.0,"max_hp_loss":0.0,"gold_gain":0.0,"event_name":"The Cleric","player_choice":"Leave","floor":4.0,"gold_loss":0.0,"damage_taken":0.0},{"damage_healed":0.0,"max_hp_gain":0.0,"max_hp_loss":0.0,"gold_gain":0.0,"event_name":"Cursed Tome","player_choice":"Obtained Book","floor":20.0,"gold_loss":0.0,"damage_taken":16.0},{"damage_healed":0.0,"max_hp_gain":0.0,"max_hp_loss":0.0,"gold_gain":0.0,"event_name":"The Mausoleum","player_choice":"Opened","floor":31.0,"gold_loss":0.0,"damage_taken":0.0,"relics_obtained":["Gremlin Horn"],"cards_obtained":["Writhe"]},{"damage_healed":0,"gold_gain":0,"player_choice":"Upgraded","damage_taken":0,"max_hp_gain":0,"max_hp_loss":0,"event_name":"Upgrade Shrine","floor":41,"gold_loss":0,"cards_upgraded":["Pot Of Greed"]},{"cards_removed":["TheCursedMod:VoidForm"],"damage_healed":0,"gold_gain":0,"player_choice":"Removed Power","damage_taken":0,"max_hp_gain":0,"max_hp_loss":0,"event_name":"Falling","floor":48,"gold_loss":0}],"is_beta":false,"boss_relics":[{"not_picked":["Abe\u0027s Treasure","TheCursedMod:FourLeafCloverCharm"],"picked":"Painkiller Herb"},{"not_picked":["Honey Jar","Replay:Wanted Poster"],"picked":"Astrolabe"}],"items_purged_floors":[],"is_endless":false,"potions_floor_spawned":[1,13,14,16,18,19,25,27,39,40,42,54],"ascension_level":12}}