{"host":"lix655q3qm1o3wym","time":1608319571,"event":{"mods":["Act Like it!","BaseMod","Beaked The Cultist","Better Third Choice","Better Vampires","Colored Powertips","Downfall","Minty Spire (QoL Compilation)","Quick Restart","StSLib","The Construct","The Cursed","The Disciple","The Necromancer"],"gold_per_floor":[99,99,134,134,134,146,146,146,162,192,204,304,321,335,347,442,442,442,462,462,462,482,482,482,482,482,482,498,513,527,537,548,650,650,650,667,667,695,147,162,233,262,262,294,313,313,328,59,76,76],"floor_reached":51,"playtime":6814,"items_purged":["Guardian:Strike_Guardian","Guardian:Strike_Guardian"],"score":835,"play_id":"9a3f197d-93bd-4e6e-b743-c3ae98195467","local_time":"20201218122611","is_ascension_mode":true,"campfire_choices":[{"data":"Guardian:TwinSlam","floor":1.0,"key":"SMITH"},{"data":"Guardian:BaubleBeam","floor":18,"key":"SMITH"},{"data":"Guardian:Orbwalk","floor":21,"key":"SMITH"},{"floor":23,"key":"RECALL"},{"floor":27,"key":"REST"},{"data":"Guardian:TimeCapacitor","floor":35,"key":"SMITH"},{"data":"Guardian:Reroute","floor":37,"key":"SMITH"},{"data":"Guardian:FuturePlans","floor":43,"key":"SMITH"}],"circlet_count":0,"master_deck":["Guardian:Defend_Guardian","Guardian:Defend_Guardian","Guardian:Defend_Guardian","Guardian:Defend_Guardian","Guardian:CurlUp+1","Guardian:TwinSlam+1","Guardian:ShieldCharger","Guardian:DonusPower+1","Guardian:Recover+1","Guardian:Incinerate","Guardian:Harden+1","Guardian:Clone+1","Guardian:TimeCapacitor+1","Guardian:BaubleBeam+1","Guardian:Preprogram+1","Guardian:Reroute+1","Guardian:FastForward+1","Guardian:Orbwalk+1","Guardian:Recover+1","Guardian:VentSteam+1","Guardian:Clone+1","Guardian:Emergency+1","Guardian:TemporalShield+1","Guardian:Preprogram+1","Guardian:FuturePlans+1","Guardian:TemporalShield+1","Guardian:Clone+1","Guardian:Emergency+1","Guardian:TimeSifter+1","Guardian:BronzeOrb+1","Guardian:Suspension+1"],"relics":["Guardian:ModeShifterPlus","downfall:HeartsMalice","Toxic Egg 2","Calipers","SlaversCollar","downfall:RedIOU","Letter Opener","Meat on the Bone","Frozen Eye","Matryoshka","Art of War","Molten Egg 2","Orichalcum","Frozen Egg 2"],"acts_visited":["Exordium","TheCity","TheBeyond"],"potions_floor_usage":[10,16,16,16,22,28,30,38,42,42,50,50],"damage_taken":[{"damage":0.0,"enemies":"Small Slimes","floor":2.0,"turns":1.0},{"damage":0,"enemies":"Lagavulin","floor":3,"turns":1},{"damage":0,"enemies":"Jaw Worm","floor":4,"turns":1},{"damage":0,"enemies":"2 Louse","floor":6,"turns":3},{"damage":0,"enemies":"2 Fungi Beasts","floor":9,"turns":3},{"damage":22,"enemies":"Gremlin Nob","floor":10,"turns":4},{"damage":13,"enemies":"Large Slime","floor":11,"turns":5},{"damage":15,"enemies":"downfall:Heads","floor":12,"turns":7},{"damage":0,"enemies":"Lots of Slimes","floor":13,"turns":4},{"damage":0,"enemies":"Exordium Wildlife","floor":14,"turns":6},{"damage":0,"enemies":"Blue Slaver","floor":15,"turns":4},{"damage":30,"enemies":"downfall:Ironclad","floor":16,"turns":7},{"damage":3,"enemies":"Chosen","floor":19,"turns":5},{"damage":36,"enemies":"Snake Plant","floor":22,"turns":5},{"damage":0,"enemies":"Snecko","floor":28,"turns":4},{"damage":8,"enemies":"Chosen and Byrds","floor":29,"turns":4},{"damage":2,"enemies":"3 Cultists","floor":30,"turns":4},{"damage":14,"enemies":"Cultist and Chosen","floor":31,"turns":6},{"damage":13,"enemies":"Snecko","floor":32,"turns":4},{"damage":2,"enemies":"downfall:Watcher","floor":33,"turns":7},{"damage":0,"enemies":"Orb Walker","floor":36,"turns":5},{"damage":13,"enemies":"Giant Head","floor":38,"turns":8},{"damage":0,"enemies":"downfall:FleeingMerchant","floor":39,"turns":4},{"damage":9,"enemies":"3 Darklings","floor":40,"turns":5},{"damage":7,"enemies":"beaked:SuperParasite","floor":42,"turns":5},{"damage":2,"enemies":"Nemesis","floor":44,"turns":7},{"damage":2,"enemies":"Spire Growth","floor":45,"turns":5},{"damage":6,"enemies":"Sphere and 2 Shapes","floor":47,"turns":6},{"damage":0,"enemies":"downfall:FleeingMerchant","floor":48,"turns":4},{"damage":13,"enemies":"Jaw Worm Horde","floor":49,"turns":5},{"damage":10,"enemies":"downfall:Defect","floor":50,"turns":6}],"seed_played":"-3350907206823752505","potions_obtained":[{"floor":3,"key":"ColorlessPotion"},{"floor":10,"key":"sneckomod:MuddlingPotion"},{"floor":13,"key":"DuplicationPotion"},{"floor":14,"key":"Dexterity Potion"},{"floor":16,"key":"Fruit Juice"},{"floor":19,"key":"Guardian:BlockOnCardUsePotion"},{"floor":29,"key":"Energy Potion"},{"floor":33,"key":"SteroidPotion"},{"floor":36,"key":"Dexterity Potion"},{"floor":40,"key":"SteroidPotion"},{"floor":44,"key":"Strength Potion"},{"floor":45,"key":"LiquidBronze"},{"floor":47,"key":"Guardian:AcceleratePotion"}],"is_trial":false,"path_per_floor":["R","M","E","M","?","M","T","?","M","E","M","?","M","M","M","B",null,"R","M","?","R","M","R","T","?","?","R","M","M","M","M","M","B",null,"R","M","R","E","$","M","T","E","R","E","M","?","M","$","M","B",null],"character_chosen":"GUARDIAN","items_purchased":["Guardian:FuturePlans","Frozen Eye","Matryoshka","Guardian:TimeSifter+1","Guardian:BronzeOrb+1"],"campfire_rested":1,"item_purchase_floors":[39,39,39,48,48],"current_hp_per_floor":[80,80,80,80,80,80,80,85,85,63,50,35,35,35,35,10,90,90,87,87,87,51,51,51,51,51,78,78,70,68,54,41,39,90,90,90,90,77,77,68,68,61,61,59,57,79,73,73,60,50],"gold":76,"neow_bonus":"THREE_ENEMY_KILL","is_daily":false,"chose_seed":false,"campfire_upgraded":6,"win_rate":0.0,"timestamp":1608319571,"path_taken":["R","M","E","M","?","M","T","?","M","E","M","?","M","M","M","BOSS","R","M","?","R","M","R","T","?","?","R","M","?","M","M","M","BOSS","R","M","R","E","$","M","T","E","R","E","M","?","M","$","M","BOSS"],"items_purchased_type":["Card","Relic","Relic","Card","Card"],"build_version":"2020-12-13","purchased_purges":2,"victory":true,"max_hp_per_floor":[80,80,80,80,80,80,80,85,85,85,85,85,85,85,85,90,90,90,90,90,90,90,90,90,90,90,90,90,90,90,90,90,90,90,90,90,90,90,90,90,90,90,90,90,90,79,79,79,79,79],"card_choices":[{"not_picked":["Guardian:FloatingOrbs","Guardian:DonusPower"],"picked":"Guardian:ShieldCharger","floor":2},{"not_picked":["Guardian:ExploitGems+1","Guardian:ShieldCharger+1"],"picked":"Guardian:DonusPower+1","floor":3},{"not_picked":["Guardian:PiercingHide+1","Guardian:Gem_White"],"picked":"Guardian:Recover+1","floor":4},{"not_picked":["Guardian:Recover+1","Guardian:WalkerClaw"],"picked":"Guardian:Incinerate","floor":6},{"not_picked":["Guardian:PrimingBeam","Guardian:Orbwalk"],"picked":"Guardian:Gem_White","floor":9},{"not_picked":["Guardian:Gem_Cyan","Guardian:ChargeCore"],"picked":"Guardian:Harden+1","floor":10},{"not_picked":["Guardian:RefractedBeam","Guardian:TemporalShield+1"],"picked":"Guardian:Gem_Crimson","floor":11},{"not_picked":["Guardian:WalkerClaw","Guardian:TemporalStrike"],"picked":"Guardian:Clone+1","floor":12},{"not_picked":["Guardian:Planning+1","Guardian:DonusPower+1"],"picked":"Guardian:BaubleBeam","floor":13},{"not_picked":["Guardian:Gem_Red","Guardian:Gem_Lightblue"],"picked":"Guardian:Preprogram+1","floor":14},{"not_picked":["Guardian:ChargeCore","Guardian:Harden+1"],"picked":"Guardian:Reroute","floor":15},{"not_picked":["Guardian:SphericShield+1","Guardian:StasisField+1"],"picked":"Guardian:FastForward+1","floor":16},{"not_picked":["Guardian:TemporalStrike","Guardian:ShieldCharger+1"],"picked":"Guardian:Orbwalk","floor":19},{"not_picked":["Guardian:Gem_Yellow","Guardian:Incinerate"],"picked":"Guardian:Recover+1","floor":22},{"not_picked":["Guardian:PrismaticBeam","Guardian:Gem_Red","Guardian:Gem_Green"],"picked":"SKIP","floor":28},{"not_picked":["Guardian:Gem_Lightblue","Guardian:SentryBeam"],"picked":"Guardian:VentSteam+1","floor":29},{"not_picked":["Guardian:Reroute","Guardian:BronzeArmor+1"],"picked":"Guardian:Clone+1","floor":30},{"not_picked":["Guardian:Gem_Red","Guardian:HyperBeam_Guardian"],"picked":"Guardian:Gem_Purple","floor":31},{"not_picked":["Guardian:RollAttack","Guardian:Incinerate+1"],"picked":"Guardian:Emergency+1","floor":32},{"not_picked":["Guardian:StasisField+1","Guardian:CompilePackage+1"],"picked":"Guardian:Gem_Synthetic","floor":33},{"not_picked":["Guardian:VentSteam+1","Guardian:Repulse"],"picked":"Guardian:TemporalShield+1","floor":36},{"not_picked":["Guardian:Reroute","Guardian:Gem_Purple"],"picked":"Guardian:Preprogram+1","floor":38},{"not_picked":["Guardian:PrimingBeam","Guardian:Preprogram+1","Guardian:Gem_Red"],"picked":"SKIP","floor":39},{"not_picked":["Guardian:Gem_Cyan","Guardian:Gem_Green"],"picked":"Guardian:TemporalShield+1","floor":40},{"not_picked":["Guardian:RefractedBeam+1","Guardian:Incinerate+1","Guardian:VentSteam+1"],"picked":"SKIP","floor":42},{"not_picked":["Guardian:Gem_Lightblue","Guardian:Gem_Synthetic","Guardian:AncientConstruct+1"],"picked":"SKIP","floor":44},{"not_picked":["Guardian:Gem_Lightblue","Guardian:TemporalShield+1"],"picked":"Guardian:Clone+1","floor":45},{"not_picked":["Guardian:RollAttack+1","Guardian:TemporalStrike+1"],"picked":"Guardian:Emergency+1","floor":47},{"not_picked":["Guardian:Gem_Green","Guardian:Gem_Crimson","Guardian:RefractedBeam+1"],"picked":"SKIP","floor":48},{"not_picked":["Guardian:ArmoredProtocol+1","Guardian:Gem_Red"],"picked":"Guardian:Suspension+1","floor":49}],"player_experience":612808,"relics_obtained":[{"floor":3,"key":"Toxic Egg 2"},{"floor":10,"key":"Calipers"},{"floor":24,"key":"Letter Opener"},{"floor":38,"key":"Meat on the Bone"},{"floor":41,"key":"Art of War"},{"floor":41,"key":"Molten Egg 2"},{"floor":42,"key":"Orichalcum"},{"floor":44,"key":"Frozen Egg 2"}],"event_choices":[{"damage_healed":0,"gold_gain":0,"player_choice":"Donut","damage_taken":0,"max_hp_gain":5,"max_hp_loss":0,"event_name":"Big Fish","floor":8,"gold_loss":0}],"is_beta":false,"boss_relics":[{"not_picked":["Velvet Choker","Cursed Key"],"picked":"SlaversCollar"},{"not_picked":["construct:WeddingRing","Black Star"],"picked":"Guardian:ModeShifterPlus"}],"items_purged_floors":[39,48],"is_endless":false,"potions_floor_spawned":[3,10,13,14,16,19,29,33,36,40,44,45,47],"ascension_level":3}}