{"host":"5gc11emcm5chfr5t","time":1608251677,"event":{"mods":["2.2 Compatiblity","AchievementEnabler","BaseMod","Bestiary","Better Note","Colored Map","Colored Powertips","Downfall","Googly Eyes","Minty Spire (QoL Compilation)","Rare Cards Sparkle","StSLib"],"gold_per_floor":[99,132,132,117,117,145,215,65,78,78,91,107,107,17,31,31,31],"floor_reached":16,"playtime":501,"items_purged":["Regret"],"score":167,"play_id":"adfadab2-f6fd-487e-8833-1891be955d1a","local_time":"20201217193437","is_ascension_mode":true,"campfire_choices":[{"floor":1,"key":"RECALL"},{"floor":8,"key":"REST"},{"floor":10,"key":"REST"}],"circlet_count":0,"master_deck":["AscendersBane","sneckomod:Strike","sneckomod:Strike","sneckomod:Defend","sneckomod:Defend","sneckomod:Defend","sneckomod:TailWhip","sneckomod:SnekBite","sneckomod:Unknown","sneckomod:Unknown","sneckomod:QuickMove","Injury","sneckomod:UnknownRarePower","Guardian:Aged","sneckomod:SnakeSap","sneckomod:UnknownUncommonPower+1","sneckomod:IronFang","sneckomod:PureSnecko","sneckomod:UnknownColorless"],"relics":["Cursed Key","Toy Ornithopter","Pantograph","Lantern","Pear","Frozen Egg 2","downfall:HeartBlessingRed","downfall:HeartBlessingGreen"],"acts_visited":["Exordium"],"potions_floor_usage":[],"damage_taken":[{"damage":32,"enemies":"Gremlin Nob","floor":2,"turns":4},{"damage":2,"enemies":"downfall:FleeingMerchant","floor":4,"turns":4},{"damage":34,"enemies":"Lagavulin","floor":6,"turns":8},{"damage":23,"enemies":"Jaw Worm","floor":9,"turns":3},{"damage":10,"enemies":"Small Slimes","floor":11,"turns":3},{"damage":3,"enemies":"2 Louse","floor":12,"turns":5},{"damage":20,"enemies":"downfall:FleeingMerchant","floor":14,"turns":4},{"damage":15,"enemies":"Exordium Thugs","floor":15,"turns":4},{"damage":54,"enemies":"downfall:Silent","floor":16,"turns":8}],"seed_played":"-7643884152337109270","potions_obtained":[{"floor":9,"key":"SpeedPotion"}],"is_trial":false,"path_per_floor":["R","E","?","$","T","E","T","R","M","R","M","M","?","$","M","B"],"character_chosen":"THE_SNECKO","items_purchased":[],"campfire_rested":2,"item_purchase_floors":[],"current_hp_per_floor":[81,49,49,47,47,23,23,53,45,75,65,62,62,42,27,0,0],"gold":31,"neow_bonus":"BOSS_RELIC","is_daily":false,"chose_seed":false,"campfire_upgraded":0,"win_rate":0.0,"timestamp":1608251677,"path_taken":["R","E","?","?","?","E","T","R","M","R","?","M","?","$","M","BOSS"],"items_purchased_type":[],"build_version":"2020-12-13","purchased_purges":1,"victory":false,"max_hp_per_floor":[90,90,90,90,90,100,100,100,100,100,100,100,100,100,100,100,100],"card_choices":[{"not_picked":["sneckomod:SoulDraw","sneckomod:UnknownVulnerable"],"picked":"sneckomod:QuickMove","floor":2},{"not_picked":["sneckomod:Nope","sneckomod:DefensiveFlair","sneckomod:IronFang"],"picked":"SKIP","floor":4},{"not_picked":["sneckomod:SoulCleanse","sneckomod:DiceCrush"],"picked":"sneckomod:UnknownRarePower","floor":6},{"not_picked":["sneckomod:UnknownClassHEXA_GHOST_PURPLE","sneckomod:UnknownEthereal"],"picked":"sneckomod:SnakeSap","floor":9},{"not_picked":["sneckomod:SoulDraw","sneckomod:UnknownCommonSkill"],"picked":"sneckomod:UnknownUncommonPower+1","floor":11},{"not_picked":["sneckomod:UnknownBlock","sneckomod:UnknownCommonSkill"],"picked":"sneckomod:IronFang","floor":12},{"not_picked":["sneckomod:UnknownCommonSkill","sneckomod:WideSting"],"picked":"sneckomod:PureSnecko","floor":14},{"not_picked":["sneckomod:UnknownWeak","sneckomod:UnknownX"],"picked":"sneckomod:UnknownColorless","floor":15}],"player_experience":415407,"relics_obtained":[{"floor":2,"key":"Toy Ornithopter"},{"floor":5,"key":"Lantern"},{"floor":6,"key":"Pear"},{"floor":7,"key":"Frozen Egg 2"}],"event_choices":[{"damage_healed":0,"gold_gain":0,"player_choice":"Box","damage_taken":0,"relics_obtained":["Pantograph"],"max_hp_gain":0,"max_hp_loss":0,"event_name":"Big Fish","floor":3,"gold_loss":0,"cards_obtained":["Regret"]}],"is_beta":false,"boss_relics":[],"items_purged_floors":[14],"is_endless":false,"potions_floor_spawned":[9],"killed_by":"downfall:Silent","ascension_level":11}}