{"host":"1a0tas65lso7aoyx","time":1608286314,"event":{"mods":["BaseMod","Hermit","Koishi","Lobotomy","Marisa£¨Ùöéë¡¡Øª×âÞÞ£©","Minty Spire (QoL Compilation)","READ ME - Guardian Mod","StSLib","Td1madao Mod","The Bug Knight","The Cursed","The Dragon Tamer","The Gatherer","The Hierophant","The Runesmith","Uncapped"],"gold_per_floor":[116,133,49060,49060,48004,48004,48029,48039,48119,47253,46591,46608,46608,46608,46608,46706,46706,46718,46718,46120,46133,46147,46147,46229,46241,46241,46241,46268,46290,46314,46342,46354,46366,46366,46366],"floor_reached":33,"playtime":2082,"items_purged":["DTMod:TargetDefense","DTMod:Strike","DTMod:Strike","DTMod:TargetDefense"],"score":342,"play_id":"7d15003e-49ed-4732-b2ed-218ce08d10c5","local_time":"20201218191154","is_ascension_mode":false,"metric_token":1055,"campfire_choices":[{"data":"DTMod:DragonDance","floor":6,"key":"SMITH"},{"data":"DTMod:Training","floor":15,"key":"SMITH"},{"data":"DTMod:DragonDance","floor":23,"key":"SMITH"},{"data":"DTMod:Haste","floor":32,"key":"SMITH"}],"dtmod_dragon_data":[0,50,3,-1,6,0],"circlet_count":0,"master_deck":["DTMod:DoubleHit","DTMod:TargetDefense","DTMod:TargetDefense","DTMod:SwitchingTactic","DTMod:Training+1","DTMod:DragonDance+1","DTMod:LastStand","DTMod:DarkBreath+1","DTMod:DragonDance","DTMod:LightShield","DTMod:DragonDance+1","DTMod:LightShield","DTMod:Observe+1","DTMod:StunTrap","DTMod:ComboAttack","DTMod:ShadowImage+1","DTMod:ForkedFire","DTMod:Haste+1"],"relics":["DTMod:PactStone","TheAbacus","HornCleat","Akabeko","DTMod:OddArmor","Matryoshka","Ginger","Lantern","Question Card","Blue Candle","Runesmith:Nanobots","Nunchaku","Sling","Pantograph","Singing Bowl","Orrery","Runic Pyramid","Tiny Chest","Potion Belt","OrangePellets","Smiling Mask","Frozen Egg 2","Eternal Feather","MawBank"],"acts_visited":["Exordium","TheCity"],"potions_floor_usage":[30],"damage_taken":[{"damage":0.0,"enemies":"Small Slimes","floor":1.0,"turns":3.0},{"damage":0.0,"enemies":"Cultist","floor":2.0,"turns":4.0},{"damage":0,"enemies":"Lagavulin","floor":7,"turns":5},{"damage":0,"enemies":"Jaw Worm","floor":8,"turns":1},{"damage":0,"enemies":"3 Louse","floor":12,"turns":5},{"damage":42,"enemies":"Slime Boss","floor":16,"turns":15},{"damage":6,"enemies":"Spheric Guardian","floor":18,"turns":6},{"damage":0,"enemies":"Snake Plant","floor":21,"turns":4},{"damage":0,"enemies":"Shelled Parasite and Fungi","floor":22,"turns":4},{"damage":0,"enemies":"Centurion and Healer","floor":25,"turns":5},{"damage":0,"enemies":"HollowMod:Nosk","floor":28,"turns":4},{"damage":0,"enemies":"Snake Plant","floor":29,"turns":3},{"damage":0,"enemies":"Shelled Parasite and Fungi","floor":30,"turns":3},{"damage":0,"enemies":"Chosen and Byrds","floor":31,"turns":5},{"damage":0,"enemies":"Collector","floor":33,"turns":3}],"seed_played":"1689710875831152031","potions_obtained":[{"floor":2.0,"key":"Explosive Potion"},{"floor":25,"key":"SneckoOil"},{"floor":29,"key":"AttackPotion"},{"floor":31,"key":"LiquidBronze"}],"is_trial":false,"path_per_floor":["M","M","$","?","$","R","E","M","T","$","$","M","?","?","R","B",null,"M","?","$","M","M","R","T","M","T","?","E","M","M","M","R","B"],"character_chosen":"THE_DT","items_purchased":["TheAbacus","HornCleat","Akabeko","EntropicBrew","Ancient Potion","Explosive Potion","DTMod:DragonDance","DTMod:LastStand","DTMod:OddArmor","Matryoshka","Ginger","SmokeBomb","DTMod:DarkBreath","DTMod:DragonDance","Runesmith:Nanobots","Nunchaku","Sling","FairyPotion","DTMod:DragonDance","Pantograph","Singing Bowl","Orrery","Tiny Chest","Potion Belt","OrangePellets"],"campfire_rested":0,"item_purchase_floors":[3,3,3,3,3,3,3,3,5,5,5,5,5,5,10,10,10,10,10,11,11,11,20,20,20],"current_hp_per_floor":[45,45,45,45,45,45,45,45,45,45,51,53,46,35,35,11,53,47,47,47,49,51,51,51,51,51,51,53,53,55,55,61,61,61,61],"gold":46366,"neow_bonus":"REMOVE_CARD","is_daily":false,"chose_seed":false,"campfire_upgraded":4,"win_rate":0.0,"timestamp":1608286314,"path_taken":["M","M","$","?","$","R","E","M","T","?","$","M","?","?","R","BOSS","M","?","$","M","M","R","?","M","T","?","E","M","M","M","R","BOSS"],"items_purchased_type":["Relic","Relic","Relic","Potion","Potion","Potion","Card","Card","Relic","Relic","Relic","Potion","Card","Card","Relic","Relic","Relic","Potion","Card","Relic","Relic","Relic","Relic","Relic","Relic"],"build_version":"2020-12-13","purchased_purges":4,"victory":false,"max_hp_per_floor":[45,45,45,45,45,45,45,45,45,45,51,53,53,53,53,53,53,53,53,53,55,57,57,57,57,57,57,59,59,61,61,61,61,61,61],"card_choices":[{"not_picked":["DTMod:BurningEnergy","DTMod:BlazingStrike","DTMod:QuickFly"],"picked":"SKIP","floor":1.0},{"not_picked":["DTMod:BizarreTactic","DTMod:Adaptation"],"picked":"DTMod:Training","floor":2.0},{"not_picked":["DTMod:FlameSlash","DTMod:MagicField"],"picked":"DTMod:LightShield","floor":7},{"not_picked":["DTMod:MasterPlan","DTMod:Training","DTMod:BurningEnergy"],"picked":"SKIP","floor":8},{"not_picked":["DTMod:RunningTactic","DTMod:TagTeam","DTMod:Astonish"],"picked":"DTMod:LightShield","floor":11},{"not_picked":["DTMod:Adaptation","DTMod:Feint","DTMod:MagiciansMark","DTMod:BizarreTactic"],"picked":"Singing Bowl","floor":11},{"not_picked":["DTMod:Feint","DTMod:BurningEnergy","DTMod:QuickFly","DTMod:CrossStep"],"picked":"Singing Bowl","floor":11},{"not_picked":["DTMod:Dissolve","DTMod:Weaken","DTMod:Prediction","DTMod:Punisher"],"picked":"Singing Bowl","floor":11},{"not_picked":["DTMod:QuickFly","DTMod:BlazingStrike","DTMod:HeadStart"],"picked":"DTMod:Observe","floor":11},{"not_picked":["DTMod:MagiciansMark","DTMod:Observe","DTMod:MagicField","DTMod:Conduct"],"picked":"Singing Bowl","floor":12},{"not_picked":["DTMod:OpeningTactic","DTMod:FierySynthesis","DTMod:Harmonize"],"picked":"DTMod:StunTrap","floor":16},{"not_picked":["DTMod:BreakAttack","DTMod:QuickFly","DTMod:Feint"],"picked":"DTMod:ComboAttack","floor":18},{"not_picked":["DTMod:RunningTactic","DTMod:BlazingStrike+1","DTMod:ShieldDrain+1","DTMod:Weaken"],"picked":"Singing Bowl","floor":21},{"not_picked":["DTMod:QuickFly+1","DTMod:ComboAttack","DTMod:MagicField+1","DTMod:BreakAttack"],"picked":"Singing Bowl","floor":22},{"not_picked":["DTMod:QuickFly","DTMod:Training","DTMod:MagicField+1"],"picked":"DTMod:ShadowImage+1","floor":25},{"not_picked":["DTMod:CalculatedDefense+1","DTMod:MasterPlan","DTMod:MaximumCharge","DTMod:RunningTactic"],"picked":"Singing Bowl","floor":28},{"not_picked":["DTMod:BlazingStrike+1","DTMod:CleansingStrike","DTMod:BuildUp"],"picked":"DTMod:ForkedFire","floor":29},{"not_picked":["DTMod:LastStand","DTMod:Observe","DTMod:Weaken","DTMod:BreakAttack+1"],"picked":"Singing Bowl","floor":30},{"not_picked":["DTMod:Dissolve+1","DTMod:SneakAttack+1","DTMod:StunTrap"],"picked":"DTMod:Haste","floor":31}],"player_experience":666011,"relics_obtained":[{"floor":7,"key":"Lantern"},{"floor":9,"key":"Question Card"},{"floor":9,"key":"Blue Candle"},{"floor":24,"key":"Smiling Mask"},{"floor":24,"key":"Frozen Egg 2"},{"floor":26,"key":"Eternal Feather"},{"floor":28,"key":"MawBank"}],"event_choices":[{"damage_healed":0,"gold_gain":0,"player_choice":"Ignored","damage_taken":0,"max_hp_gain":0,"max_hp_loss":0,"event_name":"NoteForYourself","floor":4,"gold_loss":0},{"cards_removed":["DTMod:Strike"],"damage_healed":0,"gold_gain":0,"player_choice":"Card Removal","damage_taken":7,"max_hp_gain":0,"max_hp_loss":0,"event_name":"Golden Wing","floor":13,"gold_loss":0},{"damage_healed":0,"gold_gain":0,"player_choice":"Entered Light","damage_taken":11,"max_hp_gain":0,"max_hp_loss":0,"event_name":"Shining Light","floor":14,"gold_loss":0,"cards_upgraded":["DTMod:DarkBreath","DTMod:Observe"]},{"damage_healed":0,"gold_gain":0,"player_choice":"Ignored","damage_taken":0,"max_hp_gain":0,"max_hp_loss":0,"event_name":"Ghosts","floor":19,"gold_loss":0},{"damage_healed":0,"gold_gain":0,"player_choice":"Ignored","damage_taken":0,"max_hp_gain":0,"max_hp_loss":0,"event_name":"Transmorgrifier","floor":27,"gold_loss":0}],"is_beta":false,"boss_relics":[{"not_picked":["Cursed Key","Snecko Eye"],"picked":"Runic Pyramid"}],"items_purged_floors":[3,5,10,20],"is_endless":false,"potions_floor_spawned":[2,7,12,25,29,31],"killed_by":"Collector","ascension_level":0}}