{"host":"szp1d6dso4pv7ddl","time":1608259167,"event":{"mods":["AchievementEnabler","Alarm Clock","BaseMod","Bestiary","Block Reminder","Colored Map","Colored Powertips","Curses Come First","Displayed Cursed Tome","Highlight Path","Minty Spire (QoL Compilation)","Permanent Neow","Quick Restart","Relic Stats","StSLib"],"gold_per_floor":[144,144,189,234,279,369,414,891,916,1006,1051,1051,276,321,321,621,621,666,116,0,0,45,135,180,180,180,225,250,250,295,57,57,357,357,402,402,447,100,145,145,145,145,145,145,190,235,280,165,165,165],"floor_reached":51,"playtime":2375,"items_purged":["Decay","Vengeance","FlurryOfBlows","Discovery","BowlingBash"],"score":856,"play_id":"45b0ecb5-7b99-4f03-84a5-cfb29830d4de","local_time":"20201217183927","daily_mods":["Draft","Colorless Cards","Midas"],"is_ascension_mode":false,"campfire_choices":[{"floor":15,"key":"REST"},{"floor":25,"key":"DIG"},{"floor":29,"key":"DIG"},{"floor":32,"key":"DIG"},{"floor":40,"key":"DIG"},{"floor":42,"key":"DIG"},{"floor":49,"key":"DIG"}],"circlet_count":0,"master_deck":["PathToVictory","PathToVictory","EmptyMind","ThirdEye+1","Evaluate","PathToVictory","EmptyMind","ThirdEye","PathToVictory","ThirdEye","Protect","FearNoEvil","Finesse","Panacea","Master of Strategy","Violence","PathToVictory","Weave","PathToVictory+1","Sadistic Nature","Flash of Steel","Madness","Madness","PathToVictory"],"relics":["PureWater","Oddly Smooth Stone","Old Coin","Lantern","Shovel","Strange Spoon","Dead Branch","Pantograph","SacredBark","MealTicket","Potion Belt","Frozen Eye","Sundial","Turnip","StrikeDummy","Art of War","InkBottle","Membership Card","Dream Catcher","Busted Crown","Melange","Girya","Orichalcum","Omamori","TungstenRod","Boot"],"acts_visited":["Exordium","TheCity","TheBeyond"],"potions_floor_usage":[22,39,50,50],"damage_taken":[{"damage":0,"enemies":"Small Slimes","floor":1,"turns":2},{"damage":0,"enemies":"Cultist","floor":3,"turns":1},{"damage":0,"enemies":"2 Louse","floor":4,"turns":2},{"damage":0,"enemies":"Blue Slaver","floor":5,"turns":2},{"damage":0,"enemies":"Gremlin Nob","floor":6,"turns":2},{"damage":13,"enemies":"Exordium Thugs","floor":7,"turns":2},{"damage":25,"enemies":"Lagavulin Event","floor":8,"turns":4},{"damage":23,"enemies":"3 Sentries","floor":10,"turns":8},{"damage":1,"enemies":"Large Slime","floor":11,"turns":3},{"damage":0,"enemies":"Blue Slaver","floor":14,"turns":2},{"damage":2,"enemies":"The Guardian","floor":16,"turns":4},{"damage":5,"enemies":"2 Thieves","floor":18,"turns":3},{"damage":0,"enemies":"3 Byrds","floor":22,"turns":1},{"damage":0,"enemies":"Gremlin Leader","floor":23,"turns":2},{"damage":2,"enemies":"Snake Plant","floor":24,"turns":3},{"damage":0,"enemies":"Centurion and Healer","floor":27,"turns":2},{"damage":4,"enemies":"3 Cultists","floor":30,"turns":3},{"damage":11,"enemies":"Collector","floor":33,"turns":3},{"damage":0,"enemies":"Orb Walker","floor":35,"turns":2},{"damage":1,"enemies":"3 Darklings","floor":37,"turns":3},{"damage":0,"enemies":"4 Shapes","floor":39,"turns":1},{"damage":0,"enemies":"Writhing Mass","floor":45,"turns":2},{"damage":0,"enemies":"Maw","floor":46,"turns":4},{"damage":1,"enemies":"Sphere and 2 Shapes","floor":47,"turns":3},{"damage":24,"enemies":"Time Eater","floor":50,"turns":3}],"seed_played":"4511563792049188764","potions_obtained":[{"floor":1,"key":"SpeedPotion"},{"floor":3,"key":"Dexterity Potion"},{"floor":8,"key":"Dexterity Potion"},{"floor":10,"key":"LiquidMemories"},{"floor":16,"key":"DistilledChaos"},{"floor":27,"key":"AttackPotion"},{"floor":30,"key":"Explosive Potion"},{"floor":39,"key":"Strength Potion"},{"floor":45,"key":"Fire Potion"},{"floor":47,"key":"Swift Potion"}],"is_trial":false,"path_per_floor":["M","?","M","M","M","E","M","?","T","E","M","?","$","M","R","B",null,"M","$","?","?","M","E","M","R","T","M","T","R","M","$","R","B",null,"M","?","M","$","M","R","?","R","T","?","M","M","M","$","R","B",null],"character_chosen":"WATCHER","items_purchased":["Strange Spoon","Dead Branch","Pantograph","MealTicket","Potion Belt","Frozen Eye","Membership Card","Fire Potion","Melange","Flash of Steel","Girya","PathToVictory"],"campfire_rested":1,"item_purchase_floors":[13,13,13,19,19,19,31,31,38,38,38,48],"current_hp_per_floor":[72,72,72,72,72,72,59,34,34,11,10,10,10,10,31,54,72,67,67,67,67,67,67,65,65,65,65,65,65,61,72,72,61,72,72,72,71,72,72,72,63,63,63,54,54,54,53,68,68,48],"gold":165,"neow_bonus":"","is_daily":true,"chose_seed":false,"campfire_upgraded":0,"win_rate":0.0,"timestamp":1608259167,"path_taken":["M","?","M","?","M","E","M","?","T","E","M","?","$","M","R","BOSS","M","$","?","?","M","E","M","R","T","M","?","R","?","?","R","BOSS","M","?","M","$","M","R","?","R","T","?","M","M","M","$","R","BOSS"],"items_purchased_type":["Relic","Relic","Relic","Relic","Relic","Relic","Relic","Potion","Relic","Card","Relic","Card"],"build_version":"2020-12-13","purchased_purges":5,"victory":true,"max_hp_per_floor":[72,72,72,72,72,72,72,72,72,72,72,72,72,72,72,72,72,72,72,72,72,72,72,72,72,72,72,72,72,72,72,72,72,72,72,72,72,72,72,72,72,72,72,72,72,72,72,72,72,72],"relic_stats":{"counters":[25,67],"Dead Branch":[33],"Melange":[9],"Orichalcum":[6],"Boot":[4],"Strange Spoon":[41],"Dream Catcher":0,"Shovel":6,"Busted Crown":18,"Sundial":[4],"Pantograph":29,"MealTicket":27,"Turnip":[8],"Art of War":[2],"obtain_stats":[{"Lantern":9,"SacredBark":17,"Melange":38,"Boot":49,"Old Coin":8,"Frozen Eye":19,"Dream Catcher":32,"Shovel":10,"Sundial":23,"Pantograph":13,"MealTicket":19,"InkBottle":29,"Potion Belt":19,"Girya":38,"Dead Branch":13,"Oddly Smooth Stone":6,"Omamori":42,"Orichalcum":40,"Strange Spoon":13,"Busted Crown":34,"Turnip":25,"Art of War":28,"Membership Card":31,"PureWater":0,"StrikeDummy":26,"TungstenRod":43},{"Lantern":7,"SacredBark":11,"Melange":20,"Boot":24,"Old Coin":7,"Frozen Eye":12,"Dream Catcher":17,"Shovel":8,"Sundial":14,"Pantograph":9,"MealTicket":12,"InkBottle":16,"Potion Belt":12,"Girya":20,"Dead Branch":9,"Oddly Smooth Stone":5,"Omamori":21,"Orichalcum":21,"Strange Spoon":9,"Busted Crown":18,"Turnip":15,"Art of War":16,"Membership Card":17,"PureWater":0,"StrikeDummy":15,"TungstenRod":21},{"Lantern":15,"SacredBark":32,"Melange":54,"Boot":64,"Old Coin":15,"Frozen Eye":35,"Dream Catcher":46,"Shovel":23,"Sundial":38,"Pantograph":26,"MealTicket":35,"InkBottle":43,"Potion Belt":35,"Girya":54,"Dead Branch":26,"Oddly Smooth Stone":9,"Omamori":55,"Orichalcum":55,"Strange Spoon":26,"Busted Crown":49,"Turnip":41,"Art of War":43,"Membership Card":46,"PureWater":0,"StrikeDummy":41,"TungstenRod":55}],"InkBottle":[17],"TungstenRod":4},"card_choices":[{"not_picked":["Conclude","Adaptation"],"picked":"Vengeance","floor":0},{"not_picked":["CrushJoints","Weave"],"picked":"FlurryOfBlows","floor":0},{"not_picked":["Crescendo","SashWhip"],"picked":"PathToVictory","floor":0},{"not_picked":["ThirdEye","Indignation"],"picked":"PathToVictory","floor":0},{"not_picked":["WheelKick","Nirvana"],"picked":"EmptyMind","floor":0},{"not_picked":["Fasting2","JustLucky"],"picked":"ThirdEye","floor":0},{"not_picked":["ClearTheMind","ReachHeaven"],"picked":"Evaluate","floor":0},{"not_picked":["EmptyFist","SignatureMove"],"picked":"PathToVictory","floor":0},{"not_picked":["SashWhip","FlurryOfBlows"],"picked":"Discovery","floor":0},{"not_picked":["Evaluate","JustLucky"],"picked":"EmptyMind","floor":0},{"not_picked":["JustLucky","FollowUp"],"picked":"ThirdEye","floor":0},{"not_picked":["EmptyFist","MentalFortress"],"picked":"BowlingBash","floor":0},{"not_picked":["FlurryOfBlows","EmptyBody"],"picked":"PathToVictory","floor":0},{"not_picked":["FlurryOfBlows","Consecrate"],"picked":"ThirdEye","floor":0},{"not_picked":["Blind","WindmillStrike"],"picked":"Protect","floor":0},{"not_picked":["SashWhip","BowlingBash"],"picked":"FearNoEvil","floor":1},{"not_picked":["ThirdEye","Protect","BowlingBash"],"picked":"SKIP","floor":3},{"not_picked":["Study","CrushJoints"],"picked":"Finesse","floor":4},{"not_picked":["FearNoEvil","Crescendo"],"picked":"Panacea","floor":5},{"not_picked":["Halt","EmptyFist","Perseverance"],"picked":"SKIP","floor":6},{"not_picked":["LikeWater","Indignation","WheelKick"],"picked":"SKIP","floor":7},{"not_picked":["EmptyBody","Evaluate","Discovery"],"picked":"SKIP","floor":10},{"not_picked":["EmptyBody","Evaluate","Discovery"],"picked":"SKIP","floor":10},{"not_picked":["Evaluate","ClearTheMind","Fasting2"],"picked":"SKIP","floor":11},{"not_picked":["EmptyBody","Jack Of All Trades"],"picked":"Master of Strategy","floor":14},{"not_picked":["The Bomb","Alpha"],"picked":"Violence","floor":16},{"not_picked":["CutThroughFate","Swivel"],"picked":"PathToVictory","floor":18},{"not_picked":["WindmillStrike","CrushJoints+1","ClearTheMind"],"picked":"SKIP","floor":22},{"not_picked":["Forethought","Study","InnerPeace"],"picked":"SKIP","floor":23},{"not_picked":["ThirdEye","CrushJoints+1","Swift Strike"],"picked":"SKIP","floor":24},{"not_picked":["Consecrate","JustLucky+1"],"picked":"Weave","floor":27},{"not_picked":["Madness","EmptyBody+1"],"picked":"PathToVictory+1","floor":30},{"not_picked":["Mayhem","ConjureBlade"],"picked":"Sadistic Nature","floor":33},{"not_picked":["CutThroughFate"],"picked":"SKIP","floor":35},{"not_picked":["InnerPeace+1"],"picked":"SKIP","floor":37},{"not_picked":["FlyingSleeves+1"],"picked":"SKIP","floor":39},{"not_picked":["MentalFortress+1"],"picked":"SKIP","floor":45},{"not_picked":["FollowUp"],"picked":"SKIP","floor":46},{"not_picked":["Adaptation+1"],"picked":"SKIP","floor":47}],"player_experience":972313,"relics_obtained":[{"floor":6,"key":"Oddly Smooth Stone"},{"floor":8,"key":"Old Coin"},{"floor":9,"key":"Lantern"},{"floor":10,"key":"Shovel"},{"floor":23,"key":"Sundial"},{"floor":25,"key":"Turnip"},{"floor":26,"key":"StrikeDummy"},{"floor":28,"key":"Art of War"},{"floor":29,"key":"InkBottle"},{"floor":32,"key":"Dream Catcher"},{"floor":40,"key":"Orichalcum"},{"floor":42,"key":"Omamori"},{"floor":43,"key":"TungstenRod"},{"floor":49,"key":"Boot"}],"event_choices":[{"damage_healed":0,"gold_gain":0,"player_choice":"Cursed","damage_taken":0,"max_hp_gain":0,"max_hp_loss":0,"event_name":"Wheel of Change","floor":2,"gold_loss":0,"cards_obtained":["Decay"]},{"damage_healed":0,"gold_gain":0,"player_choice":"Searched \u00271\u0027 times","damage_taken":0,"max_hp_gain":0,"max_hp_loss":0,"event_name":"Dead Adventurer","floor":8,"gold_loss":0},{"damage_healed":0,"gold_gain":0,"player_choice":"Upgraded","damage_taken":0,"max_hp_gain":0,"max_hp_loss":0,"event_name":"Upgrade Shrine","floor":12,"gold_loss":0,"cards_upgraded":["ThirdEye"]},{"damage_healed":0,"gold_gain":0,"player_choice":"Paid Fearfully","damage_taken":0,"max_hp_gain":0,"max_hp_loss":0,"event_name":"Masked Bandits","floor":20,"gold_loss":116},{"damage_healed":0,"gold_gain":0,"player_choice":"Ignored","damage_taken":0,"max_hp_gain":0,"max_hp_loss":0,"event_name":"Ghosts","floor":21,"gold_loss":0},{"damage_healed":0,"gold_gain":0,"player_choice":"Ignored","damage_taken":0,"max_hp_gain":0,"max_hp_loss":0,"event_name":"Tomb of Lord Red Mask","floor":36,"gold_loss":0},{"damage_healed":0,"gold_gain":0,"player_choice":"Embrace Madness","damage_taken":9,"max_hp_gain":0,"max_hp_loss":0,"event_name":"Winding Halls","floor":41,"gold_loss":0,"cards_obtained":["Madness","Madness"]},{"damage_healed":0,"gold_gain":0,"player_choice":"Memory 3","damage_taken":10,"max_hp_gain":0,"max_hp_loss":0,"event_name":"SensoryStone","floor":44,"gold_loss":0}],"is_beta":false,"boss_relics":[{"not_picked":["Tiny House","Ectoplasm"],"picked":"SacredBark"},{"not_picked":["Runic Pyramid","Black Star"],"picked":"Busted Crown"}],"items_purged_floors":[13,19,31,38,48],"is_endless":false,"potions_floor_spawned":[1,3,8,10,16,18,27,30,39,45,47],"ascension_level":0}}