{"host":"crmowuwgj9wiiaqp","time":1608319873,"event":{"mods":["BaseMod","ChefMod","Mathematician","Minty Spire (QoL Compilation)","StSLib"],"gold_per_floor":[109,129,18,18,31,31,50,50,50,75,75,91,91,120,120,217,217,217,217],"floor_reached":18,"playtime":873,"items_purged":[],"score":179,"play_id":"990fd39b-4999-4283-93fb-dd26f5c1e0be","local_time":"20201218123113","is_ascension_mode":true,"campfire_choices":[{"data":"chefmod:QuickThaw","floor":6.0,"key":"SMITH"},{"data":"chefmod:TodaysSpecial","floor":8.0,"key":"SMITH"},{"data":"chefmod:FullCourseMeal","floor":11.0,"key":"SMITH"},{"data":"chefmod:CuttingBoard","floor":13.0,"key":"SMITH"},{"floor":15.0,"key":"REST"}],"circlet_count":0,"master_deck":["chefmod:Strike","chefmod:Strike","chefmod:Strike","chefmod:Strike","chefmod:Strike","chefmod:Defend","chefmod:Defend","chefmod:Defend","chefmod:QuickThaw+1","chefmod:TodaysSpecial+1","chefmod:Chop","chefmod:SliceAndDice","chefmod:Cleavers","chefmod:FreezeSolid","chefmod:Gelato","chefmod:GroceryDelivery","chefmod:FullCourseMeal+1","chefmod:CuttingBoard+1","chefmod:VegetableTart","chefmod:PrepCook"],"relics":["chefmod:TrustyPot","Lantern","NlothsMask","Molten Egg 2","Mummified Hand","Velvet Choker"],"acts_visited":[],"potions_floor_usage":[],"damage_taken":[{"damage":5.0,"enemies":"2 Louse","floor":1.0,"turns":3.0},{"damage":6.0,"enemies":"Cultist","floor":2.0,"turns":3.0},{"damage":1.0,"enemies":"Jaw Worm","floor":5.0,"turns":2.0},{"damage":0.0,"enemies":"3 Louse","floor":7.0,"turns":4.0},{"damage":17.0,"enemies":"Lagavulin","floor":10.0,"turns":6.0},{"damage":5.0,"enemies":"Looter","floor":12.0,"turns":3.0},{"damage":23.0,"enemies":"Gremlin Nob","floor":14.0,"turns":6.0},{"damage":24.0,"enemies":"The Guardian","floor":16.0,"turns":12.0},{"damage":0,"enemies":"Shell Parasite","floor":18,"turns":1}],"seed_played":"63246074657661844","potions_obtained":[{"floor":5.0,"key":"Ancient Potion"},{"floor":7.0,"key":"Weak Potion"},{"floor":16.0,"key":"FearPotion"}],"is_trial":false,"path_per_floor":["M","M","$","?","M","R","M","R","T","E","R","M","R","E","R","B",null,"M"],"character_chosen":"THE_CHEF","items_purchased":["chefmod:Cleavers","chefmod:FreezeSolid"],"campfire_rested":1,"item_purchase_floors":[3,3],"current_hp_per_floor":[71,65,65,65,64,64,64,64,64,47,47,42,42,19,41,17,76,76,76],"gold":217,"neow_bonus":"RANDOM_COMMON_RELIC","is_daily":false,"chose_seed":false,"campfire_upgraded":4,"win_rate":0.0,"timestamp":1608319873,"path_taken":["M","M","$","?","M","R","M","R","T","E","R","M","R","E","R","BOSS","M"],"items_purchased_type":["Card","Card"],"build_version":"2020-12-13","purchased_purges":0,"victory":false,"max_hp_per_floor":[76,76,76,76,76,76,76,76,76,76,76,76,76,76,76,76,76,76,76],"card_choices":[{"not_picked":["chefmod:CleanHouse","chefmod:FryPan"],"picked":"chefmod:Chop","floor":1.0},{"not_picked":["chefmod:ColdSteel","chefmod:NewMenu"],"picked":"chefmod:SliceAndDice","floor":2.0},{"not_picked":["chefmod:Defrost","chefmod:ZaruSoba"],"picked":"chefmod:Gelato","floor":5.0},{"not_picked":["chefmod:Gelato","chefmod:TwoForOne"],"picked":"chefmod:GroceryDelivery","floor":7.0},{"not_picked":["chefmod:SliceAndDice+1","chefmod:Fillet+1"],"picked":"chefmod:FullCourseMeal","floor":10.0},{"not_picked":["chefmod:FreezerBurn+1","chefmod:BaoBuns"],"picked":"chefmod:CuttingBoard","floor":12.0},{"not_picked":["chefmod:IceCreamCone","chefmod:SaveForLater"],"picked":"chefmod:VegetableTart","floor":14.0},{"not_picked":["chefmod:CandyBowl","chefmod:DeathByChocolate+1"],"picked":"chefmod:PrepCook","floor":16.0}],"player_experience":1391829,"relics_obtained":[{"floor":14.0,"key":"Mummified Hand"}],"event_choices":[{"damage_healed":0.0,"max_hp_gain":0.0,"max_hp_loss":0.0,"gold_gain":0.0,"event_name":"FaceTrader","player_choice":"Trade","floor":4.0,"gold_loss":0.0,"damage_taken":0.0,"relics_obtained":["NlothsMask"]}],"is_beta":false,"boss_relics":[{"not_picked":["Ectoplasm","Calling Bell"],"picked":"Velvet Choker"}],"items_purged_floors":[],"is_endless":false,"potions_floor_spawned":[5,7,16],"killed_by":"Shell Parasite","ascension_level":1}}