{"host":"ocy7z4248lncoz2b","time":1608275300,"event":{"mods":["BaseMod","Beaked The Cultist","Better Match","Better Sensory Stone","Better Third Choice","BetterRewards","Clockwork Mod","Colored Powertips","Conspire","Downfall","Friendly Minions","Highlight Path","Hubris","Infinite Spire","Marisa????????","Mimic Mod","Minty Spire (QoL Compilation)","READ ME - Guardian Mod","Replay The Spire","Shop Mod","Spicy Shops","Spikes Relics","StSLib","SuperFastMode","The Blue Laboratory","The Construct","The Jungle"],"gold_per_floor":[99,119,51,51,51],"floor_reached":4,"playtime":184,"items_purged":[],"score":22,"play_id":"883436c4-db3a-4e86-8967-0c0c8818754f","local_time":"20201218160820","is_ascension_mode":false,"campfire_choices":[{"data":"expansioncontent:Chronoboost","floor":1,"key":"SMITH"}],"circlet_count":0,"master_deck":["construct:Strike_Gold","construct:Strike_Gold","construct:Strike_Gold","construct:Strike_Gold","construct:Strike_Gold","construct:Defend_Gold","construct:Defend_Gold","construct:Defend_Gold","construct:Defend_Gold","construct:Defend_Gold","construct:AttackMode","construct:DefenseMode","expansioncontent:Chronoboost+1","construct:SyphonStrike","construct:ShiftStrike","construct:Autoturret"],"relics":["construct:ClockworkPhoenix"],"acts_visited":["Exordium"],"potions_floor_usage":[],"damage_taken":[{"damage":22,"enemies":"Jaw Worm","floor":2,"turns":6},{"damage":10,"enemies":"downfall:FleeingMerchant","floor":3,"turns":4},{"damage":57,"enemies":"3 Sentries","floor":4,"turns":8}],"seed_played":"1201816716076532376","potions_obtained":[{"floor":2,"key":"blueLaboratory:HorrorPotion"}],"is_trial":false,"path_per_floor":["R","M","$","E"],"character_chosen":"THE_CONSTRUCT_MOD","items_purchased":["construct:Autoturret"],"campfire_rested":0,"item_purchase_floors":[3],"current_hp_per_floor":[85,63,53,0,0],"gold":51,"neow_bonus":"RANDOM_COLORLESS","is_daily":false,"chose_seed":false,"campfire_upgraded":1,"win_rate":0.0,"timestamp":1608275300,"path_taken":["R","M","$","E"],"items_purchased_type":["Card"],"build_version":"2020-12-13","purchased_purges":0,"victory":false,"max_hp_per_floor":[85,85,85,85,85],"card_choices":[{"not_picked":["Dramatic Entrance","expansioncontent:ChargeUp"],"picked":"expansioncontent:Chronoboost","floor":0},{"not_picked":["construct:SweepLaser","construct:PhosphorStorm"],"picked":"construct:SyphonStrike","floor":2},{"not_picked":["construct:PowerUp","construct:SyphonStrike"],"picked":"construct:ShiftStrike","floor":3}],"player_experience":258061,"relics_obtained":[],"event_choices":[],"is_beta":false,"boss_relics":[],"items_purged_floors":[],"is_endless":false,"potions_floor_spawned":[2],"killed_by":"3 Sentries","ascension_level":0}}