{"host":"ocy7z4248lncoz2b","time":1608257192,"event":{"mods":["BaseMod","Beaked The Cultist","Better Match","Better Sensory Stone","Better Third Choice","BetterRewards","Clockwork Mod","Colored Powertips","Conspire","Downfall","Friendly Minions","Highlight Path","Hubris","Infinite Spire","Marisa????????","Mimic Mod","Minty Spire (QoL Compilation)","READ ME - Guardian Mod","Replay The Spire","Shop Mod","Spicy Shops","Spikes Relics","StSLib","SuperFastMode","The Blue Laboratory","The Construct","The Jungle"],"gold_per_floor":[99,99,99,125,135,135,135,16,16,33,53,69,86,86,98,198,198,198,298,312,312,340,340,340,340,340,340],"floor_reached":26,"playtime":3237,"items_purged":[],"score":224,"play_id":"d95ab491-2f6b-4b90-80f4-fc9c175cf8ad","local_time":"20201218110632","is_ascension_mode":false,"campfire_choices":[{"data":"champ:Strike","floor":1,"key":"PURGE"},{"data":"champ:Taunt","floor":6,"key":"SMITH"},{"data":"champ:TornadoPunch","floor":9,"key":"SMITH"},{"data":"champ:SteelEdge","floor":18,"key":"SMITH"},{"data":"Replay:Fractal Strike","floor":23,"key":"SMITH"},{"data":"infinitespire:TheBestDefense","floor":25,"key":"SMITH"}],"circlet_count":0,"master_deck":["champ:Strike","champ:Strike","champ:Defend","champ:Defend","champ:Defend","champ:Execute","champ:Taunt+1","champ:EnGarde","champ:SkillfulDodge","champ:Circumvent","champ:TornadoPunch+1","champ:DefensiveStyle","champ:ShieldThrow","champ:BringItOn","champ:ShieldWall","champ:EndlessRage","champ:ViciousMockery","champ:SteelEdge+1","champ:Shatter","infinitespire:TheBestDefense+1","Replay:Fractal Strike+1","champ:ShieldWall","champ:DefensiveShout+1"],"relics":["champ:ChampionCrown","Peace Pipe","champ:FightingForDummies","hubris:TerracottaHorce","DollysMirror","ReplayTheSpireMod:Ninjato","Ornamental Fan"],"acts_visited":["Exordium","TheCity"],"potions_floor_usage":[16,16,16],"damage_taken":[{"damage":49,"enemies":"Replay:BlueRogue","floor":4,"turns":8},{"damage":11,"enemies":"Jaw Worm","floor":5,"turns":6},{"damage":5,"enemies":"downfall:FleeingMerchant","floor":8,"turns":4},{"damage":0,"enemies":"conspire:RoseBush","floor":10,"turns":2},{"damage":5,"enemies":"Cultist","floor":11,"turns":3},{"damage":2,"enemies":"Large Slime","floor":12,"turns":5},{"damage":2,"enemies":"Lots of Slimes","floor":13,"turns":4},{"damage":0,"enemies":"conspire:2 RoseBushes","floor":15,"turns":4},{"damage":6,"enemies":"downfall:Watcher","floor":16,"turns":8},{"damage":16,"enemies":"3 Byrds","floor":20,"turns":8},{"damage":27,"enemies":"conspire:Head Lice","floor":22,"turns":8},{"damage":44,"enemies":"Slavers","floor":26,"turns":2}],"seed_played":"-7691361844527319706","potions_obtained":[{"floor":0,"key":"LiquidMemories"},{"floor":0,"key":"Block Potion"},{"floor":0,"key":"Energy Potion"}],"is_trial":false,"path_per_floor":["R","?","?","E","M","R","T","$","R","M","M","M","M","?","M","B",null,"R","?","M","AVR","E","R","T","R","E"],"character_chosen":"THE_CHAMP","items_purchased":["champ:TornadoPunch","champ:DefensiveStyle"],"campfire_rested":0,"item_purchase_floors":[8,8],"current_hp_per_floor":[90,90,90,61,60,60,60,60,60,60,60,58,56,56,56,56,82,82,82,66,66,39,39,39,39,0,0],"gold":340,"neow_bonus":"THREE_SMALL_POTIONS","is_daily":false,"chose_seed":false,"campfire_upgraded":5,"win_rate":0.0,"timestamp":1608257192,"path_taken":["R","?","?","E","M","R","T","$","R","M","M","M","?","?","M","BOSS","R","?","M","AVR","E","R","T","R","E"],"items_purchased_type":["Card","Card"],"build_version":"2020-12-13","purchased_purges":0,"victory":false,"max_hp_per_floor":[90,90,90,90,90,90,90,90,90,90,90,90,90,90,90,90,90,90,90,90,90,90,90,90,90,90,90],"card_choices":[{"not_picked":["champ:GladiatorsShout","champ:StanceDance"],"picked":"champ:EnGarde","floor":4},{"not_picked":["champ:AdrenalArmor","champ:GladiatorsShout"],"picked":"champ:SkillfulDodge","floor":5},{"not_picked":["champ:FlashCut","champ:CrookedStrike"],"picked":"champ:Circumvent","floor":8},{"not_picked":["champ:BerserkersShout","champ:GladiatorsShout","champ:Encircle"],"picked":"SKIP","floor":10},{"not_picked":["champ:FlashCut","champ:RisingSlash"],"picked":"champ:ShieldThrow","floor":11},{"not_picked":["champ:BladeFlurry","champ:BerserkersShout"],"picked":"champ:BringItOn","floor":12},{"not_picked":["champ:GladiatorsShout","champ:Backstep"],"picked":"champ:ShieldWall","floor":13},{"not_picked":["champ:SkillfulDodge","champ:StanceDance"],"picked":"champ:ViciousMockery","floor":15},{"not_picked":["champ:SwordThrow","champ:ShieldSlam"],"picked":"champ:SteelEdge","floor":16},{"not_picked":["champ:TornadoPunch","champ:BringItOn"],"picked":"champ:Shatter","floor":20},{"not_picked":["champ:DeathBlow","champ:FocusedGladiator"],"picked":"champ:DefensiveShout+1","floor":22}],"player_experience":238001,"relics_obtained":[{"floor":4,"key":"Peace Pipe"},{"floor":7,"key":"champ:FightingForDummies"},{"floor":22,"key":"ReplayTheSpireMod:Ninjato"},{"floor":24,"key":"Ornamental Fan"}],"event_choices":[{"cards_removed":["champ:Strike"],"damage_healed":0,"gold_gain":0,"player_choice":"Purged","damage_taken":0,"max_hp_gain":0,"max_hp_loss":0,"event_name":"Purifier","floor":3,"gold_loss":0}],"is_beta":false,"boss_relics":[{"not_picked":["Runic Dome","Kintsugi"],"picked":"hubris:TerracottaHorce"}],"items_purged_floors":[],"is_endless":false,"potions_floor_spawned":[5,10,11,12],"killed_by":"Slavers","ascension_level":0}}