{"host":"3jpwrwmmgyabjceh","time":1608295520,"event":{"mods":["AchievementEnabler","BaseMod","Colored Map","Colored Powertips","Highlight Path","Minty Spire (QoL Compilation)","StSLib"],"gold_per_floor":[109,126,138,150,161,161,219,219,242,317,329,339,370,557,569,581,581],"floor_reached":16,"playtime":631,"items_purged":[],"score":120,"play_id":"877b3a39-5f86-4f85-9780-b01ceceb17eb","local_time":"20201218154520","is_ascension_mode":true,"campfire_choices":[{"data":"Whirlwind","floor":6,"key":"SMITH"},{"data":"Pommel Strike","floor":8,"key":"SMITH"},{"data":"Iron Wave","floor":15,"key":"SMITH"}],"circlet_count":0,"master_deck":["Strike_R","Strike_R","Strike_R","Strike_R","Strike_R","Defend_R","Defend_R","Defend_R","Defend_R","Bash","Iron Wave+1","Whirlwind+1","Twin Strike","Pommel Strike+1","Cleave","Headbutt","Cleave"],"relics":["Burning Blood","Omamori","Bronze Scales","MawBank"],"acts_visited":["Exordium"],"potions_floor_usage":[7,7,16],"damage_taken":[{"damage":5,"enemies":"2 Louse","floor":1,"turns":3},{"damage":7,"enemies":"Jaw Worm","floor":2,"turns":4},{"damage":7,"enemies":"Small Slimes","floor":3,"turns":3},{"damage":6,"enemies":"Blue Slaver","floor":4,"turns":4},{"damage":1,"enemies":"Exordium Thugs","floor":5,"turns":3},{"damage":0,"enemies":"Gremlin Nob","floor":7,"turns":2},{"damage":6,"enemies":"Gremlin Gang","floor":11,"turns":2},{"damage":6,"enemies":"Blue Slaver","floor":12,"turns":4},{"damage":25,"enemies":"3 Sentries","floor":13,"turns":3},{"damage":66,"enemies":"The Guardian","floor":16,"turns":9}],"seed_played":"1166286113237427846","potions_obtained":[{"floor":1,"key":"ElixirPotion"},{"floor":2,"key":"AttackPotion"},{"floor":4,"key":"BlessingOfTheForge"},{"floor":11,"key":"Regen Potion"}],"is_trial":false,"path_per_floor":["M","M","M","M","M","R","?","R","T","?","M","M","E","?","R","B"],"character_chosen":"IRONCLAD","items_purchased":[],"campfire_rested":0,"item_purchase_floors":[],"current_hp_per_floor":[80,79,78,78,80,80,80,80,80,69,69,69,50,50,50,0,0],"gold":581,"neow_bonus":"RANDOM_COMMON_RELIC","is_daily":false,"chose_seed":false,"campfire_upgraded":3,"win_rate":0.0,"timestamp":1608295520,"path_taken":["M","M","M","M","M","R","?","R","T","?","M","M","E","?","R","BOSS"],"items_purchased_type":[],"build_version":"2020-12-13","purchased_purges":0,"victory":false,"max_hp_per_floor":[80,80,80,80,80,80,80,80,80,80,80,80,80,80,80,80,80],"card_choices":[{"not_picked":["True Grit","Flex"],"picked":"Iron Wave","floor":1},{"not_picked":["Thunderclap","Armaments"],"picked":"Whirlwind","floor":2},{"not_picked":["Clash","Havoc"],"picked":"Twin Strike","floor":3},{"not_picked":["Entrench","Anger"],"picked":"Pommel Strike","floor":4},{"not_picked":["Shrug It Off","Twin Strike"],"picked":"Cleave","floor":5},{"not_picked":["Sword Boomerang","Berserk"],"picked":"Headbutt","floor":11},{"not_picked":["Clothesline","Warcry","Intimidate"],"picked":"SKIP","floor":12},{"not_picked":["Impervious","Havoc"],"picked":"Cleave","floor":13}],"player_experience":215676,"relics_obtained":[{"floor":7,"key":"Bronze Scales"},{"floor":13,"key":"MawBank"}],"event_choices":[{"damage_healed":0,"gold_gain":0,"player_choice":"Searched \u00272\u0027 times","damage_taken":0,"max_hp_gain":0,"max_hp_loss":0,"event_name":"Dead Adventurer","floor":7,"gold_loss":0},{"damage_healed":0,"gold_gain":75,"player_choice":"Gather Gold","damage_taken":11,"max_hp_gain":0,"max_hp_loss":0,"event_name":"World of Goop","floor":10,"gold_loss":0},{"damage_healed":0,"gold_gain":175,"player_choice":"AGREE","damage_taken":0,"max_hp_gain":0,"max_hp_loss":0,"event_name":"Liars Game","floor":14,"gold_loss":0,"cards_obtained":["Doubt"]}],"is_beta":false,"boss_relics":[],"items_purged_floors":[],"is_endless":false,"potions_floor_spawned":[1,2,4,11],"killed_by":"The Guardian","ascension_level":3}}