{"host":"58syw52hqfl22t9m","time":1608271380,"event":{"mods":["2.2 Compatiblity","AchievementEnabler","BaseMod","Better Altar","Better Match","Better Note","Better Sensory Stone","Better Skull","Better Third Choice","BetterRewards","Block Reminder","Colored Map","Colored Powertips","DeckTracker","GifTheSpireLib","Highlight Path","Hubris","Minty Spire (QoL Compilation)","Permanent Neow","Random Character Button","Rare Cards Sparkle","Relic Stats","Replay The Spire","Shop Mod","Spicy Shops","StSLib","The Blue Laboratory"],"gold_per_floor":[110,121,58,27,27,27,38,38,69,69,118,118,118,144,175,209,209,332,332,362,272,69,169,1,1,1,29,111,153,191,191,221,270,270,391,391,432,472,395,395,438,501,501,558,558,402,427,77,112,165,165,193],"floor_reached":53,"playtime":4136,"items_purged":["Defend_G","Strike_G","Strike_G","Defend_G"],"score":1057,"play_id":"e32e7d10-fc7f-45d7-ada9-6382764e57ce","local_time":"20201217220300","is_ascension_mode":true,"campfire_choices":[{"data":"Poisoned Stab","floor":8,"key":"SMITH"},{"floor":10,"key":"REST"},{"data":"Flying Knee","floor":12,"key":"SMITH"},{"data":"Backflip","floor":17,"key":"SMITH"},{"data":"Envenom","floor":25,"key":"SMITH"},{"floor":34,"key":"REST"},{"floor":43,"key":"REST"},{"floor":51,"key":"REST"}],"circlet_count":0,"master_deck":["Strike_G+1","Defend_G","Defend_G","Defend_G","Survivor+1","Neutralize+1","Footwork+1","Backflip+1","Backstab","Blade Dance","Prepared","Flying Knee+1","Poisoned Stab+1","Slice+1","All Out Attack+1","Envenom+1","Dagger Throw+1","Noxious Fumes+1","Blade Dance+1","Terror+1","Infinite Blades","Finisher+1","Bane+1","Dash","Backflip+1","ReplayTheSpireMod:Shiv Toss"],"relics":["Ring of the Snake","Membership Card","betterThird:SlimedRelic","Replay:Bandana","hubris:ScarierMask","Gremlin Food","TwistedFunnel","White Beast Statue","Red Mask","SlaversCollar","Whetstone","Blue Doll","Meat on the Bone","Regal Pillow","Sling","Strange Spoon","Strawberry","HandDrill","Gremlin Horn","Ninja Scroll"],"acts_visited":["Exordium","TheCity","TheBeyond"],"potions_floor_usage":[20,30,38,42,44,44,50,52,52],"damage_taken":[{"damage":0,"enemies":"Jaw Worm","floor":1,"turns":3},{"damage":0,"enemies":"Cultist","floor":2,"turns":4},{"damage":0,"enemies":"Small Slimes","floor":7,"turns":3},{"damage":3,"enemies":"Replay:BlueRogue","floor":9,"turns":5},{"damage":0,"enemies":"Blue Slaver","floor":14,"turns":3},{"damage":0,"enemies":"3 Louse","floor":15,"turns":3},{"damage":6,"enemies":"Exordium Wildlife","floor":16,"turns":2},{"damage":9,"enemies":"Hexaghost","floor":18,"turns":12},{"damage":0,"enemies":"Spheric Guardian","floor":20,"turns":2},{"damage":0,"enemies":"3 Byrds","floor":27,"turns":2},{"damage":0,"enemies":"Cultist and Chosen","floor":29,"turns":3},{"damage":14,"enemies":"Snake Plant","floor":30,"turns":3},{"damage":15,"enemies":"Shelled Parasite and Fungi","floor":32,"turns":5},{"damage":0,"enemies":"Masked Bandits","floor":33,"turns":3},{"damage":20,"enemies":"Pondfish","floor":35,"turns":7},{"damage":12,"enemies":"Orb Walker","floor":37,"turns":2},{"damage":8,"enemies":"3 Darklings","floor":38,"turns":3},{"damage":0,"enemies":"Maw","floor":41,"turns":7},{"damage":10,"enemies":"Nemesis","floor":42,"turns":5},{"damage":33,"enemies":"R_Hoarder","floor":44,"turns":6},{"damage":0,"enemies":"Sphere and 2 Shapes","floor":47,"turns":1},{"damage":0,"enemies":"Jaw Worm Horde","floor":49,"turns":2},{"damage":24,"enemies":"Reptomancer","floor":50,"turns":4},{"damage":48,"enemies":"Replay:Hell Engine","floor":52,"turns":13}],"seed_played":"-7181886723632464389","potions_obtained":[{"floor":1,"key":"blueLaboratory:CorrosionFlask"},{"floor":2,"key":"BlessingOfTheForge"},{"floor":15,"key":"blueLaboratory:RecallPotion"},{"floor":29,"key":"GamblersBrew"},{"floor":30,"key":"blueLaboratory:EnvenomedCoating"},{"floor":35,"key":"SkillPotion"},{"floor":38,"key":"BlessingOfTheForge"},{"floor":41,"key":"DuplicationPotion"},{"floor":42,"key":"Adrenaline Potion"},{"floor":49,"key":"Weak Potion"},{"floor":50,"key":"ColorlessPotion"}],"is_trial":false,"path_per_floor":["M","M","$","?","PTL","PTL","M","R","E","R","T","R","?","M","M","M","R","B",null,"M","?","$","?","$","R","?","M","T","M","M","?","M","?","R","B",null,"M","M","$","?","M","E","R","E","T","$","M","$","M","E","R","B",null],"character_chosen":"THE_SILENT","items_purchased":["Footwork+1","Membership Card","Backflip","Backstab","Flying Knee","Gremlin Food","Noxious Fumes","Blade Dance+1","TwistedFunnel","Whetstone","Regal Pillow","Sling","Strange Spoon","Strawberry","HandDrill","Gremlin Horn"],"campfire_rested":4,"item_purchase_floors":[0,0,0,0,3,22,22,24,24,39,46,46,48,48,48,48],"current_hp_per_floor":[70,70,70,59,59,59,59,59,56,70,70,70,70,70,70,64,64,55,70,70,70,70,70,70,70,70,70,70,70,56,56,41,41,62,42,70,58,50,50,50,50,40,61,30,30,30,42,49,49,37,75,39],"gold":193,"neow_bonus":"","is_daily":false,"chose_seed":false,"campfire_upgraded":4,"win_rate":0.0,"timestamp":1608271380,"path_taken":["M","M","$","?","PTL","PTL","M","R","E","R","T","R","?","M","?","M","R","BOSS","M","?","$","?","$","R","?","M","T","M","M","?","M","?","R","BOSS","M","M","$","?","M","E","R","E","T","$","M","$","M","E","R","BOSS"],"items_purchased_type":["Card","Relic","Card","Card","Card","Relic","Card","Card","Relic","Relic","Relic","Relic","Relic","Relic","Relic","Relic"],"build_version":"2020-12-13","purchased_purges":4,"victory":true,"max_hp_per_floor":[70,70,70,70,70,70,70,70,70,70,70,70,70,70,70,70,70,70,70,70,70,70,70,70,70,70,70,70,70,70,70,70,70,70,70,70,70,70,70,70,70,70,70,72,72,72,72,79,79,79,79,79],"relic_stats":{"Strange Spoon":[36],"Regal Pillow":15,"Gremlin Horn":[6,6],"counters":[50,231],"HandDrill":[8],"Whetstone":["All Out Attack","Neutralize"],"obtain_stats":[{"TwistedFunnel":24,"Golden Egg":37,"Regal Pillow":46,"Gremlin Horn":48,"Mango":0,"Blue Doll":44,"hubris:SlimyHat":26,"Whetstone":39,"Smiling Mask":28,"Sling":46,"Pet Ghost":19,"Replay:Bandana":9,"WristBlade":17,"Ninja Scroll":50,"Pantograph":0,"Strawberry":21,"hubris:ScarierMask":19,"Tiny Chest":0,"Red Mask":33,"HandDrill":48,"Ring of the Snake":0,"Replay:Bottled Steam":43,"Gremlin Food":22,"Paper Crane":9,"White Beast Statue":6,"Mercury Hourglass":41,"SlaversCollar":36,"Strange Spoon":48,"betterThird:SlimedRelic":4,"Membership Card":0,"Meat on the Bone":45},{"TwistedFunnel":35,"Golden Egg":18,"Regal Pillow":46,"Gremlin Horn":47,"Mango":0,"Blue Doll":46,"hubris:SlimyHat":13,"Whetstone":43,"Smiling Mask":14,"Sling":46,"Pet Ghost":10,"Replay:Bandana":30,"WristBlade":9,"Ninja Scroll":49,"Pantograph":0,"Strawberry":11,"hubris:ScarierMask":34,"Tiny Chest":0,"Red Mask":40,"HandDrill":47,"Ring of the Snake":0,"Replay:Bottled Steam":20,"Gremlin Food":35,"Paper Crane":5,"White Beast Statue":3,"Mercury Hourglass":20,"SlaversCollar":41,"Strange Spoon":47,"betterThird:SlimedRelic":28,"Membership Card":26,"Meat on the Bone":46},{"TwistedFunnel":165,"Golden Egg":89,"Regal Pillow":211,"Gremlin Horn":212,"Mango":0,"Blue Doll":211,"hubris:SlimyHat":65,"Whetstone":193,"Smiling Mask":71,"Sling":211,"Pet Ghost":51,"Replay:Bandana":143,"WristBlade":47,"Ninja Scroll":218,"Pantograph":0,"Strawberry":56,"hubris:ScarierMask":163,"Tiny Chest":0,"Red Mask":181,"HandDrill":212,"Ring of the Snake":0,"Replay:Bottled Steam":100,"Gremlin Food":165,"Paper Crane":24,"White Beast Statue":16,"Mercury Hourglass":100,"SlaversCollar":188,"Strange Spoon":212,"betterThird:SlimedRelic":135,"Membership Card":128,"Meat on the Bone":211}],"Ring of the Snake":[100],"Meat on the Bone":36},"card_choices":[{"not_picked":["hubris:Counter","Hidden Blade"],"picked":"Blade Dance","floor":1},{"not_picked":["Deadly Poison","Acrobatics"],"picked":"Prepared","floor":2},{"not_picked":["Deadly Poison","Blade Dance"],"picked":"Poisoned Stab","floor":7},{"not_picked":["Dagger Throw","Outmaneuver"],"picked":"Slice","floor":9},{"not_picked":["Expertise","Acrobatics"],"picked":"All Out Attack","floor":14},{"not_picked":["Bane","ReplayTheSpireMod:Tripwire","Skewer"],"picked":"SKIP","floor":15},{"not_picked":["hubris:Counter","Concentrate","Fluid Movement"],"picked":"SKIP","floor":16},{"not_picked":["Malaise","Die Die Die"],"picked":"Envenom","floor":18},{"not_picked":["Cloak And Dagger","Predator"],"picked":"Dagger Throw+1","floor":20},{"not_picked":["Blade Dance","Expertise+1"],"picked":"Terror","floor":27},{"not_picked":["Sucker Punch","PiercingWail"],"picked":"Infinite Blades","floor":29},{"not_picked":["Prepared","Dodge and Roll","Crippling Poison+1"],"picked":"SKIP","floor":30},{"not_picked":["Blade Dance","Deadly Poison","hubris:SlightOfHand"],"picked":"SKIP","floor":32},{"not_picked":["Quick Slash","Well Laid Plans"],"picked":"Finisher+1","floor":33},{"not_picked":["Dodge and Roll","Calculated Gamble","Infinite Blades"],"picked":"SKIP","floor":37},{"not_picked":["Endless Agony+1","Deflect+1"],"picked":"Bane+1","floor":38},{"not_picked":["Sucker Punch+1","Dagger Throw+1"],"picked":"Dash","floor":41},{"not_picked":["Dodge and Roll","Dagger Throw","Draining Mist+1"],"picked":"SKIP","floor":42},{"not_picked":["Bane","Flying Knee+1","Quick Slash"],"picked":"SKIP","floor":44},{"not_picked":["Deflect","ReplayTheSpireMod:The Works"],"picked":"Backflip+1","floor":47},{"not_picked":["Backflip+1","Outmaneuver+1","Expertise+1"],"picked":"SKIP","floor":49},{"not_picked":["Malaise","Flechettes"],"picked":"ReplayTheSpireMod:Shiv Toss","floor":50}],"player_experience":415507,"relics_obtained":[{"floor":9,"key":"Replay:Bandana"},{"floor":28,"key":"White Beast Statue"},{"floor":33,"key":"Red Mask"},{"floor":44,"key":"Blue Doll"},{"floor":45,"key":"Meat on the Bone"},{"floor":50,"key":"Ninja Scroll"}],"event_choices":[{"damage_healed":0,"gold_gain":0,"player_choice":"Slimed","damage_taken":11,"max_hp_gain":0,"max_hp_loss":0,"event_name":"betterThird:BetterGoop","floor":4,"gold_loss":31},{"damage_healed":0,"gold_gain":0,"player_choice":"Leave","damage_taken":0,"max_hp_gain":0,"max_hp_loss":0,"event_name":"FaceTrader","floor":13,"gold_loss":0},{"cards_removed":["Strike_G"],"damage_healed":0,"gold_gain":0,"player_choice":"Upgrade and Remove","damage_taken":0,"max_hp_gain":0,"max_hp_loss":0,"event_name":"Designer","floor":21,"gold_loss":90,"cards_upgraded":["Strike_G"]},{"damage_healed":0,"gold_gain":100,"player_choice":"Pray","damage_taken":0,"max_hp_gain":0,"max_hp_loss":0,"event_name":"Golden Shrine","floor":23,"gold_loss":0},{"cards_removed":["Strike_G"],"damage_healed":0,"gold_gain":0,"player_choice":"Purged","damage_taken":0,"max_hp_gain":0,"max_hp_loss":0,"event_name":"Purifier","floor":26,"gold_loss":0},{"damage_healed":0,"gold_gain":0,"player_choice":"Fought Bandits","damage_taken":0,"max_hp_gain":0,"max_hp_loss":0,"event_name":"Masked Bandits","floor":33,"gold_loss":0}],"is_beta":false,"boss_relics":[{"not_picked":["Replay:Bronze Core","Kintsugi"],"picked":"hubris:ScarierMask"},{"not_picked":["hubris:Stopwatch","Abe\u0027s Treasure"],"picked":"SlaversCollar"}],"items_purged_floors":[0,3,22,24],"is_endless":false,"potions_floor_spawned":[1,2,15,18,27,29,30,32,33,35,37,38,41,42,44,47,49,50],"ascension_level":3}}