{"host":"5bdt6s51dmpd4l3v","time":1608272991,"event":{"mods":["AchievementEnabler","BaseMod","Colored Map","Colored Powertips","Highlight Path","Minty Spire (QoL Compilation)","Rare Cards Sparkle","StSLib"],"gold_per_floor":[112,127,146,31,43,72,72,72,72,72,102,114,114,166,166,166,166],"floor_reached":16,"playtime":373,"items_purged":[],"score":171,"play_id":"54aa43f6-8800-472c-86db-0c733b9e7d1a","local_time":"20201218142951","is_ascension_mode":true,"campfire_choices":[{"floor":7,"key":"REST"},{"data":"Flex","floor":10,"key":"SMITH"},{"floor":13,"key":"REST"},{"data":"Rupture","floor":15,"key":"SMITH"}],"circlet_count":0,"master_deck":["AscendersBane","Strike_R","Strike_R","Strike_R","Strike_R","Strike_R","Defend_R","Defend_R","Defend_R","Defend_R","Bash","Flex+1","Hemokinesis","Whirlwind","Rupture+1","Battle Trance","Sword Boomerang","Metallicize","Flex","Clash"],"relics":["Burning Blood","NeowsBlessing","Self Forming Clay","Bottled Tornado","Gremlin Horn"],"acts_visited":["Exordium"],"potions_floor_usage":[6,6,16],"damage_taken":[{"damage":0,"enemies":"Small Slimes","floor":1,"turns":1},{"damage":0,"enemies":"Cultist","floor":2,"turns":1},{"damage":0,"enemies":"Jaw Worm","floor":3,"turns":1},{"damage":29,"enemies":"Exordium Thugs","floor":5,"turns":5},{"damage":37,"enemies":"Gremlin Nob","floor":6,"turns":4},{"damage":32,"enemies":"Lagavulin","floor":11,"turns":6},{"damage":15,"enemies":"Blue Slaver","floor":12,"turns":3},{"damage":40,"enemies":"Slime Boss","floor":16,"turns":6}],"seed_played":"7176087133388699084","potions_obtained":[{"floor":1,"key":"Swift Potion"},{"floor":5,"key":"Fire Potion"},{"floor":11,"key":"Energy Potion"},{"floor":12,"key":"SpeedPotion"}],"is_trial":false,"path_per_floor":["M","M","M","$","M","E","R","?","T","R","E","M","R","?","R","B"],"character_chosen":"IRONCLAD","items_purchased":["Rupture","Battle Trance"],"campfire_rested":2,"item_purchase_floors":[4,4],"current_hp_per_floor":[78,80,80,80,57,26,50,50,50,50,24,15,39,39,39,0,0],"gold":166,"neow_bonus":"THREE_ENEMY_KILL","is_daily":false,"chose_seed":false,"campfire_upgraded":2,"win_rate":0.0,"timestamp":1608272991,"path_taken":["M","M","M","$","M","E","R","?","T","R","E","?","R","?","R","BOSS"],"items_purchased_type":["Card","Card"],"build_version":"2020-12-13","purchased_purges":0,"victory":false,"max_hp_per_floor":[80,80,80,80,80,80,80,80,80,80,80,80,80,80,80,80,80],"card_choices":[{"not_picked":["Bloodletting","Sentinel"],"picked":"Flex","floor":1},{"not_picked":["Clothesline","Fire Breathing"],"picked":"Hemokinesis","floor":2},{"not_picked":["Rampage","Wild Strike"],"picked":"Whirlwind","floor":3},{"not_picked":["Burning Pact","Flex","Cleave"],"picked":"SKIP","floor":5},{"not_picked":["Barricade","Pommel Strike"],"picked":"Sword Boomerang","floor":6},{"not_picked":["Dark Embrace","Perfected Strike","Sentinel"],"picked":"SKIP","floor":11},{"not_picked":["Pommel Strike","Thunderclap"],"picked":"Clash","floor":12}],"player_experience":129765,"relics_obtained":[{"floor":6,"key":"Self Forming Clay"},{"floor":9,"key":"Bottled Tornado"},{"floor":11,"key":"Gremlin Horn"}],"event_choices":[{"damage_healed":0,"gold_gain":0,"player_choice":"2 cards matched","damage_taken":0,"max_hp_gain":0,"max_hp_loss":0,"event_name":"Match and Keep!","floor":8,"gold_loss":0,"cards_obtained":["Metallicize","Flex"]},{"damage_healed":0,"gold_gain":52,"player_choice":"Gained Gold","damage_taken":0,"max_hp_gain":0,"max_hp_loss":0,"event_name":"Golden Wing","floor":14,"gold_loss":0}],"is_beta":false,"boss_relics":[],"items_purged_floors":[],"is_endless":false,"potions_floor_spawned":[1,5,11,12],"killed_by":"Slime Boss","ascension_level":11}}