{"host":"irbs4k8g1zbsytxn","time":1608277890,"event":{"mods":["BaseMod","Better Third Choice","Colored Map","Downfall","Duelist Mod","Hermit","Highlight Path","Hubris","Koishi","Marisa????????","Minty Spire (QoL Compilation)","Replay The Spire","Robot Space Explorer","Shade Mod","StSLib","The Bug Knight","The Cursed","The Hierophant","The Jungle","The Necromancer","The Runesmith","The Servant 0.9.4","Yuyuko"],"gold_per_floor":[116,131,143,162,179,179,210,230,257,257,270,270,300,319,319,418,418,431,346,364,377,377,377],"floor_reached":22,"playtime":2410,"items_purged":[],"score":212,"play_id":"c01778b4-e1b0-479d-a0bf-a4b198a683fa","local_time":"20201218155130","is_ascension_mode":true,"campfire_choices":[{"floor":6,"key":"REST"},{"data":"Rewind","floor":10,"key":"SMITH"},{"data":"ReturningBlade","floor":12,"key":"SMITH"},{"floor":15,"key":"REST"}],"circlet_count":0,"master_deck":["Strike_S","Strike_S","Strike_S","Strike_S","Defend_S","Defend_S","Defend_S","Defend_S","KidneyShot","Exchange","Ricochet","Reset","ShatteredReality","Rewind+1","Alleviate","SurpressingFire","SpecialFormula","ReturningBlade+1","DoubleEdge","FastForward","KillingDoll","SurpressingFire+1","Reset","ShiftingGears+1"],"relics":["Uniform","Onion Ring","Replay:Wax Seal","Toy Ornithopter","StoneMask","Anchor"],"acts_visited":["Exordium","TheCity"],"potions_floor_usage":[7,7,16,16,20,21,22],"damage_taken":[{"damage":8,"enemies":"Small Slimes","floor":1,"turns":5},{"damage":1,"enemies":"Cultist","floor":2,"turns":4},{"damage":0,"enemies":"2 Louse","floor":3,"turns":2},{"damage":5,"enemies":"Looter","floor":4,"turns":4},{"damage":11,"enemies":"3 Louse","floor":5,"turns":4},{"damage":26,"enemies":"Gremlin Nob","floor":7,"turns":5},{"damage":5,"enemies":"Red Slaver","floor":8,"turns":3},{"damage":17,"enemies":"Lots of Slimes","floor":11,"turns":3},{"damage":16,"enemies":"Replay:BlueRogue","floor":13,"turns":13},{"damage":0,"enemies":"2 Fungi Beasts","floor":14,"turns":1},{"damage":51,"enemies":"Fading Forest","floor":16,"turns":11},{"damage":24,"enemies":"Chosen","floor":18,"turns":6},{"damage":31,"enemies":"3 Byrds","floor":20,"turns":5},{"damage":34,"enemies":"3 Cultists","floor":21,"turns":7},{"damage":38,"enemies":"Cultist and Chosen","floor":22,"turns":8}],"seed_played":"-3351348665086792420","potions_obtained":[{"floor":2,"key":"Swift Potion"},{"floor":5,"key":"Weak Potion"},{"floor":11,"key":"CultistPotion"},{"floor":14,"key":"Weak Potion"},{"floor":16,"key":"Explosive Potion"},{"floor":20,"key":"SpeedPotion"},{"floor":21,"key":"Explosive Potion"}],"is_trial":false,"path_per_floor":["M","M","M","M","M","R","E","M","T","R","M","R","E","M","R","B",null,"M","?","M","M","M"],"character_chosen":"THE_SERVANT","items_purchased":[],"campfire_rested":2,"item_purchase_floors":[],"current_hp_per_floor":[63,62,62,57,46,67,41,36,36,36,24,24,13,13,34,22,71,50,50,38,23,0,0],"gold":377,"neow_bonus":"TEN_PERCENT_HP_BONUS","is_daily":false,"chose_seed":false,"campfire_upgraded":2,"win_rate":0.0,"timestamp":1608277890,"path_taken":["M","M","M","M","M","R","E","M","T","R","M","R","E","M","R","BOSS","M","?","M","M","M"],"items_purchased_type":[],"build_version":"2020-12-13","purchased_purges":0,"victory":false,"max_hp_per_floor":[71,71,71,71,71,71,71,71,71,71,71,71,71,71,71,71,71,72,72,75,78,79,79],"card_choices":[{"not_picked":["Unruled","DualDimension"],"picked":"Ricochet","floor":1},{"not_picked":["Rearm","BottledTime"],"picked":"Reset","floor":2},{"not_picked":["Contraction","Reset"],"picked":"ShatteredReality","floor":3},{"not_picked":["Starlight","StarChef"],"picked":"Rewind","floor":4},{"not_picked":["Starlight","Desolation"],"picked":"Alleviate","floor":5},{"not_picked":["Rewind","Embodiment"],"picked":"SurpressingFire","floor":7},{"not_picked":["ShatteredReality","SurpressingFire"],"picked":"SpecialFormula","floor":8},{"not_picked":["Revamp","ShatteredReality"],"picked":"ReturningBlade","floor":11},{"not_picked":["PendulumOfEternity","Alleviate"],"picked":"DoubleEdge","floor":13},{"not_picked":["DoubleEdge","Rearm"],"picked":"FastForward","floor":14},{"not_picked":["Sunlight","Deny"],"picked":"KillingDoll","floor":16},{"not_picked":["ReturningBlade","Misdirection+1"],"picked":"SurpressingFire+1","floor":18},{"not_picked":["Gouge","ShatteredReality+1"],"picked":"Reset","floor":20},{"not_picked":["TimeWarp","Revamp"],"picked":"ShiftingGears+1","floor":21}],"player_experience":262687,"relics_obtained":[{"floor":7,"key":"Onion Ring"},{"floor":9,"key":"Replay:Wax Seal"},{"floor":13,"key":"Toy Ornithopter"}],"event_choices":[{"damage_healed":0,"gold_gain":0,"player_choice":"Obtained Relic","damage_taken":0,"relics_obtained":["Anchor"],"max_hp_gain":0,"max_hp_loss":0,"event_name":"Addict","floor":19,"gold_loss":85}],"is_beta":false,"boss_relics":[{"not_picked":["Replay:Ancient Bell","MysterySword"],"picked":"StoneMask"}],"items_purged_floors":[],"is_endless":false,"potions_floor_spawned":[2,5,11,14,16,20,21],"killed_by":"Cultist and Chosen","ascension_level":1}}