{"host":"1p8eqzpvl5sxeu5t","time":1608277926,"event":{"mods":["BaseMod","Bestiary","Block Reminder","Colored Map","Colored Powertips","Downfall","Highlight Path","Minty Spire (QoL Compilation)","Relic Stats","StSLib","The IronCluck","Waifu the Spire","everything is the same but u backflip on backflip","slay the spire mod where everything is the same but ironclad has a cowboy hat"],"gold_per_floor":[349,363,117,148,35,69,96,271,300,300,316,336,336,353,366,366,366],"floor_reached":16,"playtime":804,"items_purged":["champ:Defend"],"score":132,"play_id":"593a69fa-20ab-481e-9c3e-a01c26274777","local_time":"20201218155206","is_ascension_mode":true,"campfire_choices":[{"data":"champ:Taunt","floor":1,"key":"SMITH"},{"floor":10,"key":"REST"}],"circlet_count":0,"master_deck":["champ:Strike","champ:Strike","champ:Strike","champ:Strike","champ:Defend","champ:Defend","champ:Defend","champ:Execute","champ:Taunt+1","champ:AdrenalArmor","champ:Haymaker","champ:FaceSlap","champ:DefensiveShout","champ:SwordSigil","champ:CrookedStrike","champ:BerserkersShout","champ:ViciousMockery","champ:FanOfKnives","champ:SwordThrow","champ:StanceDance","champ:Lariat"],"relics":["champ:ChampionCrown","Akabeko","Letter Opener","Blue Candle","Regal Pillow","CaptainsWheel"],"acts_visited":["Exordium"],"potions_floor_usage":[16,16,16],"damage_taken":[{"damage":5,"enemies":"2 Louse","floor":2,"turns":3},{"damage":9,"enemies":"downfall:FleeingMerchant","floor":3,"turns":4},{"damage":11,"enemies":"Gremlin Nob","floor":4,"turns":4},{"damage":10,"enemies":"downfall:FleeingMerchant","floor":5,"turns":4},{"damage":33,"enemies":"Lagavulin","floor":6,"turns":5},{"damage":25,"enemies":"3 Sentries","floor":9,"turns":6},{"damage":4,"enemies":"Small Slimes","floor":11,"turns":2},{"damage":13,"enemies":"Jaw Worm","floor":12,"turns":2},{"damage":11,"enemies":"Exordium Wildlife","floor":14,"turns":4},{"damage":7,"enemies":"2 Fungi Beasts","floor":15,"turns":2},{"damage":58,"enemies":"downfall:Defect","floor":16,"turns":6}],"seed_played":"-4639874092985078940","potions_obtained":[{"floor":4,"key":"Energy Potion"},{"floor":9,"key":"Guardian:BlockOnCardUsePotion"},{"floor":11,"key":"SneckoOil"}],"is_trial":false,"path_per_floor":["R","M","$","E","$","E","T","?","E","R","M","M","?","M","M","B"],"character_chosen":"THE_CHAMP","items_purchased":["Akabeko","champ:FaceSlap","champ:DefensiveShout","champ:BerserkersShout"],"campfire_rested":1,"item_purchase_floors":[3,3,3,5],"current_hp_per_floor":[63,63,63,57,52,39,39,39,24,66,66,53,53,51,51,0,0],"gold":366,"neow_bonus":"TWO_FIFTY_GOLD","is_daily":false,"chose_seed":false,"campfire_upgraded":1,"win_rate":0.0,"timestamp":1608277926,"path_taken":["R","M","$","E","$","E","T","?","E","R","M","M","?","M","M","BOSS"],"items_purchased_type":["Relic","Card","Card","Card"],"build_version":"2020-12-13","purchased_purges":1,"victory":false,"max_hp_per_floor":[90,90,90,90,90,90,90,90,90,90,90,90,90,90,90,90,90],"relic_stats":{"Regal Pillow":15,"counters":[11,42],"Blue Candle":[2],"Letter Opener":[50],"obtain_stats":[{"Regal Pillow":7,"CaptainsWheel":9,"Blue Candle":6,"champ:ChampionCrown":0,"Letter Opener":4,"Akabeko":3},{"Regal Pillow":5,"CaptainsWheel":6,"Blue Candle":5,"champ:ChampionCrown":0,"Letter Opener":3,"Akabeko":2},{"Regal Pillow":20,"CaptainsWheel":26,"Blue Candle":20,"champ:ChampionCrown":0,"Letter Opener":11,"Akabeko":7}]},"card_choices":[{"not_picked":["champ:GladiatorStyle","champ:GutPunch"],"picked":"champ:AdrenalArmor","floor":2},{"not_picked":["champ:RageSigil","champ:SwordSigil"],"picked":"champ:Haymaker","floor":3},{"not_picked":["champ:DefensiveShout","champ:BladeFlurry"],"picked":"champ:SwordSigil","floor":4},{"not_picked":["champ:ShieldWall","champ:SwordSigil"],"picked":"champ:CrookedStrike","floor":5},{"not_picked":["champ:Encircle","champ:TornadoPunch"],"picked":"champ:ViciousMockery","floor":6},{"not_picked":["champ:GladiatorStyle","champ:RapidStrikes"],"picked":"champ:FanOfKnives","floor":9},{"not_picked":["champ:Duel","champ:Haymaker"],"picked":"champ:SwordThrow","floor":11},{"not_picked":["champ:RapidStrikes","champ:Backstep"],"picked":"champ:StanceDance","floor":12},{"not_picked":["champ:DefensiveShout","champ:Aggression","champ:Shatter"],"picked":"SKIP","floor":14},{"not_picked":["champ:Haymaker","champ:ShieldWall"],"picked":"champ:Lariat","floor":15}],"player_experience":816587,"relics_obtained":[{"floor":4,"key":"Letter Opener"},{"floor":6,"key":"Blue Candle"},{"floor":7,"key":"Regal Pillow"},{"floor":9,"key":"CaptainsWheel"}],"event_choices":[{"cards_removed":["Doubt"],"damage_healed":0,"gold_gain":0,"player_choice":"Forget","damage_taken":0,"max_hp_gain":0,"max_hp_loss":0,"event_name":"Living Wall","floor":13,"gold_loss":0}],"is_beta":false,"boss_relics":[],"items_purged_floors":[5],"is_endless":false,"potions_floor_spawned":[4,9,11,14],"killed_by":"downfall:Defect","ascension_level":2}}