{"host":"0cnf9zf1gia27zti","time":1608311792,"event":{"mods":["BaseMod","BetterRewards","Card Forge","Colored Map","Colored Powertips","Conspire","Downfall","Minty Spire (QoL Compilation)","Practice Mode","Quick Restart","Replay The Spire","Robot Space Explorer","Shade Mod","Spicy Shops","StSLib"],"gold_per_floor":[118,6,26,26,26,43,43,43,43,5,17,33,33,33,33,106,106,124,39,57,74,89,89,89,89],"floor_reached":24,"playtime":1737,"items_purged":["Defend_B","Defend_B"],"score":320,"play_id":"fcd0ac9f-88b0-4518-8ace-5846f6bd4cce","local_time":"20201218171632","is_ascension_mode":true,"campfire_choices":[{"floor":7,"key":"REST"},{"floor":13,"key":"REST"},{"data":"Zap","floor":15,"key":"SMITH"},{"floor":23,"key":"REST"}],"circlet_count":0,"master_deck":["AscendersBane","Strike_B","Strike_B","Defend_B","Defend_B","Zap+1","Dualcast","Crystallizer","Crystallizer","Heatsinks","Self Repair","Tempest","Loop","Loop","Leap","Amplify","BasicCrystalCard+1","FIFO Queue","Sweeping Beam","Ball Lightning+1","Panic Button"],"relics":["Cracked Core","Hammer of Thor","Seething Fire","Anvil of the Gods","Membership Card","DataDisk","ReplayFunnel","Replay:Antivirus Software","Oddly Smooth Stone","Replay:Baseball","Ornamental Fan","SacredBark"],"acts_visited":["Exordium","TheCity"],"potions_floor_usage":[18,21,22],"damage_taken":[{"damage":0,"enemies":"Small Slimes","floor":1,"turns":3},{"damage":0,"enemies":"Cultist","floor":3,"turns":3},{"damage":0,"enemies":"Jaw Worm","floor":6,"turns":3},{"damage":24,"enemies":"Exordium Thugs","floor":11,"turns":4},{"damage":8,"enemies":"Red Slaver","floor":12,"turns":3},{"damage":18,"enemies":"Slime Boss","floor":16,"turns":9},{"damage":18,"enemies":"Shell Parasite","floor":18,"turns":5},{"damage":29,"enemies":"Spheric Guardian","floor":20,"turns":7},{"damage":21,"enemies":"Shelled Parasite and Fungi","floor":21,"turns":5},{"damage":8,"enemies":"Snake Plant","floor":22,"turns":3},{"damage":45,"enemies":"Slavers","floor":24,"turns":2}],"seed_played":"-4954677288625575936","potions_obtained":[{"floor":1,"key":"Elixir"},{"floor":12,"key":"SpeedPotion"},{"floor":16,"key":"Explosive Potion"},{"floor":18,"key":"BlessingOfTheForge"}],"is_trial":false,"path_per_floor":["M","$","M","$","?","M","R","?","T","$","M","M","R","$","R","B",null,"M","$","M","M","M","R","E"],"character_chosen":"DEFECT","items_purchased":["Crystallizer","Membership Card","DataDisk","ReplayFunnel","Crystallizer","Replay:Antivirus Software","Oddly Smooth Stone","Heatsinks","Self Repair","Loop","Replay:Baseball","FIFO Queue"],"campfire_rested":3,"item_purchase_floors":[0,0,0,0,0,0,0,0,0,2,2,19],"current_hp_per_floor":[39,39,46,46,46,46,67,60,60,60,43,42,63,63,63,52,66,55,55,40,26,18,39,0,0],"gold":89,"neow_bonus":"","is_daily":false,"chose_seed":false,"campfire_upgraded":1,"win_rate":0.0,"timestamp":1608311792,"path_taken":["M","$","M","$","?","?","R","?","T","?","M","M","R","$","R","BOSS","M","$","M","M","M","R","E"],"items_purchased_type":["Card","Relic","Relic","Relic","Card","Relic","Relic","Card","Card","Card","Relic","Card"],"build_version":"2020-12-13","purchased_purges":2,"victory":false,"max_hp_per_floor":[71,71,71,71,71,71,71,71,71,71,71,71,71,71,71,71,71,71,71,71,71,71,71,71,71],"card_choices":[{"not_picked":["Gash","Beam Cell"],"picked":"Tempest","floor":1},{"not_picked":["Hello World","Recycle","Stack"],"picked":"SKIP","floor":3},{"not_picked":["Rebound","Turbo","Darkness"],"picked":"SKIP","floor":6},{"not_picked":["Coolheaded","Go for the Eyes"],"picked":"Loop","floor":11},{"not_picked":["Steam","Hologram"],"picked":"Leap","floor":12},{"not_picked":["Multi-Cast","ReplayTheSpireMod:Omega Cannon"],"picked":"Amplify","floor":16},{"not_picked":["Go for the Eyes","Steam"],"picked":"BasicCrystalCard+1","floor":18},{"not_picked":["ReplayTheSpireMod:GoodbyeWorld+1","BasicCrystalCard"],"picked":"Sweeping Beam","floor":20},{"not_picked":["Beam Cell+1","Storm"],"picked":"Ball Lightning+1","floor":21},{"not_picked":["Stack","FIFO Queue"],"picked":"Panic Button","floor":22}],"player_experience":2139685,"relics_obtained":[{"floor":9,"key":"Ornamental Fan"}],"event_choices":[{"cards_removed":["Strike_B"],"damage_healed":0,"gold_gain":0,"player_choice":"Offered Basic","damage_taken":0,"max_hp_gain":0,"max_hp_loss":0,"event_name":"Bonfire Elementals","floor":5,"gold_loss":0},{"cards_removed":["Strike_B"],"damage_healed":0,"gold_gain":0,"player_choice":"Card Removal","damage_taken":7,"max_hp_gain":0,"max_hp_loss":0,"event_name":"Golden Wing","floor":8,"gold_loss":0}],"is_beta":false,"boss_relics":[{"not_picked":["ChewingGum","Honey Jar"],"picked":"SacredBark"}],"items_purged_floors":[10,19],"is_endless":false,"potions_floor_spawned":[1,12,16,18],"killed_by":"Slavers","ascension_level":14}}