{"host":"Rich","time":1608324021,"event":{"mods":["AchievementEnabler","BaseMod","Highlight Path","Minty Spire (QoL Compilation)","Relic Stats"],"gold_per_floor":[210,210,220,239,12,40,40,40,40,40,55,85,100,100,100,175,175,147,157,174,74,74,109,109,140,163,175,206,218,243,268,280,364,376,405,417,439,451,478,490,529,97,123,154,154,170,217,235,235,235,235],"floor_reached":50,"playtime":2605,"items_purged":["Pain","Strike_G","Strike_G"],"score":1183,"play_id":"7fba06db-7955-493d-bf54-9b594edd8482","local_time":"20201218154021","is_ascension_mode":true,"campfire_choices":[{"data":"Wraith Form v2","floor":8.0,"key":"SMITH"},{"data":"Deadly Poison","floor":10.0,"key":"SMITH"},{"floor":15.0,"key":"REST"},{"floor":24.0,"key":"REST"},{"data":"Catalyst","floor":27.0,"key":"SMITH"},{"data":"Terror","floor":29.0,"key":"SMITH"},{"data":"Doppelganger","floor":32.0,"key":"SMITH"},{"floor":40.0,"key":"RECALL"},{"data":"Wraith Form v2","floor":45.0,"key":"SMITH"},{"data":"Malaise","floor":49.0,"key":"SMITH"}],"circlet_count":0,"master_deck":["AscendersBane","Strike_G","Strike_G","Defend_G","Defend_G","Defend_G","Defend_G","Defend_G","Survivor","Neutralize","Dash","Predator","Deadly Poison+1","Wraith Form v2+1","Poisoned Stab","Crippling Poison","PiercingWail","Catalyst+1","Venomology","Bullet Time","Terror+1","Outmaneuver+1","Bane","Doppelganger+1","Dagger Spray+1","Poisoned Stab+1","Wraith Form v2+1","CurseOfTheBell","PiercingWail","Noxious Fumes+1","Acrobatics+1","Catalyst","Noxious Fumes","Master of Strategy","Backstab+1","Noxious Fumes+1","Malaise+1"],"relics":["Ring of the Snake","WarpedTongs","Question Card","Bottled Lightning","Matryoshka","Runic Pyramid","Bag of Preparation","Eternal Feather","Happy Flower","MawBank","Calling Bell","Boot","Pear","FossilizedHelix","Ninja Scroll","Ancient Tea Set","Snake Skull","Anchor"],"acts_visited":["Exordium","TheCity","TheBeyond"],"potions_floor_usage":[50,50],"damage_taken":[{"damage":0.0,"enemies":"Small Slimes","floor":1.0,"turns":5.0},{"damage":1.0,"enemies":"Cultist","floor":3.0,"turns":4.0},{"damage":3.0,"enemies":"Jaw Worm","floor":4.0,"turns":2.0},{"damage":3.0,"enemies":"Gremlin Nob","floor":6.0,"turns":6.0},{"damage":9.0,"enemies":"Lots of Slimes","floor":11.0,"turns":5.0},{"damage":27.0,"enemies":"Lagavulin","floor":12.0,"turns":8.0},{"damage":9.0,"enemies":"3 Louse","floor":13.0,"turns":2.0},{"damage":8.0,"enemies":"The Guardian","floor":16.0,"turns":9.0},{"damage":1.0,"enemies":"2 Thieves","floor":18.0,"turns":4.0},{"damage":0.0,"enemies":"3 Byrds","floor":19.0,"turns":5.0},{"damage":11.0,"enemies":"Snecko","floor":20.0,"turns":4.0},{"damage":7.0,"enemies":"Book of Stabbing","floor":23.0,"turns":6.0},{"damage":9.0,"enemies":"Slavers","floor":25.0,"turns":6.0},{"damage":1.0,"enemies":"Snake Plant","floor":28.0,"turns":3.0},{"damage":13.0,"enemies":"Shelled Parasite and Fungi","floor":30.0,"turns":3.0},{"damage":12.0,"enemies":"Chosen and Byrds","floor":31.0,"turns":6.0},{"damage":45.0,"enemies":"Automaton","floor":33.0,"turns":11.0},{"damage":0.0,"enemies":"3 Darklings","floor":35.0,"turns":6.0},{"damage":0.0,"enemies":"Orb Walker","floor":37.0,"turns":4.0},{"damage":0.0,"enemies":"Writhing Mass","floor":38.0,"turns":1.0},{"damage":7.0,"enemies":"Sphere and 2 Shapes","floor":39.0,"turns":4.0},{"damage":7.0,"enemies":"Reptomancer","floor":41.0,"turns":6.0},{"damage":1.0,"enemies":"Giant Head","floor":44.0,"turns":9.0},{"damage":2.0,"enemies":"Transient","floor":46.0,"turns":6.0},{"damage":0.0,"enemies":"4 Shapes","floor":48.0,"turns":4.0},{"damage":37,"enemies":"Awakened One","floor":50,"turns":12}],"seed_played":"5216617364838463259","potions_obtained":[{"floor":1.0,"key":"Swift Potion"},{"floor":3.0,"key":"DuplicationPotion"},{"floor":6.0,"key":"SteroidPotion"},{"floor":18.0,"key":"Swift Potion"},{"floor":31.0,"key":"EssenceOfSteel"},{"floor":33.0,"key":"BlessingOfTheForge"},{"floor":39.0,"key":"SpeedPotion"},{"floor":44.0,"key":"Weak Potion"}],"is_trial":false,"path_per_floor":["M","?","M","M","$","E","$","R","T","R","M","E","M","?","R","B",null,"M","M","M","$","?","E","R","E","T","R","M","R","M","M","R","B",null,"M","?","M","M","M","R","E","$","T","E","R","M","T","M","R","B"],"character_chosen":"THE_SILENT","items_purchased":["Wraith Form v2","Catalyst","Noxious Fumes","Master of Strategy"],"campfire_rested":2,"item_purchase_floors":[5,42,42,42],"current_hp_per_floor":[59,59,58,55,55,52,52,52,52,52,43,16,7,7,26,18,54,53,53,42,42,42,35,54,45,45,60,59,66,53,41,56,11,62,62,62,62,62,55,73,66,66,66,65,76,74,74,74,76,39,39],"gold":235,"neow_bonus":"HUNDRED_GOLD","is_daily":false,"chose_seed":false,"campfire_upgraded":7,"win_rate":0.0,"timestamp":1608324021,"path_taken":["M","?","?","M","$","E","$","R","T","R","?","E","M","?","R","BOSS","M","M","M","?","?","E","R","E","T","R","M","R","M","?","R","BOSS","M","?","M","M","M","R","E","$","T","E","R","?","?","M","R","BOSS"],"items_purchased_type":["Card","Card","Card","Card"],"build_version":"2020-12-17","purchased_purges":3,"victory":false,"max_hp_per_floor":[66,66,66,66,66,66,66,66,66,66,66,66,66,66,66,66,66,66,66,66,66,66,66,66,66,66,66,66,66,66,66,66,66,76,76,76,76,76,76,76,76,76,76,76,76,76,76,76,76,76,76],"relic_stats":{"Happy Flower":[25],"counters":[26,141],"Eternal Feather":68,"Snake Skull":[38],"Bag of Preparation":[20],"Question Card":21,"MawBank":192,"Boot":[21],"obtain_stats":[{"Pear":34,"Happy Flower":26,"Eternal Feather":25,"Snake Skull":44,"Bag of Preparation":23,"Question Card":6,"MawBank":26,"Boot":34,"Ancient Tea Set":43,"WarpedTongs":2,"Calling Bell":34,"Anchor":47,"Matryoshka":12,"Ninja Scroll":41,"Bottled Lightning":9,"FossilizedHelix":34,"Ring of the Snake":0,"Runic Pyramid":17},{"Pear":17,"Happy Flower":13,"Eternal Feather":13,"Snake Skull":23,"Bag of Preparation":12,"Question Card":4,"MawBank":13,"Boot":17,"Ancient Tea Set":22,"WarpedTongs":1,"Calling Bell":17,"Anchor":24,"Matryoshka":6,"Ninja Scroll":22,"Bottled Lightning":4,"FossilizedHelix":17,"Ring of the Snake":0,"Runic Pyramid":8},{"Pear":89,"Happy Flower":66,"Eternal Feather":66,"Snake Skull":119,"Bag of Preparation":60,"Question Card":17,"MawBank":66,"Boot":89,"Ancient Tea Set":110,"WarpedTongs":5,"Calling Bell":89,"Anchor":125,"Matryoshka":30,"Ninja Scroll":110,"Bottled Lightning":17,"FossilizedHelix":89,"Ring of the Snake":0,"Runic Pyramid":41}],"Ring of the Snake":[52],"WarpedTongs":[136]},"card_choices":[{"not_picked":["Finisher","Dodge and Roll"],"picked":"Dash","floor":1.0},{"not_picked":["Deflect","Terror"],"picked":"Predator","floor":3.0},{"not_picked":["Finisher","Bane"],"picked":"Deadly Poison","floor":4.0},{"not_picked":["Dodge and Roll","Bane"],"picked":"Poisoned Stab","floor":6.0},{"not_picked":["Prepared","Unload","Dash"],"picked":"Crippling Poison","floor":11.0},{"not_picked":["Caltrops","Doppelganger","Deadly Poison"],"picked":"PiercingWail","floor":12.0},{"not_picked":["Prepared","Predator","Choke"],"picked":"Catalyst","floor":13.0},{"not_picked":["Corpse Explosion","Night Terror","Phantasmal Killer"],"picked":"Bullet Time","floor":16.0},{"not_picked":["Deflect+1","Quick Slash","Finisher"],"picked":"Terror","floor":18.0},{"not_picked":["Dash","Skewer+1","Prepared+1"],"picked":"Outmaneuver+1","floor":19.0},{"not_picked":["Heel Hook+1","Backstab","Outmaneuver","Slice"],"picked":"SKIP","floor":20.0},{"not_picked":["Expertise","Outmaneuver","Infinite Blades"],"picked":"Bane","floor":23.0},{"not_picked":["Deflect","Poisoned Stab","Setup"],"picked":"Doppelganger","floor":25.0},{"not_picked":["Dagger Throw","Tactician","PiercingWail"],"picked":"Dagger Spray+1","floor":28.0},{"not_picked":["Flying Knee","Caltrops+1","Heel Hook"],"picked":"Poisoned Stab+1","floor":30.0},{"not_picked":["Dash","Flechettes+1","All Out Attack","Sucker Punch"],"picked":"SKIP","floor":31.0},{"not_picked":["Doppelganger","A Thousand Cuts","Envenom"],"picked":"Wraith Form v2","floor":33.0},{"not_picked":["Slice","Quick Slash","Finisher+1"],"picked":"PiercingWail","floor":35.0},{"not_picked":["Blur+1","Poisoned Stab","Corpse Explosion"],"picked":"Noxious Fumes+1","floor":37.0},{"not_picked":["Heel Hook","Quick Slash+1","Cloak And Dagger+1"],"picked":"Acrobatics+1","floor":39.0},{"not_picked":["Underhanded Strike+1","Dodge and Roll","Doppelganger","Blade Dance"],"picked":"SKIP","floor":41.0},{"not_picked":["Deflect","Blade Dance","Quick Slash"],"picked":"Backstab+1","floor":44.0},{"not_picked":["Poisoned Stab","Sucker Punch","Outmaneuver"],"picked":"Noxious Fumes+1","floor":46.0},{"not_picked":["Masterful Stab+1","PiercingWail","Reflex"],"picked":"Malaise","floor":48.0}],"player_experience":1913045,"relics_obtained":[{"floor":6.0,"key":"Question Card"},{"floor":9.0,"key":"Bottled Lightning"},{"floor":12.0,"key":"Matryoshka"},{"floor":23.0,"key":"Bag of Preparation"},{"floor":25.0,"key":"Eternal Feather"},{"floor":26.0,"key":"Happy Flower"},{"floor":26.0,"key":"MawBank"},{"floor":34.0,"key":"Boot"},{"floor":34.0,"key":"Pear"},{"floor":34.0,"key":"FossilizedHelix"},{"floor":41.0,"key":"Ninja Scroll"},{"floor":43.0,"key":"Ancient Tea Set"},{"floor":44.0,"key":"Snake Skull"},{"floor":47.0,"key":"Anchor"}],"event_choices":[{"damage_healed":0.0,"max_hp_gain":0.0,"max_hp_loss":0.0,"gold_gain":0.0,"event_name":"Accursed Blacksmith","player_choice":"Rummage","floor":2.0,"gold_loss":0.0,"damage_taken":0.0,"relics_obtained":["WarpedTongs"],"cards_obtained":["Pain"]},{"damage_healed":0.0,"max_hp_gain":0.0,"max_hp_loss":0.0,"gold_gain":0.0,"cards_transformed":["Strike_G"],"event_name":"Transmorgrifier","player_choice":"Transformed","floor":14.0,"gold_loss":0.0,"damage_taken":0.0,"cards_obtained":["Venomology"]},{"damage_healed":0.0,"max_hp_gain":0.0,"max_hp_loss":0.0,"gold_gain":0.0,"event_name":"Ghosts","player_choice":"Ignored","floor":22.0,"gold_loss":0.0,"damage_taken":0.0},{"damage_healed":0.0,"max_hp_gain":0.0,"max_hp_loss":0.0,"gold_gain":0.0,"event_name":"Match and Keep!","player_choice":"0 cards matched","floor":36.0,"gold_loss":0.0,"damage_taken":0.0,"cards_obtained":[]}],"is_beta":true,"boss_relics":[{"not_picked":["Busted Crown","Sozu"],"picked":"Runic Pyramid"},{"not_picked":["Black Star","Philosopher\u0027s Stone"],"picked":"Calling Bell"}],"items_purged_floors":[5,21,42],"is_endless":false,"potions_floor_spawned":[1,3,6,18,19,20,31,33,39,44,46],"killed_by":"Awakened One","ascension_level":20}}