{"host":"l8k579n63ej0vska","time":1608297748,"event":{"mods":["BaseMod","Colored Map","Infinite Spire","Minty Spire (QoL Compilation)","Replay The Spire","StSLib","The Bug Knight"],"gold_per_floor":[117,117,134,147,159,159,84,84,84,84,84,97,97,110,110,188,188,200,200,200,200,210,210,223,223,249,249,269,301,301,301],"floor_reached":30,"playtime":1346,"items_purged":[],"score":464,"play_id":"3c7bb7ed-8b9d-4a0f-9714-9cb45538969e","local_time":"20201218142228","is_ascension_mode":true,"campfire_choices":[{"data":"Skewer","floor":6,"key":"SMITH"},{"data":"Skewer","floor":10,"key":"SMITH"},{"data":"Backstab","floor":13,"key":"SMITH"},{"floor":15,"key":"DIG"},{"floor":23,"key":"REST"},{"floor":25,"key":"REST"}],"circlet_count":0,"master_deck":["AscendersBane","Strike_G","Defend_G","Defend_G","Defend_G","Defend_G","Defend_G","Survivor","Neutralize","Catalyst","Skewer+1","Skewer+1","Backstab+1","Corpse Explosion","infinitespire:TheBestDefense","RitualDagger","Toxin Wave","Deflect"],"relics":["Ring of the Snake","Tough Bandages","Replay:Arrowhead","infinitespire:Beetle Shell","MealTicket"],"acts_visited":["Exordium","TheCity"],"potions_floor_usage":[24],"damage_taken":[{"damage":1,"enemies":"2 Louse","floor":1,"turns":4},{"damage":6,"enemies":"Cultist","floor":3,"turns":5},{"damage":12,"enemies":"Jaw Worm","floor":4,"turns":11},{"damage":10,"enemies":"Looter","floor":5,"turns":4},{"damage":1,"enemies":"Exordium Thugs","floor":12,"turns":7},{"damage":2,"enemies":"Large Slime","floor":14,"turns":4},{"damage":22,"enemies":"Fading Forest","floor":16,"turns":11},{"damage":11,"enemies":"Spheric Guardian","floor":18,"turns":4},{"damage":19,"enemies":"2 Thieves","floor":22,"turns":2},{"damage":20,"enemies":"Centurion and Healer","floor":24,"turns":5},{"damage":13,"enemies":"3 Cultists","floor":28,"turns":3},{"damage":24,"enemies":"Nightmare","floor":29,"turns":9},{"damage":33,"enemies":"Snecko","floor":30,"turns":6}],"seed_played":"6947063658463727346","potions_obtained":[{"floor":5,"key":"Venom Potion"},{"floor":12,"key":"FairyPotion"},{"floor":16,"key":"Fire Potion"},{"floor":29,"key":"SpeedPotion"}],"is_trial":false,"path_per_floor":["M","?","M","M","M","R","?","?","T","R","?","M","R","M","R_BF","B",null,"M","?","?","?","M","R","M","R","T","?","M","NM","M"],"character_chosen":"THE_SILENT","items_purchased":[],"campfire_rested":2,"item_purchase_floors":[],"current_hp_per_floor":[64,64,58,46,36,36,36,36,36,36,60,59,59,57,57,43,65,54,54,36,30,11,32,12,33,33,33,20,21,0,0],"gold":301,"neow_bonus":"TEN_PERCENT_HP_BONUS","is_daily":false,"chose_seed":false,"campfire_upgraded":3,"win_rate":0.0,"timestamp":1608297748,"path_taken":["M","?","M","?","M","R","?","?","T","R","?","M","R","M","R_BF","BOSS","M","?","?","?","M","R","M","R","T","?","M","NM","?"],"items_purchased_type":[],"build_version":"2020-12-13","purchased_purges":0,"victory":false,"max_hp_per_floor":[72,72,72,72,72,72,72,72,72,72,72,72,72,72,72,72,72,72,72,72,72,72,72,72,72,72,72,72,72,72,72],"card_choices":[{"not_picked":["Hidden Blade","Bane"],"picked":"Catalyst","floor":1},{"not_picked":["Sucker Punch","Endless Agony","Dagger Throw"],"picked":"SKIP","floor":3},{"not_picked":["Blur","Acrobatics"],"picked":"Skewer","floor":4},{"not_picked":["Slice","Draining Mist"],"picked":"Skewer","floor":5},{"not_picked":["Dagger Throw","Calculated Gamble"],"picked":"Backstab","floor":12},{"not_picked":["Distraction","Acrobatics","Hidden Blade"],"picked":"SKIP","floor":14},{"not_picked":["Bullet Time","Doppelganger"],"picked":"Corpse Explosion","floor":16},{"not_picked":["ReplayTheSpireMod:Exploit Weakness","Hidden Blade","PiercingWail"],"picked":"SKIP","floor":18},{"not_picked":["infinitespire:Oblivion","infinitespire:FutureSight"],"picked":"infinitespire:TheBestDefense","floor":20},{"not_picked":["Dodge and Roll","ReplayTheSpireMod:Shiv Toss","Tactician"],"picked":"SKIP","floor":22},{"not_picked":["Poisoned Stab+1","Quick Slash","PiercingWail"],"picked":"SKIP","floor":24},{"not_picked":["Cloak And Dagger","Outmaneuver","ReplayTheSpireMod:Tripwire"],"picked":"SKIP","floor":28},{"not_picked":["Underhanded Strike","Calculated Gamble"],"picked":"Deflect","floor":29}],"player_experience":1626285,"relics_obtained":[{"floor":9,"key":"Tough Bandages"},{"floor":15,"key":"Replay:Arrowhead"},{"floor":26,"key":"infinitespire:Beetle Shell"},{"floor":29,"key":"MealTicket"}],"event_choices":[{"cards_removed":["Strike_G"],"damage_healed":0,"gold_gain":0,"player_choice":"Purged","damage_taken":0,"max_hp_gain":0,"max_hp_loss":0,"event_name":"Purifier","floor":2,"gold_loss":0},{"cards_removed":["Strike_G"],"damage_healed":0,"gold_gain":0,"player_choice":"Card Removal","damage_taken":0,"max_hp_gain":0,"max_hp_loss":0,"event_name":"The Cleric","floor":7,"gold_loss":75},{"damage_healed":24,"gold_gain":0,"player_choice":"Banana","damage_taken":0,"max_hp_gain":0,"max_hp_loss":0,"event_name":"Big Fish","floor":11,"gold_loss":0},{"cards_removed":["Strike_G"],"damage_healed":0,"gold_gain":0,"player_choice":"Elegance","damage_taken":0,"max_hp_gain":0,"max_hp_loss":0,"event_name":"Back to Basics","floor":19,"gold_loss":0},{"damage_healed":0,"gold_gain":0,"player_choice":"Joined the Cult","damage_taken":6,"max_hp_gain":0,"max_hp_loss":0,"event_name":"Nest","floor":21,"gold_loss":0,"cards_obtained":["RitualDagger"]},{"damage_healed":0,"gold_gain":0,"cards_transformed":["Strike_G"],"player_choice":"Transformed","damage_taken":0,"max_hp_gain":0,"max_hp_loss":0,"event_name":"Transmorgrifier","floor":27,"gold_loss":0,"cards_obtained":["Toxin Wave"]}],"is_beta":false,"boss_relics":[{"not_picked":["Replay:Bronze Core","Ectoplasm","ReplayTheSpireMod:DimensionalGlitch"]}],"items_purged_floors":[],"is_endless":false,"potions_floor_spawned":[5,12,16,18,29],"killed_by":"Snecko","ascension_level":15}}