{"host":"kiofj7470znkzgvo","time":1608283504,"event":{"mods":["2.2 Compatiblity","AchievementEnabler","BaseMod","Minty Spire (QoL Compilation)"],"gold_per_floor":[112,112,125,40,51,51,80,80,80,107,122,136,27,57,57,161,211,231,250,265,265,15,15,35,35,89,89,105,117,136,151,151,151,151],"floor_reached":33,"playtime":1586,"items_purged":["Strike_R"],"score":339,"play_id":"e81845cc-4086-4978-9bc8-db986917f455","local_time":"20201218102504","is_ascension_mode":true,"campfire_choices":[{"data":"Anger","floor":6,"key":"SMITH"},{"floor":8,"key":"REST"},{"floor":15,"key":"REST"},{"floor":23,"key":"REST"},{"floor":25,"key":"REST"},{"data":"Limit Break","floor":27,"key":"SMITH"},{"floor":32,"key":"REST"}],"circlet_count":0,"master_deck":["Strike_R","Strike_R","Strike_R+1","Defend_R","Defend_R","Defend_R","Defend_R","Bash","Spot Weakness","Ghostly Armor","Spot Weakness","Anger+1","Warcry","Anger","Limit Break+1","Fire Breathing","Clash","Sentinel","Double Tap","Clash","Pommel Strike+1","Anger","Power Through","Reaper","Armaments+1","Spot Weakness"],"relics":["Burning Blood","Oddly Smooth Stone","Letter Opener","Pen Nib","Dead Branch","Happy Flower","Tiny House","Bottled Lightning"],"acts_visited":["Exordium","TheCity"],"potions_floor_usage":[14,20,28,29,33],"damage_taken":[{"damage":0,"enemies":"Small Slimes","floor":1,"turns":3},{"damage":16,"enemies":"Cultist","floor":3,"turns":4},{"damage":0,"enemies":"2 Louse","floor":5,"turns":3},{"damage":40,"enemies":"Gremlin Nob","floor":7,"turns":5},{"damage":29,"enemies":"Lagavulin","floor":10,"turns":5},{"damage":11,"enemies":"Red Slaver","floor":11,"turns":4},{"damage":20,"enemies":"Blue Slaver","floor":12,"turns":3},{"damage":6,"enemies":"Gremlin Nob","floor":14,"turns":3},{"damage":32,"enemies":"Hexaghost","floor":16,"turns":8},{"damage":21,"enemies":"Shell Parasite","floor":18,"turns":4},{"damage":36,"enemies":"Chosen","floor":19,"turns":5},{"damage":9,"enemies":"Centurion and Healer","floor":20,"turns":3},{"damage":34,"enemies":"Shelled Parasite and Fungi","floor":24,"turns":7},{"damage":9,"enemies":"Snake Plant","floor":28,"turns":3},{"damage":37,"enemies":"Snecko","floor":29,"turns":4},{"damage":0,"enemies":"Centurion and Healer","floor":30,"turns":4},{"damage":13,"enemies":"Cultist and Chosen","floor":31,"turns":6},{"damage":79,"enemies":"Champ","floor":33,"turns":11}],"seed_played":"7626732190711480597","potions_obtained":[{"floor":3,"key":"Dexterity Potion"},{"floor":5,"key":"DistilledChaos"},{"floor":10,"key":"CultistPotion"},{"floor":12,"key":"Strength Potion"},{"floor":16,"key":"DistilledChaos"},{"floor":20,"key":"Regen Potion"},{"floor":28,"key":"Swift Potion"},{"floor":30,"key":"SmokeBomb"}],"is_trial":false,"path_per_floor":["M","?","M","$","M","R","E","R","T","E","M","M","$","E","R","B",null,"M","M","M","?","$","R","M","R","T","R","M","M","M","M","R","B"],"character_chosen":"IRONCLAD","items_purchased":["Spot Weakness","Anger","Sentinel","Bottled Lightning"],"campfire_rested":5,"item_purchase_floors":[4,4,13,22],"current_hp_per_floor":[80,80,70,70,76,76,42,66,66,43,38,24,24,24,48,22,71,56,26,23,17,17,42,14,39,39,39,45,24,30,37,62,0,0],"gold":151,"neow_bonus":"RANDOM_COMMON_RELIC","is_daily":false,"chose_seed":false,"campfire_upgraded":2,"win_rate":0.0,"timestamp":1608283504,"path_taken":["M","?","M","$","M","R","E","R","T","E","M","M","?","E","R","BOSS","M","M","M","?","$","R","M","R","T","R","M","?","M","M","R","BOSS"],"items_purchased_type":["Card","Card","Card","Relic"],"build_version":"2020-12-13","purchased_purges":1,"victory":false,"max_hp_per_floor":[80,80,80,80,80,80,80,80,80,80,80,80,80,80,80,80,85,85,85,85,85,85,85,85,85,85,85,85,85,85,85,85,85,85],"card_choices":[{"not_picked":["Wild Strike","Dropkick"],"picked":"Spot Weakness","floor":1},{"not_picked":["Anger","Heavy Blade"],"picked":"Ghostly Armor","floor":3},{"not_picked":["Thunderclap","Iron Wave"],"picked":"Warcry","floor":5},{"not_picked":["Headbutt","Iron Wave"],"picked":"Anger","floor":7},{"not_picked":["Heavy Blade","Shrug It Off"],"picked":"Limit Break","floor":10},{"not_picked":["Twin Strike","Shrug It Off"],"picked":"Fire Breathing","floor":11},{"not_picked":["Combust","Twin Strike"],"picked":"Clash","floor":12},{"not_picked":["Sword Boomerang","Perfected Strike","Thunderclap"],"picked":"SKIP","floor":14},{"not_picked":["Juggernaut","Feed"],"picked":"Double Tap","floor":16},{"not_picked":["Perfected Strike","Sword Boomerang"],"picked":"Clash","floor":17},{"not_picked":["Sword Boomerang","Rampage"],"picked":"Pommel Strike+1","floor":18},{"not_picked":["Searing Blow+1","Armaments"],"picked":"Anger","floor":19},{"not_picked":["Heavy Blade","Wild Strike"],"picked":"Power Through","floor":20},{"not_picked":["Shrug It Off","Infernal Blade+1"],"picked":"Reaper","floor":24},{"not_picked":["Sever Soul","Iron Wave","True Grit"],"picked":"SKIP","floor":28},{"not_picked":["Iron Wave+1","Clothesline+1"],"picked":"Armaments+1","floor":29},{"not_picked":["Warcry+1","Shrug It Off","Rupture"],"picked":"SKIP","floor":30},{"not_picked":["Demon Form","Shrug It Off"],"picked":"Spot Weakness","floor":31}],"player_experience":107579,"relics_obtained":[{"floor":7,"key":"Letter Opener"},{"floor":9,"key":"Pen Nib"},{"floor":10,"key":"Dead Branch"},{"floor":14,"key":"Happy Flower"}],"event_choices":[{"cards_removed":["Strike_R"],"damage_healed":0,"gold_gain":0,"player_choice":"Offered Basic","damage_taken":0,"max_hp_gain":0,"max_hp_loss":0,"event_name":"Bonfire Elementals","floor":2,"gold_loss":0},{"damage_healed":0,"gold_gain":0,"player_choice":"","damage_taken":6,"max_hp_gain":0,"max_hp_loss":0,"event_name":"Knowing Skull","floor":21,"potions_obtained":[],"gold_loss":0,"cards_obtained":[]}],"is_beta":false,"boss_relics":[{"not_picked":["Runic Cube","Ectoplasm"],"picked":"Tiny House"}],"items_purged_floors":[13],"is_endless":false,"potions_floor_spawned":[3,5,10,12,16,18,20,28,30],"killed_by":"Champ","ascension_level":5}}