{"host":"26mrfot5w7uj2ebc","time":1608308501,"event":{"mods":["AchievementEnabler","BaseMod","Colored Map","Minty Spire (QoL Compilation)"],"gold_per_floor":[110,19,36,36,36,36,70,86,111,173,196,196,211,226,226,328,328,338,263,178,55,55,83,97,131,157,157,157,16,34,50,50,145,145,161,173,190,200,200,200],"floor_reached":39,"playtime":1561,"items_purged":["Defend_G"],"score":471,"play_id":"3e02dc3e-10a6-46bc-b61c-2d4acaa5717e","local_time":"20201219012141","is_ascension_mode":false,"campfire_choices":[{"data":"Poisoned Stab","floor":6,"key":"SMITH"},{"floor":12,"key":"REST"},{"data":"Bouncing Flask","floor":15,"key":"SMITH"},{"floor":28,"key":"REST"},{"floor":32,"key":"REST"}],"circlet_count":0,"master_deck":["Strike_G","Strike_G","Strike_G","Strike_G","Strike_G","Defend_G","Defend_G","Defend_G","Survivor","Neutralize","Master of Strategy","Accuracy+1","Dagger Spray","Well Laid Plans","Poisoned Stab+1","Escape Plan","Dagger Spray","Bouncing Flask+1","Caltrops","Grand Finale","Cloak And Dagger+1","Infinite Blades","Deadly Poison","Blade Dance","Quick Slash","Deadly Poison","Envenom","Enlightenment","Cloak And Dagger","Terror","Noxious Fumes+1","Storm of Steel","Footwork+1","Bane+1","Cloak And Dagger+1"],"relics":["Ring of the Serpent","PreservedInsect","Regal Pillow","Orichalcum","Happy Flower","Akabeko","Anchor","Bronze Scales","Busted Crown"],"acts_visited":["Exordium","TheCity","TheBeyond"],"potions_floor_usage":[7,10,25,33,33,33,38,38,39],"damage_taken":[{"damage":0,"enemies":"Cultist","floor":1,"turns":4},{"damage":2,"enemies":"Small Slimes","floor":3,"turns":4},{"damage":26,"enemies":"Lagavulin","floor":7,"turns":4},{"damage":0,"enemies":"Jaw Worm","floor":8,"turns":3},{"damage":14,"enemies":"Gremlin Nob","floor":10,"turns":4},{"damage":0,"enemies":"3 Louse","floor":13,"turns":2},{"damage":3,"enemies":"Large Slime","floor":14,"turns":4},{"damage":31,"enemies":"The Guardian","floor":16,"turns":8},{"damage":13,"enemies":"Spheric Guardian","floor":18,"turns":4},{"damage":25,"enemies":"Book of Stabbing","floor":23,"turns":4},{"damage":0,"enemies":"3 Byrds","floor":24,"turns":2},{"damage":0,"enemies":"Slavers","floor":25,"turns":1},{"damage":16,"enemies":"Centurion and Healer","floor":30,"turns":3},{"damage":24,"enemies":"Chosen and Byrds","floor":31,"turns":5},{"damage":66,"enemies":"Collector","floor":33,"turns":7},{"damage":7,"enemies":"Orb Walker","floor":35,"turns":3},{"damage":18,"enemies":"3 Darklings","floor":36,"turns":4},{"damage":20,"enemies":"Sphere and 2 Shapes","floor":37,"turns":4},{"damage":22,"enemies":"4 Shapes","floor":38,"turns":3},{"damage":3,"enemies":"Spire Growth","floor":39,"turns":2}],"seed_played":"-1508747889126625994","potions_obtained":[{"floor":3,"key":"FearPotion"},{"floor":7,"key":"Energy Potion"},{"floor":8,"key":"Explosive Potion"},{"floor":10,"key":"Fruit Juice"},{"floor":18,"key":"SpeedPotion"},{"floor":25,"key":"AttackPotion"},{"floor":31,"key":"Regen Potion"},{"floor":33,"key":"Dexterity Potion"},{"floor":35,"key":"DistilledChaos"},{"floor":36,"key":"Fire Potion"}],"is_trial":false,"path_per_floor":["M","$","M","?","?","R","E","M","T","?","T","R","M","M","R","B",null,"M","$","?","$","?","E","M","E","T","?","R","$","M","M","R","B",null,"M","M","M","M","M"],"character_chosen":"THE_SILENT","items_purchased":["Dagger Spray","Well Laid Plans","Infinite Blades","Deadly Poison","Enlightenment","Cloak And Dagger"],"campfire_rested":3,"item_purchase_floors":[2,2,21,21,29,29],"current_hp_per_floor":[63,63,61,54,54,54,28,28,28,19,19,54,54,51,51,20,68,55,55,55,55,55,30,30,30,30,30,65,65,49,25,60,9,68,61,43,23,1,0,0],"gold":200,"neow_bonus":"RANDOM_COLORLESS_2","is_daily":false,"chose_seed":false,"campfire_upgraded":2,"win_rate":0.0,"timestamp":1608308501,"path_taken":["M","?","M","?","?","R","E","M","T","?","?","R","M","M","R","BOSS","M","$","?","$","?","E","M","E","T","?","R","?","M","M","R","BOSS","M","M","M","?","M"],"items_purchased_type":["Card","Card","Card","Card","Card","Card"],"build_version":"2020-12-13","purchased_purges":1,"victory":false,"max_hp_per_floor":[63,63,63,63,63,63,63,63,63,68,68,68,68,68,68,68,68,68,68,68,68,68,68,68,68,68,68,68,68,68,68,68,68,68,68,68,68,68,68,68],"card_choices":[{"not_picked":["Mayhem","Panache"],"picked":"Master of Strategy","floor":0},{"not_picked":["Masterful Stab","Skewer"],"picked":"Accuracy","floor":1},{"not_picked":["Sucker Punch","Backstab"],"picked":"Poisoned Stab","floor":3},{"not_picked":["Skewer","Underhanded Strike","Choke"],"picked":"SKIP","floor":7},{"not_picked":["Bane","Underhanded Strike"],"picked":"Escape Plan","floor":8},{"not_picked":["Eviscerate","Masterful Stab"],"picked":"Dagger Spray","floor":10},{"not_picked":["Calculated Gamble","Accuracy"],"picked":"Bouncing Flask","floor":13},{"not_picked":["Outmaneuver","Poisoned Stab"],"picked":"Caltrops","floor":14},{"not_picked":["Die Die Die","Unload"],"picked":"Grand Finale","floor":16},{"not_picked":["Sucker Punch+1","Dodge and Roll"],"picked":"Cloak And Dagger+1","floor":18},{"not_picked":["Prepared","Dodge and Roll"],"picked":"Quick Slash","floor":23},{"not_picked":["Choke","Caltrops"],"picked":"Deadly Poison","floor":24},{"not_picked":["Caltrops+1","Footwork+1"],"picked":"Envenom","floor":25},{"not_picked":["Skewer+1","Poisoned Stab+1"],"picked":"Terror","floor":30},{"not_picked":["Finisher","Accuracy"],"picked":"Noxious Fumes+1","floor":31},{"not_picked":["Burst","Tools of the Trade"],"picked":"Storm of Steel","floor":33},{"not_picked":["Dagger Throw"],"picked":"SKIP","floor":35},{"not_picked":[],"picked":"Footwork+1","floor":36},{"not_picked":[],"picked":"Bane+1","floor":37},{"not_picked":[],"picked":"Cloak And Dagger+1","floor":38}],"player_experience":168273,"relics_obtained":[{"floor":7,"key":"PreservedInsect"},{"floor":9,"key":"Regal Pillow"},{"floor":10,"key":"Orichalcum"},{"floor":11,"key":"Happy Flower"},{"floor":23,"key":"Anchor"},{"floor":25,"key":"Bronze Scales"}],"event_choices":[{"cards_removed":["Defend_G"],"damage_healed":0,"gold_gain":0,"player_choice":"Card Removal","damage_taken":7,"max_hp_gain":0,"max_hp_loss":0,"event_name":"Golden Wing","floor":4,"gold_loss":0},{"damage_healed":0,"gold_gain":0,"player_choice":"Grow","damage_taken":0,"max_hp_gain":0,"max_hp_loss":0,"event_name":"Living Wall","floor":5,"gold_loss":0,"cards_upgraded":["Accuracy"]},{"damage_healed":0,"gold_gain":0,"player_choice":"Searched \u00271\u0027 times","damage_taken":0,"max_hp_gain":0,"max_hp_loss":0,"event_name":"Dead Adventurer","floor":10,"gold_loss":0},{"damage_healed":0,"gold_gain":0,"player_choice":"Obtained Relic","damage_taken":0,"relics_obtained":["Akabeko"],"max_hp_gain":0,"max_hp_loss":0,"event_name":"Addict","floor":20,"gold_loss":85},{"damage_healed":0,"gold_gain":0,"player_choice":"Read","damage_taken":0,"max_hp_gain":0,"max_hp_loss":0,"event_name":"The Library","floor":22,"gold_loss":0,"cards_obtained":["Blade Dance"]},{"damage_healed":0,"gold_gain":0,"player_choice":"Ignored","damage_taken":0,"max_hp_gain":0,"max_hp_loss":0,"event_name":"Ghosts","floor":27,"gold_loss":0}],"is_beta":false,"boss_relics":[{"not_picked":["Fusion Hammer","Astrolabe"],"picked":"Ring of the Serpent"},{"not_picked":["SlaversCollar","Black Star"],"picked":"Busted Crown"}],"items_purged_floors":[19],"is_endless":false,"potions_floor_spawned":[3,7,8,10,18,25,31,33,35,36],"killed_by":"Spire Growth","ascension_level":0}}