{"host":"jn2qdns2nxijvlnt","time":1608309338,"event":{"mods":["BaseMod","Minty Spire (QoL Compilation)","Quick Restart"],"gold_per_floor":[112,34,52,52,52,82,98,127,151,181,181,198,33,50,50,125,125,105,117,117,32,32,32,32],"floor_reached":23,"playtime":1222,"items_purged":[],"score":418,"play_id":"1b5203e3-ce4d-4e72-9fca-aa0d7c172f00","local_time":"20201218113538","is_ascension_mode":true,"campfire_choices":[{"floor":15.0,"key":"REST"}],"circlet_count":0,"master_deck":["AscendersBane","Strike_R","Strike_R","Strike_R","Strike_R","Strike_R","Defend_R","Defend_R","Defend_R","Defend_R","Bash","Infernal Blade","Twin Strike","Shrug It Off","Twin Strike","Shockwave+1","Reaper","Uppercut","Armaments","Heavy Blade","Barricade+1"],"relics":["Burning Blood","Happy Flower","Bag of Preparation","Red Skull","Regal Pillow","Toy Ornithopter","TheAbacus","Mark of Pain","Dream Catcher"],"acts_visited":["Exordium","TheCity"],"potions_floor_usage":[],"damage_taken":[{"damage":1.0,"enemies":"Cultist","floor":1.0,"turns":3.0},{"damage":7.0,"enemies":"Jaw Worm","floor":3.0,"turns":2.0},{"damage":8.0,"enemies":"Gremlin Nob","floor":6.0,"turns":3.0},{"damage":9.0,"enemies":"Small Slimes","floor":7.0,"turns":3.0},{"damage":25.0,"enemies":"Lagavulin","floor":8.0,"turns":5.0},{"damage":31.0,"enemies":"3 Sentries","floor":10.0,"turns":6.0},{"damage":13.0,"enemies":"Blue Slaver","floor":12.0,"turns":3.0},{"damage":9.0,"enemies":"2 Fungi Beasts","floor":14.0,"turns":2.0},{"damage":38.0,"enemies":"Hexaghost","floor":16.0,"turns":8.0},{"damage":33.0,"enemies":"2 Thieves","floor":18.0,"turns":4.0},{"damage":25.0,"enemies":"Spheric Guardian","floor":19.0,"turns":6.0},{"damage":28,"enemies":"Book of Stabbing","floor":23,"turns":4}],"seed_played":"-1991539438405727320","potions_obtained":[{"floor":1.0,"key":"ColorlessPotion"},{"floor":6.0,"key":"Regen Potion"},{"floor":8.0,"key":"Energy Potion"},{"floor":12.0,"key":"CultistPotion"}],"is_trial":false,"path_per_floor":["M","$","M","$","?","E","M","E","T","E","?","M","$","M","R","B",null,"M","M","?","?","?","E"],"character_chosen":"IRONCLAD","items_purchased":["Twin Strike","Shrug It Off","TheAbacus"],"campfire_rested":1,"item_purchase_floors":[2,2,13],"current_hp_per_floor":[73,73,72,72,72,70,67,60,60,47,47,40,40,37,74,53,70,43,24,24,24,24,6,6],"gold":32,"neow_bonus":"RANDOM_COMMON_RELIC","is_daily":false,"chose_seed":false,"campfire_upgraded":0,"win_rate":0.0,"timestamp":1608309338,"path_taken":["M","$","?","?","?","E","M","E","T","E","?","M","$","M","R","BOSS","M","M","?","?","?","E"],"items_purchased_type":["Card","Card","Relic"],"build_version":"2020-12-13","purchased_purges":0,"victory":false,"max_hp_per_floor":[75,75,75,75,75,75,75,75,75,75,75,75,75,75,75,75,75,75,75,75,75,75,75,75],"card_choices":[{"not_picked":["Searing Blow","True Grit"],"picked":"Infernal Blade","floor":1.0},{"not_picked":["Anger","Warcry"],"picked":"Twin Strike","floor":3.0},{"not_picked":["Power Through","Evolve"],"picked":"Shockwave","floor":6.0},{"not_picked":["Flex","Clothesline"],"picked":"Reaper","floor":7.0},{"not_picked":["Whirlwind","Clothesline"],"picked":"Uppercut","floor":8.0},{"not_picked":["Shrug It Off","Warcry","Reckless Charge"],"picked":"SKIP","floor":10.0},{"not_picked":["Infernal Blade","Sword Boomerang"],"picked":"Armaments","floor":12.0},{"not_picked":["Warcry","Sentinel"],"picked":"Heavy Blade","floor":14.0},{"not_picked":["Limit Break","Corruption"],"picked":"Barricade","floor":16.0},{"not_picked":["Pummel","Whirlwind","Flex"],"picked":"SKIP","floor":18.0},{"not_picked":["Thunderclap","Anger","Body Slam"],"picked":"SKIP","floor":19.0}],"player_experience":427819,"relics_obtained":[{"floor":6.0,"key":"Bag of Preparation"},{"floor":8.0,"key":"Red Skull"},{"floor":9.0,"key":"Regal Pillow"},{"floor":10.0,"key":"Toy Ornithopter"}],"event_choices":[{"damage_healed":0.0,"max_hp_gain":0.0,"max_hp_loss":0.0,"gold_gain":0.0,"event_name":"Golden Wing","player_choice":"Ignored","floor":5.0,"gold_loss":0.0,"damage_taken":0.0},{"damage_healed":0.0,"max_hp_gain":0.0,"max_hp_loss":0.0,"gold_gain":0.0,"event_name":"Living Wall","player_choice":"Grow","floor":11.0,"gold_loss":0.0,"damage_taken":0.0,"cards_upgraded":["Shockwave"]},{"damage_healed":0.0,"max_hp_gain":0.0,"max_hp_loss":0.0,"gold_gain":0.0,"event_name":"Ghosts","player_choice":"Ignored","floor":20.0,"gold_loss":0.0,"damage_taken":0.0},{"damage_healed":0.0,"max_hp_gain":0.0,"max_hp_loss":0.0,"gold_gain":0.0,"event_name":"Addict","player_choice":"Obtained Relic","floor":21.0,"gold_loss":85.0,"damage_taken":0.0,"relics_obtained":["Dream Catcher"]},{"damage_healed":0.0,"max_hp_gain":0.0,"max_hp_loss":0.0,"gold_gain":0.0,"event_name":"Upgrade Shrine","player_choice":"Upgraded","floor":22.0,"gold_loss":0.0,"damage_taken":0.0,"cards_upgraded":["Barricade"]}],"is_beta":false,"boss_relics":[{"not_picked":["Runic Dome","Cursed Key"],"picked":"Mark of Pain"}],"items_purged_floors":[],"is_endless":false,"potions_floor_spawned":[1,6,8,12],"killed_by":"Book of Stabbing","ascension_level":20}}