{"host":"12piqfhmdln9x2la","time":1608313761,"event":{"mods":["2.2 Compatiblity","AchievementEnabler","BaseMod","BetterRewards","Colored Powertips","Minty Spire (QoL Compilation)","Quick Restart","SuperFastMode"],"gold_per_floor":[114,114,124,124,137,137,167,167,167,177,195,195,195],"floor_reached":12,"playtime":212,"items_purged":[],"score":80,"play_id":"3a3cdcbf-83ce-459e-af64-62f4402dbc32","local_time":"20201219024921","is_ascension_mode":false,"campfire_choices":[{"data":"Noxious Fumes","floor":6,"key":"SMITH"},{"data":"Prepared","floor":8,"key":"SMITH"}],"circlet_count":0,"master_deck":["Strike_G","Strike_G","Strike_G","Strike_G","Strike_G","Defend_G","Defend_G","Defend_G","Defend_G","Defend_G","Survivor","Neutralize","Poisoned Stab+1","Prepared+1","Noxious Fumes+1","Outmaneuver","Noxious Fumes+1","Deadly Poison"],"relics":["Ring of the Snake","NeowsBlessing","The Specimen","Strawberry","Frozen Egg 2"],"acts_visited":["Exordium"],"potions_floor_usage":[12,12],"damage_taken":[{"damage":0,"enemies":"Cultist","floor":1,"turns":1},{"damage":5,"enemies":"2 Louse","floor":3,"turns":2},{"damage":0,"enemies":"Small Slimes","floor":5,"turns":1},{"damage":21,"enemies":"Lagavulin","floor":7,"turns":7},{"damage":5,"enemies":"Blue Slaver","floor":10,"turns":4},{"damage":8,"enemies":"Exordium Thugs","floor":11,"turns":5},{"damage":29,"enemies":"Gremlin Nob","floor":12,"turns":4}],"seed_played":"4542035985757348840","potions_obtained":[{"floor":3,"key":"Energy Potion"},{"floor":10,"key":"SpeedPotion"}],"is_trial":false,"path_per_floor":["M","?","M","?","M","R","E","R","T","M","M","E"],"character_chosen":"THE_SILENT","items_purchased":[],"campfire_rested":0,"item_purchase_floors":[],"current_hp_per_floor":[70,58,53,53,53,53,39,39,39,34,26,0,0],"gold":195,"neow_bonus":"THREE_ENEMY_KILL","is_daily":false,"chose_seed":false,"campfire_upgraded":2,"win_rate":0.0,"timestamp":1608313761,"path_taken":["M","?","M","?","?","R","E","R","T","M","M","E"],"items_purchased_type":[],"build_version":"2020-12-13","purchased_purges":0,"victory":false,"max_hp_per_floor":[70,70,70,70,70,70,77,77,77,77,77,77,77],"card_choices":[{"not_picked":["Quick Slash","Bane"],"picked":"Poisoned Stab","floor":1},{"not_picked":["Escape Plan","Predator"],"picked":"Prepared","floor":3},{"not_picked":["Riddle With Holes","Blade Dance"],"picked":"Noxious Fumes","floor":5},{"not_picked":["Setup","Glass Knife"],"picked":"Outmaneuver","floor":7},{"not_picked":["Dagger Throw","Sucker Punch"],"picked":"Noxious Fumes+1","floor":10},{"not_picked":["Underhanded Strike","Dodge and Roll"],"picked":"Deadly Poison","floor":11}],"player_experience":95257,"relics_obtained":[{"floor":7,"key":"Strawberry"},{"floor":9,"key":"Frozen Egg 2"}],"event_choices":[{"damage_healed":0,"gold_gain":0,"player_choice":"Success","damage_taken":12,"relics_obtained":["The Specimen"],"max_hp_gain":0,"max_hp_loss":0,"event_name":"Scrap Ooze","floor":2,"gold_loss":0},{"damage_healed":0,"gold_gain":0,"player_choice":"Upgraded","damage_taken":0,"max_hp_gain":0,"max_hp_loss":0,"event_name":"Upgrade Shrine","floor":4,"gold_loss":0,"cards_upgraded":["Poisoned Stab"]}],"is_beta":false,"boss_relics":[],"items_purged_floors":[],"is_endless":false,"potions_floor_spawned":[3,10],"killed_by":"Gremlin Nob","ascension_level":0}}