{"host":"du0tmy696sp570hs","time":1608279256,"event":{"mods":["BaseMod","Dota2Spire","Downfall","Minty Spire (QoL Compilation)","Reimu£®≤©¿ˆ¡È√Œ£©","Remilia£®¿Ÿ√◊¿Ú—«£©","Replay The Spire","StSLib","WarShipGirlsR/’ΩΩ¢…Ÿ≈ÆR mod","Youmu£®ªÍ∆«—˝√Œ£©","°æ“≈ŒÔø®≈∆°øREMEMod"],"gold_per_floor":[99,99,24,39,39,45,71,84,104,104,115,133,131,125,145,230,230,155,65,65,65,80,20,46,80,80,80,80,57,57,74,89,188,188,188,106,135,42,42,62,62,68,68,68,83,83,103,178,188,188],"floor_reached":51,"playtime":2647,"items_purged":["Looming Evil","Slimebound:Chomp"],"score":835,"play_id":"802cb967-3e1d-4c29-9ad5-baea49e40cac","local_time":"20201218161416","is_ascension_mode":false,"campfire_choices":[{"floor":1.0,"key":"RECALL"},{"data":"Slimebound:CorrosiveSpit","floor":3.0,"key":"SMITH"},{"floor":5.0,"key":"REST"},{"data":"InherentArray:ReiMu","floor":18.0,"key":"SMITH"},{"data":"Slimebound:SlimeBarrage","floor":21.0,"key":"SMITH"},{"data":"Slimebound:Replication","floor":27.0,"key":"SMITH"},{"floor":35,"key":"DIG"},{"floor":43,"key":"REST"}],"circlet_count":0,"master_deck":["Slimebound:Tackle","Slimebound:Defend_Slimebound","Slimebound:Split","Slimebound:CorrosiveSpit+1","InherentArray:ReiMu+1","Slimebound:SlimeBarrage+1","Slimebound:RallyTheTroops","Slimebound:Dissolve","Slimebound:GrowthPunch","Slimebound:FirmFortitude","Slimebound:SplitBruiser","Slimebound:Schlurp","Slimebound:ForwardTackle","Slimebound:Replication+1","Slimebound:SplitBruiser","CurseOfTheBell","Slimebound:SplitBruiser","Slimebound:SplitBruiser","Slimebound:LevelUp","Replay:SS_hec_1","Slimebound:PressTheAttack+1","Parasite","Slimebound:RainOfGoop"],"relics":["Slimebound:AbsorbEndCombat","REME_ComplimentaryCards","Replay:PocketPolymizer","downfall:HeartBlessingRed","Dota2Spire:OrchidMalevolence","Mirror","Calling Bell","PreservedInsect","Gremlin Horn","CaptainsWheel","downfall:HeartBlessingBlue","MealTicket","Boot","Dota2Spire:LinkenSphere","REME_LowDesire","Tiny Chest","Vajra","Molten Egg 2","ReplayTheSpireMod:TigerMarble","AntiCross","Slimebound:MaxSlimesRelic","Dota2Spire:AghanimScepter","ReplayTheSpireMod:Ring of Exchange","ReplayTheSpireMod:Ring of Challenge","Shuriken","REME_LimitBreaker"],"acts_visited":["Exordium","TheCity","TheBeyond"],"potions_floor_usage":[32,32,33,50,50],"damage_taken":[{"damage":14.0,"enemies":"Small Slimes","floor":2.0,"turns":3.0},{"damage":41.0,"enemies":"3 Sentries","floor":4.0,"turns":9.0},{"damage":19.0,"enemies":"Replay:BlueRogue","floor":6.0,"turns":3.0},{"damage":4.0,"enemies":"Cultist","floor":8.0,"turns":2.0},{"damage":4.0,"enemies":"2 Louse","floor":9.0,"turns":2.0},{"damage":10.0,"enemies":"3 Louse","floor":11.0,"turns":2.0},{"damage":12.0,"enemies":"Blue Slaver","floor":12.0,"turns":2.0},{"damage":4.0,"enemies":"Large Slime","floor":13.0,"turns":4.0},{"damage":10.0,"enemies":"2 Fungi Beasts","floor":14.0,"turns":2.0},{"damage":16.0,"enemies":"3 Louse","floor":15.0,"turns":3.0},{"damage":43.0,"enemies":"downfall:Ironclad","floor":16.0,"turns":4.0},{"damage":13.0,"enemies":"downfall:FleeingMerchant","floor":19.0,"turns":4.0},{"damage":27.0,"enemies":"Shell Parasite","floor":22.0,"turns":3.0},{"damage":13.0,"enemies":"downfall:FleeingMerchant","floor":23.0,"turns":4.0},{"damage":30.0,"enemies":"Book of Stabbing","floor":25.0,"turns":4.0},{"damage":0.0,"enemies":"downfall:FleeingMerchant","floor":29.0,"turns":1.0},{"damage":22,"enemies":"Spheric Guardian","floor":31,"turns":3},{"damage":35,"enemies":"Centurion and Healer","floor":32,"turns":4},{"damage":55,"enemies":"downfall:Watcher","floor":33,"turns":8},{"damage":26,"enemies":"R_Hoarder","floor":37,"turns":5},{"damage":36,"enemies":"3 Shapes","floor":40,"turns":4},{"damage":39,"enemies":"Giant Head","floor":42,"turns":6},{"damage":34,"enemies":"Orb Walker","floor":45,"turns":3},{"damage":19,"enemies":"Writhing Mass","floor":47,"turns":3},{"damage":39,"enemies":"Spire Growth","floor":49,"turns":3},{"damage":54,"enemies":"downfall:Silent","floor":50,"turns":5}],"seed_played":"-1657310016267667712","potions_obtained":[{"floor":2.0,"key":"Dexterity Potion"},{"floor":9.0,"key":"Fire Potion"},{"floor":10.0,"key":"Slimebound:ThreeZeroPotion"},{"floor":10.0,"key":"SkillPotion"},{"floor":12.0,"key":"Dota2Spire:Clarity"},{"floor":16.0,"key":"FearPotion"},{"floor":22.0,"key":"EntropicBrew"},{"floor":25.0,"key":"FearPotion"},{"floor":31,"key":"Guardian:BlockOnCardUsePotion"},{"floor":37,"key":"EssenceOfSteel"},{"floor":47,"key":"PowerPotion"}],"is_trial":false,"path_per_floor":["R","M","R","E","R","E","T","M","M","?","M","M","M","M","M","B",null,"R","$","?","R","M","$","T","E","?","R","?","$","?","M","M","B",null,"R","$","E","$","?","M","T","E","R","?","M","T","M","T","M","B",null],"character_chosen":"SLIMEBOUND","items_purchased":["Slimebound:SplitBruiser","Dota2Spire:LinkenSphere","Slimebound:LevelUp","Replay:SS_hec_1"],"campfire_rested":2,"item_purchase_floors":[23,29,36,38],"current_hp_per_floor":[60,58,58,21,39,32,32,36,40,40,38,34,46,48,44,25,60,70,67,67,67,59,70,70,52,52,52,52,67,67,57,55,32,70,70,70,62,70,70,58,58,47,68,68,55,55,64,64,49,35],"gold":188,"neow_bonus":"ONE_RARE_RELIC","is_daily":false,"chose_seed":false,"campfire_upgraded":4,"win_rate":0.0,"timestamp":1608279256,"path_taken":["R","M","R","E","R","E","T","M","M","?","?","?","M","M","M","BOSS","R","$","?","R","M","$","T","E","?","R","?","$","?","M","M","BOSS","R","$","E","$","?","M","T","E","R","?","M","?","M","?","M","BOSS"],"items_purchased_type":["Card","Relic","Card","Card"],"build_version":"2020-12-13","purchased_purges":2,"victory":true,"max_hp_per_floor":[60,60,60,60,60,60,60,60,60,60,60,60,60,60,60,60,60,70,70,70,70,70,70,70,70,70,70,70,70,70,70,70,70,70,70,70,70,70,70,70,70,70,70,70,70,70,70,70,70,70],"card_choices":[{"not_picked":["Slimebound:FormOfPuddle","Slimebound:LeechingTouch"],"picked":"Slimebound:SlimeBarrage","floor":2.0},{"not_picked":["Slimebound:SlimeSpikes","Slimebound:LeechEnergy","Slimebound:DivideAndConquer"],"picked":"SKIP","floor":4.0},{"not_picked":["Slimebound:LivingWall","Slimebound:Schlurp"],"picked":"Slimebound:GrowthPunch","floor":6.0},{"not_picked":["Slimebound:ServeAndProtect","Slimebound:FinishingTackle"],"picked":"Slimebound:FirmFortitude","floor":8.0},{"not_picked":["Slimebound:SamplingLick","Slimebound:LeechingTouch"],"picked":"Slimebound:SplitBruiser","floor":9.0},{"not_picked":["Slimebound:MassFeed","Slimebound:FinishingTackle"],"picked":"Slimebound:Schlurp","floor":11.0},{"not_picked":["Slimebound:ViciousTackle","Slimebound:DivideAndConquer"],"picked":"Slimebound:ForwardTackle","floor":12.0},{"not_picked":["Slimebound:Grow","Slimebound:GrowthPunch"],"picked":"Slimebound:Replication","floor":13.0},{"not_picked":["Slimebound:PressTheAttack","Slimebound:GrowthPunch","Slimebound:SlimeSpikes"],"picked":"SKIP","floor":14.0},{"not_picked":["Slimebound:SplitMire","Slimebound:PressTheAttack"],"picked":"Slimebound:SplitBruiser","floor":15.0},{"not_picked":["Slimebound:Schlurp","Slimebound:Nibble+1","Slimebound:GrowthPunch"],"picked":"SKIP","floor":19.0},{"not_picked":["Slimebound:HauntingLick","Slimebound:ViciousTackle","Slimebound:Schlurp"],"picked":"SKIP","floor":22.0},{"not_picked":["Slimebound:SplitMire","Slimebound:TongueLash","Slimebound:SplitAcid"],"picked":"SKIP","floor":23.0},{"not_picked":["Slimebound:SlimeSpikes","Slimebound:SamplingLick+1","Slimebound:PressTheAttack"],"picked":"SKIP","floor":25.0},{"not_picked":["Slimebound:ServeAndProtect","Slimebound:SamplingLick","Slimebound:Prepare"],"picked":"SKIP","floor":29.0},{"not_picked":["Slimebound:FinishingTackle","Slimebound:ViciousTackle","Slimebound:WasteNot"],"picked":"SKIP","floor":31},{"not_picked":["Slimebound:PressTheAttack","Slimebound:RollThrough","Slimebound:GrowthPunch+1"],"picked":"SKIP","floor":32},{"not_picked":["Slimebound:SplitMire+1","Slimebound:FinishingTackle+1","Slimebound:MegaLick+1","REME_TheoryOfElimination+1"],"picked":"SKIP","floor":37},{"not_picked":["Slimebound:MegaLick+1","Slimebound:ComboTackle+1","Slimebound:SplitLeeching+1","Finesse+1"],"picked":"SKIP","floor":40},{"not_picked":["Slimebound:SlimeSpikes","Slimebound:PressTheAttack+1","Slimebound:Schlurp+1","Dramatic Entrance+1"],"picked":"SKIP","floor":42},{"not_picked":["Slimebound:SplitMire+1","Slimebound:Schlurp+1","Slimebound:ViciousTackle+1","expansioncontent:DecasProtection+1"],"picked":"SKIP","floor":45},{"not_picked":["Slimebound:ViciousTackle+1","Slimebound:LeechingTouch+1","Slimebound:ComboTackle+1","Replay:SS_forest_2+1"],"picked":"SKIP","floor":47},{"not_picked":["Slimebound:GoopSpray","Slimebound:SplitMire+1","expansioncontent:SlimeTackle+1"],"picked":"Slimebound:RainOfGoop","floor":49}],"player_experience":31344,"relics_obtained":[{"floor":4.0,"key":"Dota2Spire:OrchidMalevolence"},{"floor":6.0,"key":"Mirror"},{"floor":17.0,"key":"PreservedInsect"},{"floor":17.0,"key":"Gremlin Horn"},{"floor":17.0,"key":"CaptainsWheel"},{"floor":24.0,"key":"MealTicket"},{"floor":25.0,"key":"Boot"},{"floor":34,"key":"Tiny Chest"},{"floor":34,"key":"Vajra"},{"floor":35,"key":"Molten Egg 2"},{"floor":37,"key":"ReplayTheSpireMod:TigerMarble"},{"floor":39,"key":"AntiCross"},{"floor":41,"key":"Slimebound:MaxSlimesRelic"},{"floor":42,"key":"Dota2Spire:AghanimScepter"},{"floor":44,"key":"ReplayTheSpireMod:Ring of Exchange"},{"floor":44,"key":"ReplayTheSpireMod:Ring of Challenge"},{"floor":46,"key":"Shuriken"},{"floor":48,"key":"REME_LimitBreaker"}],"event_choices":[{"damage_healed":0.0,"max_hp_gain":0.0,"max_hp_loss":0.0,"gold_gain":0.0,"event_name":"Lab","player_choice":"Got Potions","floor":10.0,"gold_loss":0.0,"damage_taken":0.0},{"cards_removed":["Slimebound:Defend_Slimebound"],"damage_healed":0.0,"max_hp_gain":0.0,"max_hp_loss":0.0,"gold_gain":0.0,"event_name":"Back to Basics","player_choice":"Elegance","floor":20.0,"gold_loss":0.0,"damage_taken":0.0},{"damage_healed":0,"gold_gain":0,"player_choice":"Read","damage_taken":0,"max_hp_gain":0,"max_hp_loss":0,"event_name":"The Library","floor":30,"gold_loss":0,"cards_obtained":["Slimebound:SplitBruiser"]}],"is_beta":false,"boss_relics":[{"not_picked":["ReplayTheSpireMod:DimensionalGlitch","Empty Cage"],"picked":"Calling Bell"},{"not_picked":["Sozu","Replay:Bronze Core"],"picked":"REME_LowDesire"}],"items_purged_floors":[19,29],"is_endless":false,"potions_floor_spawned":[2,9,12,15,16,22,25,31,37,47],"ascension_level":0}}