{"host":"78hrz0ylpj9lzvi8","time":1608307915,"event":{"mods":["BaseMod","Bestiary","Block Reminder","Curses Come First","Minty Spire (QoL Compilation)","Quick Restart","Random Character Button","Relic Stats","StSLib"],"gold_per_floor":[115,132,28,43,58,58,88,88,88,117,97,97,97],"floor_reached":12,"playtime":746,"items_purged":[],"score":176,"play_id":"88423251-a09e-4981-acfa-81037802dc94","local_time":"20201218131155","is_ascension_mode":true,"campfire_choices":[{"data":"Dualcast","floor":6,"key":"SMITH"},{"data":"Zap","floor":8,"key":"SMITH"}],"circlet_count":0,"master_deck":["AscendersBane","Strike_B","Strike_B","Strike_B","Strike_B","Defend_B","Defend_B","Defend_B","Defend_B+1","Zap+1","Dualcast+1","All For One","Genetic Algorithm+1","Cold Snap","Gash","Steam","Go for the Eyes","Coolheaded","Hyperbeam","Chill"],"relics":["Cracked Core","Matryoshka","HornCleat","Blue Candle","War Paint"],"acts_visited":["Exordium"],"potions_floor_usage":[7],"damage_taken":[{"damage":7,"enemies":"Cultist","floor":1,"turns":4},{"damage":0,"enemies":"2 Louse","floor":2,"turns":2},{"damage":4,"enemies":"Jaw Worm","floor":4,"turns":5},{"damage":12,"enemies":"Large Slime","floor":5,"turns":6},{"damage":12,"enemies":"3 Sentries","floor":7,"turns":9},{"damage":15,"enemies":"Lagavulin","floor":10,"turns":9},{"damage":27,"enemies":"Gremlin Nob","floor":12,"turns":3}],"seed_played":"-9101671788536921721","potions_obtained":[{"floor":1,"key":"Energy Potion"},{"floor":2,"key":"LiquidMemories"},{"floor":10,"key":"SteroidPotion"}],"is_trial":false,"path_per_floor":["M","M","$","M","M","R","E","R","T","E","?","E"],"character_chosen":"DEFECT","items_purchased":["Gash","Steam"],"campfire_rested":0,"item_purchase_floors":[3,3],"current_hp_per_floor":[57,57,57,53,41,41,29,29,29,14,14,0,0],"gold":97,"neow_bonus":"ONE_RANDOM_RARE_CARD","is_daily":false,"chose_seed":false,"campfire_upgraded":2,"win_rate":0.0,"timestamp":1608307915,"path_taken":["M","M","$","M","M","R","E","R","T","E","?","E"],"items_purchased_type":["Card","Card"],"build_version":"2020-12-13","purchased_purges":0,"victory":false,"max_hp_per_floor":[71,71,71,71,71,71,71,71,71,71,71,71,71],"relic_stats":{"counters":[7,38],"Blue Candle":[0],"War Paint":["Genetic Algorithm","Defend_B"],"obtain_stats":[{"Matryoshka":7,"HornCleat":9,"Blue Candle":9,"War Paint":10,"Cracked Core":0},{"Matryoshka":5,"HornCleat":5,"Blue Candle":5,"War Paint":6,"Cracked Core":0},{"Matryoshka":26,"HornCleat":26,"Blue Candle":26,"War Paint":35,"Cracked Core":0}]},"card_choices":[{"not_picked":["Auto Shields","Rebound"],"picked":"Genetic Algorithm","floor":1},{"not_picked":["Beam Cell","Sweeping Beam"],"picked":"Cold Snap","floor":2},{"not_picked":["Rebound","Beam Cell"],"picked":"Go for the Eyes","floor":4},{"not_picked":["Skim","Undo"],"picked":"Coolheaded","floor":5},{"not_picked":["Turbo","White Noise"],"picked":"Hyperbeam","floor":7},{"not_picked":["Streamline","Steam"],"picked":"Chill","floor":10}],"player_experience":951110,"relics_obtained":[{"floor":7,"key":"Matryoshka"},{"floor":9,"key":"HornCleat"},{"floor":9,"key":"Blue Candle"},{"floor":10,"key":"War Paint"}],"event_choices":[{"damage_healed":0,"gold_gain":0,"player_choice":"Bought 1 Potion","damage_taken":0,"max_hp_gain":0,"max_hp_loss":0,"event_name":"The Woman in Blue","floor":11,"gold_loss":0}],"is_beta":false,"boss_relics":[],"items_purged_floors":[],"is_endless":false,"potions_floor_spawned":[1,2,10],"killed_by":"Gremlin Nob","ascension_level":20}}