{"host":"omuz9yzrsj9oc9b2","time":1608328914,"event":{"mods":["2.2 Compatiblity","BaseMod","Downfall","Minty Spire (QoL Compilation)","Replay The Spire","StSLib","The Poker Player"],"gold_per_floor":[115,131,131,144,144,171,171,171,171,171,171,182,192,292,292,395,395,407,164,164,175,195,230,230,242,242,269,288,298,298,310,310,410,410,430,441,441,460,474,474,40,40,40,71,90,103,119,151,151,151],"floor_reached":51,"playtime":3954,"items_purged":[],"score":978,"play_id":"457fefe1-5ccb-4868-b6ce-143970a50b50","local_time":"20201218220154","is_ascension_mode":false,"campfire_choices":[{"data":"Streamline","floor":7,"key":"SMITH"},{"data":"Dualcast","floor":15,"key":"SMITH"},{"data":"ReplayTheSpireMod:Fabricate Wheel","floor":24,"key":"SMITH"},{"data":"BasicCrystalCard","floor":32,"key":"SMITH"},{"data":"Gash","floor":42,"key":"SMITH"},{"data":"BasicCrystalCard","floor":49,"key":"SMITH"}],"circlet_count":0,"master_deck":["Strike_B","Strike_B","Strike_B","Defend_B","Defend_B","Defend_B","Defend_B","Zap+1","Gash+1","Cold Snap","Streamline+1","Rebound","Defragment","Deep Breath","Steam","Rebound","All For One","Turbo","Chill","Gash+1","Beam Cell","Go for the Eyes","Storm+1","BasicCrystalCard+1","All For One","CurseOfTheBell","White Noise+1","BasicCrystalCard+1","Streamline+1","Gash+1","Gash+1","Gash+1","Go for the Eyes","Injury","Go for the Eyes+1","Self Repair","Go for the Eyes+1","BasicCrystalCard+1","Steam+1","Streamline"],"relics":["Cracked Core","NeowsBlessing","Divine Protection","Cables","Orichalcum","DataDisk","Empty Cage","Replay:Ringing Soul","Blue Doll","Prayer Wheel","Torii","ReplayTheSpireMod:Ninjato","Prayer Wheel","Replay:Grab Bag","Cursed Key","Coffee Dripper","SlaversCollar","Calling Bell","Pet Ghost","Chameleon Ring","Pocketwatch","Ornamental Fan","Juzu Bracelet","Incense Burner","Lantern","Eternal Feather"],"acts_visited":["Exordium","TheCity","TheBeyond"],"potions_floor_usage":[6,16,33,33,33,44,50,50,50,50],"damage_taken":[{"damage":0,"enemies":"Jaw Worm","floor":1,"turns":1},{"damage":0,"enemies":"2 Louse","floor":2,"turns":1},{"damage":0,"enemies":"Small Slimes","floor":4,"turns":1},{"damage":24,"enemies":"Gremlin Nob","floor":6,"turns":4},{"damage":0,"enemies":"2 Fungi Beasts","floor":12,"turns":2},{"damage":0,"enemies":"Exordium Thugs","floor":13,"turns":3},{"damage":39,"enemies":"The Guardian","floor":16,"turns":6},{"damage":0,"enemies":"3 Byrds","floor":18,"turns":4},{"damage":0,"enemies":"Chosen","floor":21,"turns":4},{"damage":0,"enemies":"Shelled Parasite and Fungi","floor":22,"turns":5},{"damage":39,"enemies":"Book of Stabbing","floor":23,"turns":5},{"damage":14,"enemies":"Snake Plant","floor":25,"turns":5},{"damage":3,"enemies":"Replay:Snechameleon","floor":27,"turns":5},{"damage":0,"enemies":"Centurion and Healer","floor":28,"turns":5},{"damage":0,"enemies":"Sentry and Sphere","floor":29,"turns":3},{"damage":0,"enemies":"3 Cultists","floor":31,"turns":5},{"damage":5,"enemies":"Pondfish","floor":33,"turns":8},{"damage":1,"enemies":"Orb Walker","floor":35,"turns":3},{"damage":7,"enemies":"3 Shapes","floor":36,"turns":5},{"damage":0,"enemies":"Transient","floor":38,"turns":5},{"damage":1,"enemies":"Spire Growth","floor":39,"turns":3},{"damage":0,"enemies":"Reptomancer","floor":44,"turns":3},{"damage":0,"enemies":"Maw","floor":45,"turns":6},{"damage":0,"enemies":"Writhing Mass","floor":46,"turns":4},{"damage":8,"enemies":"Jaw Worm Horde","floor":47,"turns":2},{"damage":0,"enemies":"R_Hoarder","floor":48,"turns":4},{"damage":18,"enemies":"Awakened One","floor":50,"turns":7}],"seed_played":"8892481319813631412","potions_obtained":[{"floor":4,"key":"AttackPotion"},{"floor":6,"key":"hexamod:EctoCoolerPotion"},{"floor":16,"key":"SkillPotion"},{"floor":18,"key":"Slimebound:ThreeZeroPotion"},{"floor":21,"key":"Toxic Potion"},{"floor":29,"key":"PowerPotion"},{"floor":35,"key":"SteroidPotion"},{"floor":36,"key":"sneckomod:MuddlingPotion"},{"floor":40,"key":"EntropicBrew"},{"floor":40,"key":"Swift Potion"},{"floor":46,"key":"SpeedPotion"},{"floor":47,"key":"SteroidPotion"}],"is_trial":false,"path_per_floor":["M","M","?","M","?","E","R","T","T","T","?","M","M","?","R","B",null,"M","$","?","M","M","E","R","M","T","E","M","M","?","M","R","B",null,"M","M","?","M","M","R","$","R","T","E","M","M","M","E","R","B",null],"character_chosen":"DEFECT","items_purchased":["Replay:Ringing Soul","Ornamental Fan","Juzu Bracelet","Go for the Eyes"],"campfire_rested":0,"item_purchase_floors":[19,41,41,41],"current_hp_per_floor":[75,75,75,75,75,51,51,51,51,51,51,51,51,51,51,12,75,75,75,78,81,84,48,48,37,37,37,40,43,99,102,102,100,108,110,106,109,112,111,111,114,114,117,117,120,123,118,121,138,127],"gold":151,"neow_bonus":"THREE_ENEMY_KILL","is_daily":false,"chose_seed":false,"campfire_upgraded":6,"win_rate":0.0,"timestamp":1608328914,"path_taken":["M","M","?","M","?","E","R","?","T","?","?","M","?","?","R","BOSS","M","$","?","M","?","E","R","M","T","E","?","?","?","M","R","BOSS","M","M","?","?","M","R","?","R","T","E","M","M","M","E","R","BOSS"],"items_purchased_type":["Relic","Relic","Relic","Card"],"build_version":"2020-12-13","purchased_purges":0,"victory":true,"max_hp_per_floor":[75,75,75,75,75,75,75,75,75,75,75,75,75,75,75,75,75,75,75,78,81,84,87,87,90,90,93,96,99,99,102,102,105,108,111,114,117,120,120,120,123,123,126,126,129,132,135,138,138,138],"card_choices":[{"not_picked":["Rebound","Redo"],"picked":"Gash","floor":1},{"not_picked":["Leap","Stack"],"picked":"Sweeping Beam","floor":2},{"not_picked":["Redo","Compile Driver"],"picked":"Cold Snap","floor":4},{"not_picked":["Steam","Tempest"],"picked":"Streamline","floor":6},{"not_picked":["Thunder Strike","Stack","Streamline"],"picked":"SKIP","floor":12},{"not_picked":["Conserve Battery","Cold Snap"],"picked":"Rebound","floor":13},{"not_picked":["Buffer","Reboot"],"picked":"ReplayTheSpireMod:Fabricate Wheel","floor":16},{"not_picked":["Cold Snap","Sweeping Beam+1"],"picked":"Defragment","floor":18},{"not_picked":["Turbo","Chaos+1"],"picked":"Steam","floor":21},{"not_picked":["Sweeping Beam","Redo"],"picked":"Rebound","floor":22},{"not_picked":["Capacitor+1","Panic Button"],"picked":"Sunder","floor":23},{"not_picked":["Conserve Battery","Doom and Gloom+1"],"picked":"Turbo","floor":25},{"not_picked":["Glacier+1","ReplayTheSpireMod:Omega Cannon"],"picked":"Chill","floor":25},{"not_picked":["Redo+1","Stack"],"picked":"Gash","floor":27},{"not_picked":["Sweeping Beam+1","Auto Shields"],"picked":"Beam Cell","floor":28},{"not_picked":["Time Bomb","Force Field+1","Sweeping Beam"],"picked":"SKIP","floor":28},{"not_picked":["ReplayTheSpireMod:Reroute Power","Rebound+1"],"picked":"Go for the Eyes","floor":29},{"not_picked":["Panic Button+1","Lockon"],"picked":"Storm+1","floor":29},{"not_picked":["Steam","Reprogram+1"],"picked":"BasicCrystalCard","floor":31},{"not_picked":["Rip and Tear+1","Stack","Cold Snap"],"picked":"SKIP","floor":31},{"not_picked":["Mirror Shield","Amplify"],"picked":"All For One","floor":33},{"not_picked":["Fusion","ReplayTheSpireMod:System Scan"],"picked":"White Noise+1","floor":35},{"not_picked":["Sunder+1","ReplayTheSpireMod:Repulse"],"picked":"BasicCrystalCard","floor":35},{"not_picked":["Redo","Conserve Battery+1","Sweeping Beam"],"picked":"SKIP","floor":35},{"not_picked":["Genetic Algorithm","Multi-Cast"],"picked":"Streamline+1","floor":36},{"not_picked":["Hologram","Coolheaded"],"picked":"Gash+1","floor":36},{"not_picked":["Blizzard","Reprogram+1","Conserve Battery+1"],"picked":"SKIP","floor":36},{"not_picked":["Consume+1","BasicCrystalCard+1"],"picked":"Gash+1","floor":38},{"not_picked":["Lockon","Leap","Barrage+1"],"picked":"SKIP","floor":38},{"not_picked":["ReplayTheSpireMod:Fabricate Wheel","Cold Snap","Chaos+1"],"picked":"SKIP","floor":38},{"not_picked":["Aggregate","Rebound","Hologram"],"picked":"SKIP","floor":39},{"not_picked":["Panic Button+1","Turbo","Sweeping Beam"],"picked":"SKIP","floor":39},{"not_picked":["FIFO Queue+1","BasicCrystalCard","Steam Power"],"picked":"SKIP","floor":39},{"not_picked":["Lockon","Loop+1","Sunder"],"picked":"SKIP","floor":44},{"not_picked":["Redo","Recycle+1"],"picked":"Go for the Eyes+1","floor":45},{"not_picked":["Rebound","Auto Shields+1"],"picked":"Self Repair","floor":45},{"not_picked":["Coolheaded","Electrodynamics","Conserve Battery+1"],"picked":"SKIP","floor":45},{"not_picked":["Force Field+1","Cold Snap"],"picked":"Go for the Eyes+1","floor":46},{"not_picked":["Turbo","Ball Lightning+1"],"picked":"BasicCrystalCard+1","floor":46},{"not_picked":["Lockon","Rebound+1","Coolheaded+1"],"picked":"SKIP","floor":46},{"not_picked":["Melter","Echo Form"],"picked":"Steam+1","floor":47},{"not_picked":["Panic Button","Melter+1","Static Discharge+1"],"picked":"SKIP","floor":47},{"not_picked":["Rebound","Steam Power","ReplaySolidLightProjector"],"picked":"SKIP","floor":47},{"not_picked":["ReplayTheSpireMod:System Scan","Rebound"],"picked":"Streamline","floor":48}],"player_experience":266762,"relics_obtained":[{"floor":6,"key":"Divine Protection"},{"floor":8,"key":"Cables"},{"floor":9,"key":"Orichalcum"},{"floor":10,"key":"DataDisk"},{"floor":23,"key":"Blue Doll"},{"floor":26,"key":"Torii"},{"floor":27,"key":"ReplayTheSpireMod:Ninjato"},{"floor":34,"key":"Pet Ghost"},{"floor":34,"key":"Chameleon Ring"},{"floor":34,"key":"Pocketwatch"},{"floor":43,"key":"Incense Burner"},{"floor":44,"key":"Lantern"},{"floor":48,"key":"Eternal Feather"}],"event_choices":[{"damage_healed":0,"gold_gain":0,"player_choice":"Grow","damage_taken":0,"max_hp_gain":0,"max_hp_loss":0,"event_name":"Living Wall","floor":3,"gold_loss":0,"cards_upgraded":["Gash"]},{"damage_healed":0,"gold_gain":0,"player_choice":"Leave","damage_taken":0,"max_hp_gain":0,"max_hp_loss":0,"event_name":"The Cleric","floor":5,"gold_loss":0},{"damage_healed":0,"gold_gain":0,"player_choice":"Forge","damage_taken":0,"max_hp_gain":0,"max_hp_loss":0,"event_name":"Accursed Blacksmith","floor":11,"gold_loss":0,"cards_upgraded":["Zap"]},{"damage_healed":0,"gold_gain":100,"player_choice":"Pray","damage_taken":0,"max_hp_gain":0,"max_hp_loss":0,"event_name":"Golden Shrine","floor":14,"gold_loss":0},{"cards_removed":["Sweeping Beam"],"damage_healed":0,"gold_gain":0,"player_choice":"Took Card","damage_taken":0,"max_hp_gain":0,"max_hp_loss":0,"event_name":"NoteForYourself","floor":20,"gold_loss":0,"cards_obtained":["Deep Breath"]},{"cards_removed":["Sunder"],"damage_healed":56,"gold_gain":0,"player_choice":"Offered Uncommon","damage_taken":0,"max_hp_gain":0,"max_hp_loss":0,"event_name":"Bonfire Elementals","floor":30,"gold_loss":0},{"damage_healed":0,"gold_gain":0,"player_choice":"Copied","damage_taken":0,"max_hp_gain":0,"max_hp_loss":0,"event_name":"Duplicator","floor":37,"gold_loss":0,"cards_obtained":["Gash"]}],"is_beta":false,"boss_relics":[{"not_picked":["Ectoplasm","Snecko Eye"],"picked":"Empty Cage"},{"not_picked":["Philosopher\u0027s Stone","Replay:Drink Me"],"picked":"Replay:Grab Bag"},{"not_picked":["ReplayTheSpireMod:Onyx Gauntlets","Painkiller Herb"],"picked":"Cursed Key"},{"not_picked":["Replay:Wanted Poster","Busted Crown"],"picked":"Coffee Dripper"},{"not_picked":["Kintsugi","Runic Pyramid"],"picked":"SlaversCollar"},{"not_picked":["SacredBark","Ring of Chaos"],"picked":"Calling Bell"}],"items_purged_floors":[],"is_endless":false,"potions_floor_spawned":[4,6,16,18,21,25,29,35,36,39,46,47],"ascension_level":0}}