{"host":"bi6hp2lw0u7dctop","time":1608311653,"event":{"mods":["BaseMod","Minty Spire (QoL Compilation)","Relic Stats","Replay The Spire","Spicy Shops","StSLib","simple","°æπ¶ƒ‹Mod°øªÏ„Á÷Æª∑–ﬁ∏¥≤π∂°","°æ“≈ŒÔø®≈∆°øREMEMod"],"gold_per_floor":[110,26,66,84,84,84,84],"floor_reached":6,"playtime":383,"items_purged":[],"score":36,"play_id":"96a1bb0f-128b-4c66-8f4e-c416ebc01c3b","local_time":"20201219011413","is_ascension_mode":false,"campfire_choices":[],"circlet_count":0,"master_deck":["Strike_P","Strike_P","Strike_P","Defend_P","Defend_P","Defend_P","Defend_P","Eruption","Vigilance","REME_CRH","HandOfGreed","Adaptation","FlurryOfBlows","Injury","Crescendo","ClearTheMind"],"relics":["PureWater","REME_ComplimentaryCards","ReplayTheSpireMod:CursedCoin","Lantern"],"acts_visited":["Exordium"],"potions_floor_usage":[3],"damage_taken":[{"damage":2,"enemies":"Small Slimes","floor":1,"turns":3},{"damage":0,"enemies":"2 Louse","floor":3,"turns":1},{"damage":1,"enemies":"Jaw Worm","floor":4,"turns":3},{"damage":12,"enemies":"Gremlin Nob","floor":6,"turns":3}],"seed_played":"3468880867859176626","potions_obtained":[{"floor":1,"key":"Adrenaline Potion"},{"floor":3,"key":"Fire Potion"}],"is_trial":false,"path_per_floor":["M","$","M","M","?","E"],"character_chosen":"WATCHER","items_purchased":["FlurryOfBlows","ReplayTheSpireMod:CursedCoin","Lantern","Crescendo"],"campfire_rested":0,"item_purchase_floors":[2,2,2,2],"current_hp_per_floor":[70,70,70,69,69,57,57],"gold":84,"neow_bonus":"ONE_RANDOM_RARE_CARD","is_daily":false,"chose_seed":false,"campfire_upgraded":0,"win_rate":0.0,"timestamp":1608311653,"path_taken":["M","$","M","M","?","E"],"items_purchased_type":["Card","Relic","Relic","Card"],"build_version":"2020-12-13","purchased_purges":0,"victory":false,"max_hp_per_floor":[72,72,72,72,72,72,72],"relic_stats":{"counters":[4,10],"obtain_stats":[{"Lantern":2,"ReplayTheSpireMod:CursedCoin":2,"PureWater":0,"REME_ComplimentaryCards":0},{"Lantern":1,"ReplayTheSpireMod:CursedCoin":1,"PureWater":0,"REME_ComplimentaryCards":0},{"Lantern":3,"ReplayTheSpireMod:CursedCoin":3,"PureWater":0,"REME_ComplimentaryCards":0}]},"card_choices":[{"not_picked":["Replay:ManipulateFuture","Replay:BluntJabs"],"picked":"Adaptation","floor":1},{"not_picked":["CutThroughFate","Wireheading"],"picked":"ClearTheMind","floor":3},{"not_picked":["WaveOfTheHand","CarveReality","Nirvana"],"picked":"SKIP","floor":4}],"player_experience":191607,"relics_obtained":[],"event_choices":[],"is_beta":false,"boss_relics":[],"items_purged_floors":[],"is_endless":false,"potions_floor_spawned":[1,3],"killed_by":"Gremlin Nob","ascension_level":0}}