{"host":"m3qxensetu6036ua","time":1608318952,"event":{"mods":["2.2 Compatiblity","AchievementEnabler","BaseMod","Better Altar","Better Skull","Better Third Choice","Block Reminder","Colored Powertips","Displayed Cursed Tome","Downfall","Hubris","Minty Spire (QoL Compilation)","Rare Cards Sparkle","Remove Card Discount Mod","Replay The Spire","Spicy Shops","StSLib"],"gold_per_floor":[199,226,226,241,541,559,559,575,575,575,593,607,621,621,636,636,636],"floor_reached":16,"playtime":985,"items_purged":[],"score":104,"play_id":"890c5795-fc13-4a99-9b31-0108b63d299a","local_time":"20201218201552","is_ascension_mode":false,"campfire_choices":[{"data":"hexamod:Sear","floor":1,"key":"SMITH"},{"floor":10,"key":"REST"}],"circlet_count":0,"master_deck":["hexamod:Strike","hexamod:Strike","hexamod:Strike","hexamod:Strike+1","hexamod:Defend","hexamod:Defend","hexamod:Defend","hexamod:Defend","hexamod:Sear+1","hexamod:Float","hexamod:RainOfEmbers","hexamod:PhantomCloak","Slimebound:Icky","hexamod:ShieldOfDarkness","hexamod:Firestarter","hexamod:PowerFromBeyond","hexamod:BurningTouch","hexamod:SpectersWail","hexamod:BurningTouch"],"relics":["Replay:Wanted Poster","ReplayTheSpireMod:Shallot"],"acts_visited":["Exordium"],"potions_floor_usage":[4,15,16,16],"damage_taken":[{"damage":61,"enemies":"Gremlin Nob","floor":2,"turns":5},{"damage":0,"enemies":"2 Louse","floor":4,"turns":2},{"damage":6,"enemies":"Jaw Worm","floor":6,"turns":3},{"damage":0,"enemies":"Cultist","floor":8,"turns":3},{"damage":1,"enemies":"3 Louse","floor":11,"turns":3},{"damage":0,"enemies":"2 Fungi Beasts","floor":12,"turns":4},{"damage":10,"enemies":"Exordium Thugs","floor":13,"turns":4},{"damage":5,"enemies":"Blue Slaver","floor":15,"turns":3},{"damage":9,"enemies":"downfall:Ironclad","floor":16,"turns":3}],"seed_played":"-5781772532851106105","potions_obtained":[{"floor":2,"key":"Energy Potion"},{"floor":6,"key":"Energy Potion"},{"floor":12,"key":"FearPotion"},{"floor":13,"key":"Fire Potion"}],"is_trial":false,"path_per_floor":["R","E","?","M","?","M","T","M","?","R","M","M","M","?","M","B"],"character_chosen":"THE_SPIRIT","items_purchased":[],"campfire_rested":1,"item_purchase_floors":[],"current_hp_per_floor":[70,9,9,9,9,3,3,3,3,24,23,23,13,13,8,0,0],"gold":636,"neow_bonus":"BOSS_RELIC","is_daily":false,"chose_seed":false,"campfire_upgraded":1,"win_rate":0.0,"timestamp":1608318952,"path_taken":["R","E","?","M","?","M","T","M","?","R","?","M","M","?","M","BOSS"],"items_purchased_type":[],"build_version":"2020-12-13","purchased_purges":0,"victory":false,"max_hp_per_floor":[70,70,70,70,70,70,70,70,70,70,70,70,70,70,70,70,70],"card_choices":[{"not_picked":["hexamod:TimeWarp","hexamod:BacktrackSmack"],"picked":"hexamod:RainOfEmbers","floor":2},{"not_picked":["hexamod:BacktrackSmack","hexamod:SpectralAdrenaline"],"picked":"hexamod:PhantomCloak","floor":4},{"not_picked":["hexamod:HauntingEcho","hexamod:FastForward"],"picked":"hexamod:ShieldOfDarkness","floor":6},{"not_picked":["hexamod:SwordOfDarkness","hexamod:GhostOfSpirePresent"],"picked":"hexamod:Firestarter","floor":8},{"not_picked":["hexamod:InspiringFlames","hexamod:CatchUp"],"picked":"hexamod:PowerFromBeyond","floor":11},{"not_picked":["hexamod:ThirdSeal","hexamod:BacktrackSmack"],"picked":"hexamod:BurningTouch","floor":12},{"not_picked":["hexamod:RainOfEmbers","hexamod:InspiringFlames"],"picked":"hexamod:SpectersWail","floor":13},{"not_picked":["hexamod:SixthSeal","hexamod:NightmareStrike"],"picked":"hexamod:BurningTouch","floor":15}],"player_experience":136812,"relics_obtained":[{"floor":7,"key":"ReplayTheSpireMod:Shallot"}],"event_choices":[{"damage_healed":0,"gold_gain":0,"player_choice":"Ignored","damage_taken":0,"max_hp_gain":0,"max_hp_loss":0,"event_name":"NoteForYourself","floor":9,"gold_loss":0},{"cards_removed":["Slimebound:Icky"],"damage_healed":0,"gold_gain":0,"player_choice":"Card Removal","damage_taken":0,"max_hp_gain":0,"max_hp_loss":0,"event_name":"The Cleric","floor":14,"gold_loss":0}],"is_beta":false,"boss_relics":[],"items_purged_floors":[],"is_endless":false,"potions_floor_spawned":[2,6,12,13],"killed_by":"downfall:Ironclad","ascension_level":0}}