{"host":"hjw1ay65n7jm40lc","time":1608267821,"event":{"mods":["AchievementEnabler","BaseMod","Colored Map","Colored Powertips","Googly Eyes","Highlight Path","Minty Spire (QoL Compilation)","Quick Restart","Relic Stats"],"gold_per_floor":[218,45,45,61,72,72,105,105,105,137,137,156,156,168,168,243,243,262,262,262,262,262,292,292,312,312,346,32,59,59,459,459,459,459],"floor_reached":33,"playtime":11026,"items_purged":[],"score":603,"play_id":"17e5966a-03d5-4b33-9dd6-7eb944249e59","local_time":"20201218000341","is_ascension_mode":true,"campfire_choices":[{"data":"Bludgeon","floor":6.0,"key":"SMITH"},{"data":"Inflame","floor":11.0,"key":"SMITH"},{"data":"Pummel","floor":13.0,"key":"SMITH"},{"data":"Bash","floor":15.0,"key":"SMITH"},{"floor":24,"key":"REST"},{"data":"Offering","floor":30,"key":"SMITH"},{"data":"Shockwave","floor":32,"key":"SMITH"}],"circlet_count":0,"master_deck":["AscendersBane","Strike_R+1","Strike_R+1","Strike_R+1","Strike_R+1","Defend_R","Defend_R","Defend_R","Defend_R","Bash+1","Sword Boomerang","Bludgeon+1","Shrug It Off","Berserk","Inflame+1","Impervious","Pummel+1","Cleave","Offering+1","Disarm","Necronomicurse","Decay","True Grit+1","Shockwave+1"],"relics":["Burning Blood","OrangePellets","Torii","Pantograph","Whetstone","Snecko Eye","MutagenicStrength","Necronomicon","Kunai","Tiny Chest","MawBank","TungstenRod","Bag of Marbles","Old Coin","Bottled Lightning"],"acts_visited":["Exordium","TheCity"],"potions_floor_usage":[23,27],"damage_taken":[{"damage":1.0,"enemies":"2 Louse","floor":1.0,"turns":4.0},{"damage":22.0,"enemies":"Small Slimes","floor":4.0,"turns":4.0},{"damage":11.0,"enemies":"Jaw Worm","floor":5.0,"turns":5.0},{"damage":6.0,"enemies":"Gremlin Nob","floor":7.0,"turns":3.0},{"damage":2.0,"enemies":"3 Sentries","floor":10.0,"turns":7.0},{"damage":10.0,"enemies":"2 Fungi Beasts","floor":12.0,"turns":3.0},{"damage":9.0,"enemies":"Large Slime","floor":14.0,"turns":4.0},{"damage":30.0,"enemies":"Slime Boss","floor":16.0,"turns":10.0},{"damage":14,"enemies":"Shell Parasite","floor":18,"turns":3},{"damage":11,"enemies":"Gremlin Leader","floor":23,"turns":3},{"damage":0,"enemies":"Spheric Guardian","floor":25,"turns":1},{"damage":21,"enemies":"Book of Stabbing","floor":27,"turns":5},{"damage":23,"enemies":"Slavers","floor":29,"turns":5},{"damage":8,"enemies":"Colosseum Slavers","floor":31,"turns":2},{"damage":8,"enemies":"Colosseum Nobs","floor":31,"turns":3},{"damage":47,"enemies":"Champ","floor":33,"turns":5}],"seed_played":"209206612945223439","potions_obtained":[{"floor":4.0,"key":"Weak Potion"},{"floor":5.0,"key":"Weak Potion"},{"floor":12.0,"key":"Explosive Potion"},{"floor":14.0,"key":"EssenceOfSteel"},{"floor":18,"key":"FearPotion"}],"is_trial":false,"path_per_floor":["M","$","?","M","M","R","E","?","T","E","R","M","R","M","R","B",null,"M","?","?","?","?","E","R","M","T","E","$","E","R","?","R","B"],"character_chosen":"IRONCLAD","items_purchased":["OrangePellets","TungstenRod"],"campfire_rested":1,"item_purchase_floors":[2,28],"current_hp_per_floor":[73,73,73,57,52,52,52,29,29,33,33,29,29,26,26,27,63,55,55,34,34,34,29,51,57,57,42,42,25,25,21,21,0,0],"gold":459,"neow_bonus":"HUNDRED_GOLD","is_daily":false,"chose_seed":false,"campfire_upgraded":6,"win_rate":0.0,"timestamp":1608267821,"path_taken":["M","$","?","M","M","R","E","?","T","E","R","M","R","M","R","BOSS","M","?","?","?","?","E","R","M","T","E","$","E","R","?","R","BOSS"],"items_purchased_type":["Relic","Relic"],"build_version":"2020-12-13","purchased_purges":0,"victory":false,"max_hp_per_floor":[75,75,75,75,75,75,75,75,75,75,75,75,75,75,75,75,75,75,75,75,75,75,75,75,75,75,75,75,75,75,75,75,75,75],"relic_stats":{"Torii":36,"counters":[16,67],"Whetstone":["Strike_R","Strike_R"],"MawBank":12,"Burning Blood":90,"OrangePellets":[16],"Pantograph":50,"Snecko Eye":[19,39,27,27],"Tiny Chest":0,"Necronomicon":[12],"Kunai":[5],"obtain_stats":[{"Torii":7,"Whetstone":10,"MawBank":27,"Burning Blood":0,"Old Coin":31,"OrangePellets":2,"Pantograph":9,"MutagenicStrength":19,"Snecko Eye":17,"Tiny Chest":26,"Necronomicon":20,"Bag of Marbles":29,"Kunai":23,"Bottled Lightning":31,"TungstenRod":28},{"Torii":4,"Whetstone":5,"MawBank":12,"Burning Blood":0,"Old Coin":15,"OrangePellets":1,"Pantograph":4,"MutagenicStrength":9,"Snecko Eye":8,"Tiny Chest":11,"Necronomicon":9,"Bag of Marbles":13,"Kunai":10,"Bottled Lightning":15,"TungstenRod":12},{"Torii":16,"Whetstone":23,"MawBank":52,"Burning Blood":0,"Old Coin":62,"OrangePellets":4,"Pantograph":16,"MutagenicStrength":43,"Snecko Eye":40,"Tiny Chest":47,"Necronomicon":43,"Bag of Marbles":57,"Kunai":46,"Bottled Lightning":62,"TungstenRod":52}],"TungstenRod":13},"card_choices":[{"not_picked":["Iron Wave","Rage"],"picked":"Sword Boomerang","floor":1.0},{"not_picked":["Warcry","Entrench"],"picked":"Shrug It Off","floor":4.0},{"not_picked":["Warcry","Pommel Strike"],"picked":"Berserk","floor":5.0},{"not_picked":["Clash","Shrug It Off"],"picked":"Inflame","floor":7.0},{"not_picked":["Anger","Rage"],"picked":"Impervious","floor":10.0},{"not_picked":["Perfected Strike","Clothesline"],"picked":"Pummel","floor":12.0},{"not_picked":["Flame Barrier","Iron Wave"],"picked":"Cleave","floor":14.0},{"not_picked":["Immolate","Feed"],"picked":"Offering","floor":16.0},{"not_picked":["Infernal Blade+1","Twin Strike"],"picked":"Disarm","floor":18},{"not_picked":["Combust","Fire Breathing+1"],"picked":"True Grit+1","floor":23},{"not_picked":["Twin Strike","Dual Wield","Sever Soul"],"picked":"SKIP","floor":25},{"not_picked":["Anger","Thunderclap","Iron Wave"],"picked":"SKIP","floor":27},{"not_picked":["Clash","Body Slam"],"picked":"Shockwave","floor":29}],"player_experience":320302,"relics_obtained":[{"floor":7.0,"key":"Torii"},{"floor":9.0,"key":"Pantograph"},{"floor":10.0,"key":"Whetstone"},{"floor":20,"key":"Necronomicon"},{"floor":23,"key":"Kunai"},{"floor":26,"key":"Tiny Chest"},{"floor":27,"key":"MawBank"},{"floor":29,"key":"Bag of Marbles"},{"floor":31,"key":"Old Coin"},{"floor":31,"key":"Bottled Lightning"}],"event_choices":[{"damage_healed":0.0,"max_hp_gain":0.0,"max_hp_loss":0.0,"gold_gain":0.0,"cards_transformed":["Strike_R"],"event_name":"Living Wall","player_choice":"Change","floor":3.0,"gold_loss":0.0,"damage_taken":0.0,"cards_obtained":["Bludgeon"]},{"damage_healed":0.0,"max_hp_gain":0.0,"max_hp_loss":0.0,"gold_gain":0.0,"event_name":"Shining Light","player_choice":"Entered Light","floor":8.0,"gold_loss":0.0,"damage_taken":23.0,"cards_upgraded":["Strike_R","Strike_R"]},{"damage_healed":0,"gold_gain":0,"player_choice":"Inject Mutagens","damage_taken":0,"relics_obtained":["MutagenicStrength"],"max_hp_gain":0,"max_hp_loss":0,"event_name":"Drug Dealer","floor":19,"gold_loss":0},{"damage_healed":0,"gold_gain":0,"player_choice":"Obtained Book","damage_taken":21,"max_hp_gain":0,"max_hp_loss":0,"event_name":"Cursed Tome","floor":20,"gold_loss":0},{"damage_healed":0,"gold_gain":0,"player_choice":"Smashed Altar","damage_taken":0,"max_hp_gain":0,"max_hp_loss":0,"event_name":"Forgotten Altar","floor":21,"gold_loss":0,"cards_obtained":["Decay"]},{"damage_healed":0,"gold_gain":0,"player_choice":"Ignored","damage_taken":0,"max_hp_gain":0,"max_hp_loss":0,"event_name":"Ghosts","floor":22,"gold_loss":0},{"damage_healed":0,"gold_gain":0,"player_choice":"Fight","damage_taken":0,"max_hp_gain":0,"max_hp_loss":0,"event_name":"Colosseum","floor":31,"gold_loss":0},{"damage_healed":0,"gold_gain":0,"player_choice":"Fought Nobs","damage_taken":0,"max_hp_gain":0,"max_hp_loss":0,"event_name":"Colosseum","floor":31,"gold_loss":0}],"is_beta":false,"boss_relics":[{"not_picked":["Runic Cube","SacredBark"],"picked":"Snecko Eye"}],"items_purged_floors":[],"is_endless":false,"potions_floor_spawned":[4,5,12,14,18,31],"killed_by":"Champ","ascension_level":19}}