{"host":"u3jctbsl7uavviuy","time":1608262334,"event":{"mods":["BaseMod","BetterRewards","GungeonMod","HololiveMod","Luminous","Marisa（F雨　魔理沙）","Minty Spire (QoL Compilation)","Relic Stats","Replay The Spire","Shop Mod","Spicy Shops","StSLib","TestMod","The Animator","The Cursed","The Gatherer","The Servant 0.9.4","WarShipGirlsR/战舰少女R mod","vexMod","篝火指南"],"gold_per_floor":[118,129,53,71,71,101,101,60,85,109,124,22,56,35,35,133,133,148,63,50,50,62,90,161,161,186,199,213,213,233,261,261,361,361,376,396,396,396,496,496,530,530,530,556,587,599,284,81,81,81],"floor_reached":51,"playtime":2478,"items_purged":["Strike_G","Defend_G","Defend_G","Defend_G"],"score":1660,"play_id":"f18cdf85-bdc2-489e-b840-766ffab075a2","local_time":"20201218123214","is_ascension_mode":true,"campfire_choices":[{"data":"Cloak And Dagger","floor":7.0,"key":"SMITH"},{"floor":15,"key":"REST"},{"data":"Adrenaline","floor":25,"key":"SMITH"},{"data":"Cloak And Dagger","floor":29,"key":"SMITH"},{"data":"Terror","floor":32,"key":"SMITH"},{"data":"Envenom","floor":40,"key":"SMITH"},{"data":"Acrobatics","floor":42,"key":"SMITH"},{"data":"Apotheosis","floor":49,"key":"SMITH"}],"circlet_count":0,"master_deck":["Strike_G+1","Defend_G","Defend_G","Survivor","Neutralize","Well Laid Plans","Infinite Blades","PiercingWail","Cloak And Dagger+1","Backflip","Finisher+1","Malaise","Accuracy","Terror+1","Deflect","Dodge and Roll","Adrenaline+1","Cloak And Dagger+1","Backflip","Acrobatics+1","Night Terror","Blade Dance+1","Calculated Gamble+1","Envenom+1","Atom Bomb","Deflect+1","Prepared","Escape Plan+1","Fluid Movement","Fluid Movement","Apotheosis+1"],"relics":["Ring of the Snake","testmod-TestBox","testmod-IndustrialRevolution","Hololive_LightStick","Membership Card","Unceasing Top","Lantern","Matryoshka","Tiny Chest","Replay:Wax Seal","Toy Ornithopter","Boot","Bronze Scales","Bag of Preparation","DemoMod:GlassGuonStoneRelic","DemoMod:MeatBun","WingedGreaves","testmod-TimeTraveler","vexMod:FocusSash","Ancient Tea Set","Meat on the Bone","Whetstone","Happy Flower","WristBlade","Chameleon Ring","Shuriken","DemoMod:BlueGuonStone","Pen Nib","Ginger","Thread and Needle","Snake Skull"],"acts_visited":["Exordium","TheCity","TheBeyond"],"potions_floor_usage":[23,33],"damage_taken":[{"damage":0.0,"enemies":"Cultist","floor":1.0,"turns":3.0},{"damage":0.0,"enemies":"Small Slimes","floor":2.0,"turns":2.0},{"damage":0.0,"enemies":"Jaw Worm","floor":4.0,"turns":3.0},{"damage":5.0,"enemies":"Lagavulin","floor":6.0,"turns":6.0},{"damage":0.0,"enemies":"2 Fungi Beasts","floor":11.0,"turns":2.0},{"damage":0.0,"enemies":"3 Sentries","floor":13.0,"turns":4.0},{"damage":0,"enemies":"The Guardian","floor":16,"turns":7},{"damage":0,"enemies":"2 Thieves","floor":18,"turns":2},{"damage":0,"enemies":"3 Byrds","floor":22,"turns":3},{"damage":0,"enemies":"Gremlin Leader","floor":23,"turns":4},{"damage":0,"enemies":"Snake Plant","floor":27,"turns":3},{"damage":0,"enemies":"Snecko","floor":28,"turns":2},{"damage":0,"enemies":"3 Cultists","floor":30,"turns":2},{"damage":0,"enemies":"Book of Stabbing","floor":31,"turns":1},{"damage":0,"enemies":"Champ","floor":33,"turns":3},{"damage":0,"enemies":"Orb Walker","floor":35,"turns":2},{"damage":0,"enemies":"3 Shapes","floor":36,"turns":1},{"damage":0,"enemies":"Nemesis","floor":41,"turns":3},{"damage":0,"enemies":"R_Hoarder","floor":44,"turns":2},{"damage":0,"enemies":"Giant Head","floor":45,"turns":2},{"damage":0,"enemies":"Jaw Worm Horde","floor":46,"turns":2},{"damage":0,"enemies":"Awakened One","floor":50,"turns":4}],"seed_played":"8598147300258895751","potions_obtained":[{"floor":2.0,"key":"ColorlessPotion"},{"floor":6.0,"key":"Weak Potion"},{"floor":13.0,"key":"Regen Potion"},{"floor":18,"key":"Ancient Potion"},{"floor":23,"key":"testmod-SpacePotion"},{"floor":28,"key":"Swift Potion"},{"floor":30,"key":"Regen Potion"},{"floor":36,"key":"Weak Potion"},{"floor":45,"key":"LiquidBronze"}],"is_trial":false,"path_per_floor":["M","M","$","M","?","E","R","$","T","T","M","$","E","?","R","B",null,"M","?","$","?","M","E","T","R","T","M","M","R","M","E","R","B",null,"M","M","?","T","?","R","E","R","T","E","E","M","$","$","R","B",null],"character_chosen":"THE_SILENT","items_purchased":["Hololive_LightStick","Well Laid Plans","Membership Card","Unceasing Top","Infinite Blades","PiercingWail","Lantern","Matryoshka","Tiny Chest","Accuracy","DemoMod:MeatBun","Deflect","Backflip","Thread and Needle","Snake Skull","Fluid Movement","Apotheosis"],"campfire_rested":1,"item_purchase_floors":[0,0,0,0,0,0,0,0,3,8,12,12,20,47,47,47,48],"current_hp_per_floor":[31,31,31,31,31,26,26,26,26,26,26,40,40,40,61,61,70,70,70,70,70,70,70,70,70,70,70,70,70,70,70,70,70,70,70,70,70,70,70,70,70,70,70,70,70,70,70,70,70,70],"gold":81,"neow_bonus":"","is_daily":false,"chose_seed":false,"campfire_upgraded":7,"win_rate":0.0,"timestamp":1608262334,"path_taken":["M","M","$","?","?","E","R","?","T","?","M","$","E","?","R","BOSS","M","?","$","?","M","E","?","R","T","?","M","R","?","E","R","BOSS","M","M","?","?","?","R","E","R","T","E","E","?","?","$","R","BOSS"],"items_purchased_type":["Relic","Card","Relic","Relic","Card","Card","Relic","Relic","Relic","Card","Relic","Card","Card","Relic","Relic","Card","Card"],"build_version":"2020-12-13","purchased_purges":4,"victory":true,"max_hp_per_floor":[70,70,70,70,70,70,70,70,70,70,70,70,70,70,70,70,70,70,70,70,70,70,70,70,70,70,70,70,70,70,70,70,70,70,70,70,70,70,70,70,70,70,70,70,70,70,70,70,70,70],"relic_stats":{"Happy Flower":[64],"counters":[102,392],"Pen Nib":[3],"Snake Skull":[13],"Bag of Preparation":[36],"Whetstone":["Strike_G","Finisher"],"Ginger":[0],"Boot":[34],"Shuriken":[76],"Bronze Scales":[114],"Tiny Chest":3,"obtain_stats":[{"TwistedFunnel":49,"vexMod:MemoryStick":12,"DemoMod:BlueGuonStone":43,"Tiny House":34,"Vajra":23,"testmod-IWantAll":0,"DemoMod:GlassGuonStoneRelic":8,"Whetstone":49,"Ginger":45,"Boot":9,"vexMod:CardConverter":45,"vexMod:EndlessSickness":34,"Honey Jar":17,"Philosopher\u0027s Stone":34,"Replay:Wax Seal":0,"Toxic Egg 2":29,"testmod-IntensifyImprint":0,"testmod-TestBox":0,"Pear":45,"testmod-TimeTraveler":17,"Happy Flower":40,"Oddly Smooth Stone":53,"Pen Nib":25,"Charon\u0027s Ashes":26,"Paper Crane":31,"testmod-Fortitude":47,"testmod-RealStoneCalender":47,"Replay:Baseball":32,"DemoMod:MeatBun":53,"Shuriken":27,"testmod-Acrobat":8,"Bronze Scales":10,"Onion Ring":6,"Molten Egg 2":0,"Grinning Jar":40,"Unceasing Top":0,"Meat on the Bone":24,"ReplayFunnel":8,"Lantern":29,"Blue Doll":31,"Snake Skull":47,"Bag of Preparation":10,"Empty Cage":31,"Ancient Tea Set":23,"Burning Blood":0,"testmod-CasingShield":32,"testmod-Charity":39,"Replay:Rubber Ducky":19,"ClockworkSouvenir":39,"Matryoshka":0,"Chameleon Ring":38,"WristBlade":34,"Tiny Chest":3,"WingedGreaves":13,"Chemical X":0,"Replay:Bottled Eggs":9,"Ring of the Snake":0,"Gremlin Food":43,"ReplayTheSpireMod:Ninjato":42,"vexMod:ConsolationPrize":26,"Thread and Needle":47,"Replay:WaspNest":24,"PreservedInsect":6,"DemoMod:PinkGuonStone":36,"vexMod:FocusSash":19,"Frozen Egg 2":0,"testmod-ConstraintPeriapt":6,"MawBank":40,"testmod-IndustrialRevolution":6,"White Beast Statue":49,"Anchor":0,"Hololive_LightStick":0,"vexMod:BarristanHead":6,"testmod-AssaultLearning":47,"testmod-Hope":43,"Orrery":20,"Another Sword":0,"Bag of Marbles":12,"Garlic":30,"Bottled Lightning":8,"Membership Card":32,"Toy Ornithopter":27},{"TwistedFunnel":79,"vexMod:MemoryStick":6,"DemoMod:BlueGuonStone":98,"Tiny House":17,"Vajra":12,"testmod-IWantAll":0,"DemoMod:GlassGuonStoneRelic":5,"Whetstone":23,"Ginger":100,"Boot":84,"vexMod:CardConverter":76,"vexMod:EndlessSickness":43,"Honey Jar":33,"Philosopher\u0027s Stone":70,"Replay:Wax Seal":56,"Toxic Egg 2":68,"testmod-IntensifyImprint":0,"testmod-TestBox":0,"Pear":50,"testmod-TimeTraveler":87,"Happy Flower":46,"Oddly Smooth Stone":54,"Pen Nib":13,"Charon\u0027s Ashes":13,"Paper Crane":69,"testmod-Fortitude":78,"testmod-RealStoneCalender":22,"Replay:Baseball":16,"DemoMod:MeatBun":54,"Shuriken":67,"testmod-Acrobat":29,"Bronze Scales":84,"Onion Ring":4,"Molten Egg 2":24,"Grinning Jar":74,"Unceasing Top":80,"Meat on the Bone":90,"ReplayFunnel":60,"Lantern":42,"Blue Doll":16,"Snake Skull":101,"Bag of Preparation":84,"Empty Cage":42,"Ancient Tea Set":90,"Burning Blood":0,"testmod-CasingShield":16,"testmod-Charity":18,"Replay:Rubber Ducky":10,"ClockworkSouvenir":18,"Matryoshka":80,"Chameleon Ring":97,"WristBlade":95,"Tiny Chest":82,"WingedGreaves":86,"Chemical X":0,"Replay:Bottled Eggs":60,"Ring of the Snake":0,"Gremlin Food":75,"ReplayTheSpireMod:Ninjato":20,"vexMod:ConsolationPrize":67,"Thread and Needle":101,"Replay:WaspNest":38,"PreservedInsect":59,"DemoMod:PinkGuonStone":71,"vexMod:FocusSash":88,"Frozen Egg 2":0,"testmod-ConstraintPeriapt":28,"MawBank":19,"testmod-IndustrialRevolution":84,"White Beast Statue":23,"Anchor":24,"Hololive_LightStick":80,"vexMod:BarristanHead":28,"testmod-AssaultLearning":52,"testmod-Hope":20,"Orrery":35,"Another Sword":0,"Bag of Marbles":32,"Garlic":42,"Bottled Lightning":5,"Membership Card":16,"Toy Ornithopter":40},{"TwistedFunnel":323,"vexMod:MemoryStick":25,"DemoMod:BlueGuonStone":382,"Tiny House":71,"Vajra":51,"testmod-IWantAll":0,"DemoMod:GlassGuonStoneRelic":22,"Whetstone":96,"Ginger":386,"Boot":343,"vexMod:CardConverter":316,"vexMod:EndlessSickness":180,"Honey Jar":132,"Philosopher\u0027s Stone":297,"Replay:Wax Seal":232,"Toxic Egg 2":285,"testmod-IntensifyImprint":0,"testmod-TestBox":0,"Pear":207,"testmod-TimeTraveler":356,"Happy Flower":190,"Oddly Smooth Stone":222,"Pen Nib":56,"Charon\u0027s Ashes":56,"Paper Crane":290,"testmod-Fortitude":321,"testmod-RealStoneCalender":91,"Replay:Baseball":65,"DemoMod:MeatBun":222,"Shuriken":282,"testmod-Acrobat":113,"Bronze Scales":343,"Onion Ring":17,"Molten Egg 2":98,"Grinning Jar":308,"Unceasing Top":329,"Meat on the Bone":365,"ReplayFunnel":248,"Lantern":173,"Blue Doll":65,"Snake Skull":388,"Bag of Preparation":343,"Empty Cage":173,"Ancient Tea Set":365,"Burning Blood":0,"testmod-CasingShield":65,"testmod-Charity":78,"Replay:Rubber Ducky":40,"ClockworkSouvenir":78,"Matryoshka":329,"Chameleon Ring":379,"WristBlade":376,"Tiny Chest":334,"WingedGreaves":349,"Chemical X":0,"Replay:Bottled Eggs":248,"Ring of the Snake":0,"Gremlin Food":313,"ReplayTheSpireMod:Ninjato":86,"vexMod:ConsolationPrize":282,"Thread and Needle":388,"Replay:WaspNest":151,"PreservedInsect":244,"DemoMod:PinkGuonStone":300,"vexMod:FocusSash":358,"Frozen Egg 2":0,"testmod-ConstraintPeriapt":107,"MawBank":82,"testmod-IndustrialRevolution":341,"White Beast Statue":96,"Anchor":98,"Hololive_LightStick":329,"vexMod:BarristanHead":109,"testmod-AssaultLearning":214,"testmod-Hope":86,"Orrery":139,"Another Sword":0,"Bag of Marbles":125,"Garlic":173,"Bottled Lightning":22,"Membership Card":65,"Toy Ornithopter":164}],"Unceasing Top":[2],"Toy Ornithopter":0,"Ring of the Snake":[92],"Meat on the Bone":0},"card_choices":[{"not_picked":["Blade Dance","Backflip"],"picked":"Cloak And Dagger","floor":1.0},{"not_picked":["Quick Slash","Deadly Poison"],"picked":"Backflip","floor":2.0},{"not_picked":["Blur","PiercingWail"],"picked":"Finisher","floor":4.0},{"not_picked":["Tactician","Quick Slash"],"picked":"Malaise","floor":6.0},{"not_picked":["Calculated Gamble","Noxious Fumes"],"picked":"Terror","floor":11.0},{"not_picked":["Backflip","Deadly Poison"],"picked":"Dodge and Roll","floor":13.0},{"not_picked":["Glass Knife","Unload"],"picked":"Adrenaline","floor":16},{"not_picked":["Underhanded Strike","Poisoned Stab"],"picked":"Cloak And Dagger","floor":18},{"not_picked":["Bouncing Flask","Dagger Spray"],"picked":"Acrobatics","floor":22},{"not_picked":["Corpse Explosion","Reflex"],"picked":"Night Terror","floor":23},{"not_picked":["Dagger Throw+1","Finisher+1","ReplayTheSpireMod:Speed Training+1"],"picked":"SKIP","floor":27},{"not_picked":["Masterful Stab+1","Deflect"],"picked":"Blade Dance+1","floor":28},{"not_picked":["Blur","Tactician"],"picked":"Calculated Gamble+1","floor":30},{"not_picked":["Finisher","Bouncing Flask","Dodge and Roll+1"],"picked":"SKIP","floor":31},{"not_picked":["Die Die Die","Tools of the Trade"],"picked":"Envenom","floor":33},{"not_picked":["Poisoned Stab+1","Outmaneuver+1","ReplayTheSpireMod:Tripwire"],"picked":"SKIP","floor":35},{"not_picked":["Quick Slash","Setup+1","Choke"],"picked":"SKIP","floor":36},{"not_picked":["All Out Attack+1","ReplayTheSpireMod:Scrap Shanks+1"],"picked":"Deflect+1","floor":41},{"not_picked":["Backflip+1","Deflect"],"picked":"Prepared","floor":44},{"not_picked":["Slice+1","Finisher+1"],"picked":"Escape Plan+1","floor":45},{"not_picked":["Setup+1","Sucker Punch","Malaise"],"picked":"SKIP","floor":46}],"player_experience":398516,"relics_obtained":[{"floor":6.0,"key":"Replay:Wax Seal"},{"floor":9.0,"key":"Toy Ornithopter"},{"floor":9.0,"key":"Boot"},{"floor":10.0,"key":"Bronze Scales"},{"floor":10.0,"key":"Bag of Preparation"},{"floor":13.0,"key":"WingedGreaves"},{"floor":23,"key":"Ancient Tea Set"},{"floor":24,"key":"Meat on the Bone"},{"floor":26,"key":"Whetstone"},{"floor":31,"key":"Happy Flower"},{"floor":38,"key":"Chameleon Ring"},{"floor":41,"key":"Shuriken"},{"floor":43,"key":"DemoMod:BlueGuonStone"},{"floor":44,"key":"Pen Nib"},{"floor":45,"key":"Ginger"}],"event_choices":[{"cards_removed":["Strike_G"],"damage_healed":0.0,"max_hp_gain":0.0,"max_hp_loss":0.0,"gold_gain":0.0,"event_name":"Bonfire Elementals","player_choice":"Offered Basic","floor":5.0,"gold_loss":0.0,"damage_taken":0.0},{"damage_healed":0,"gold_gain":0,"player_choice":"Left Gold","damage_taken":0,"max_hp_gain":0,"max_hp_loss":0,"event_name":"World of Goop","floor":14,"gold_loss":21},{"damage_healed":0,"gold_gain":0,"player_choice":"Obtained Relic","damage_taken":0,"relics_obtained":["vexMod:FocusSash"],"max_hp_gain":0,"max_hp_loss":0,"event_name":"Addict","floor":19,"gold_loss":85},{"cards_removed":["Strike_G"],"damage_healed":0,"gold_gain":0,"player_choice":"Elegance","damage_taken":0,"max_hp_gain":0,"max_hp_loss":0,"event_name":"Back to Basics","floor":21,"gold_loss":0},{"damage_healed":0,"gold_gain":0,"cards_transformed":["Strike_G"],"player_choice":"Transformed","damage_taken":0,"max_hp_gain":0,"max_hp_loss":0,"event_name":"Transmorgrifier","floor":37,"gold_loss":0,"cards_obtained":["Atom Bomb"]},{"damage_healed":0,"gold_gain":100,"player_choice":"Pray","damage_taken":0,"max_hp_gain":0,"max_hp_loss":0,"event_name":"Golden Shrine","floor":39,"gold_loss":0}],"is_beta":false,"boss_relics":[{"not_picked":["Abe\u0027s Treasure","testmod-Recursion"],"picked":"testmod-TimeTraveler"},{"not_picked":["Sozu","Hololive_ChaosS"],"picked":"WristBlade"}],"items_purged_floors":[0,0,47,48],"is_endless":false,"potions_floor_spawned":[2,6,13,18,23,28,30,36,45],"ascension_level":4}}