{"host":"pjb18p51534sp43l","time":1608315484,"event":{"mods":["AchievementEnabler","BaseMod","DeckTracker","Marisa£¨Ùöéë¡¡Øª×âÞÞ£©","Minty Spire (QoL Compilation)","Rare Cards Sparkle","StSLib"],"gold_per_floor":[115,135,135,208,208,242,242,261,261,304,304,304,304],"floor_reached":12,"playtime":180,"items_purged":[],"score":222,"play_id":"acc8597f-3f55-49db-ab51-f0f155502426","local_time":"20201219031804","is_ascension_mode":true,"campfire_choices":[{"data":"Dualcast","floor":7,"key":"SMITH"},{"data":"Self Repair","floor":11,"key":"SMITH"}],"circlet_count":0,"master_deck":["AscendersBane","Strike_B","Strike_B","Strike_B","Defend_B","Defend_B","Defend_B","Defend_B","Zap","Dualcast+1","Streamline","Self Repair+1","Tempest","Doom and Gloom","Defragment"],"relics":["Cracked Core","NeowsBlessing","Golden Idol","Darkstone Periapt","Pantograph","Thread and Needle"],"acts_visited":["Exordium"],"potions_floor_usage":[8],"damage_taken":[{"damage":0,"enemies":"Small Slimes","floor":1,"turns":1},{"damage":0,"enemies":"Jaw Worm","floor":2,"turns":1},{"damage":0,"enemies":"Gremlin Nob","floor":6,"turns":1},{"damage":15,"enemies":"2 Louse","floor":8,"turns":2},{"damage":20,"enemies":"Lagavulin","floor":10,"turns":6},{"damage":25,"enemies":"Gremlin Nob","floor":12,"turns":3}],"seed_played":"1888466166610899768","potions_obtained":[{"floor":1,"key":"Ancient Potion"},{"floor":2,"key":"Fruit Juice"},{"floor":8,"key":"PotionOfCapacity"}],"is_trial":false,"path_per_floor":["M","M","?","?","?","E","R","M","T","E","R","E"],"character_chosen":"DEFECT","items_purchased":[],"campfire_rested":0,"item_purchase_floors":[],"current_hp_per_floor":[64,64,40,40,40,40,40,37,37,24,24,0,0],"gold":304,"neow_bonus":"THREE_ENEMY_KILL","is_daily":false,"chose_seed":false,"campfire_upgraded":2,"win_rate":0.0,"timestamp":1608315484,"path_taken":["M","M","?","?","?","E","R","M","T","E","R","E"],"items_purchased_type":[],"build_version":"2020-12-13","purchased_purges":0,"victory":false,"max_hp_per_floor":[71,71,71,71,71,71,71,76,76,76,76,76,76],"card_choices":[{"not_picked":["Sweeping Beam","Reinforced Body"],"picked":"Streamline","floor":1},{"not_picked":["Double Energy","Sunder"],"picked":"Self Repair","floor":2},{"not_picked":["Conserve Battery","Compile Driver"],"picked":"Doom and Gloom","floor":6},{"not_picked":["Ball Lightning","Conserve Battery"],"picked":"Defragment","floor":8},{"not_picked":["Conserve Battery","Meteor Strike","Rebound"],"picked":"SKIP","floor":10}],"player_experience":57039,"relics_obtained":[{"floor":6,"key":"Darkstone Periapt"},{"floor":9,"key":"Pantograph"},{"floor":10,"key":"Thread and Needle"}],"event_choices":[{"damage_healed":0,"gold_gain":0,"player_choice":"Take Damage","damage_taken":24,"relics_obtained":["Golden Idol"],"max_hp_gain":0,"max_hp_loss":0,"event_name":"Golden Idol","floor":3,"gold_loss":0},{"damage_healed":0,"gold_gain":73,"player_choice":"Gained Gold","damage_taken":0,"max_hp_gain":0,"max_hp_loss":0,"event_name":"Golden Wing","floor":4,"gold_loss":0},{"damage_healed":0,"gold_gain":0,"cards_transformed":["Strike_B"],"player_choice":"Change","damage_taken":0,"max_hp_gain":0,"max_hp_loss":0,"event_name":"Living Wall","floor":5,"gold_loss":0,"cards_obtained":["Tempest"]}],"is_beta":false,"boss_relics":[],"items_purged_floors":[],"is_endless":false,"potions_floor_spawned":[1,2,8],"killed_by":"Gremlin Nob","ascension_level":20}}