{"host":"kiofj7470znkzgvo","time":1608280995,"event":{"mods":["2.2 Compatiblity","AchievementEnabler","BaseMod","Minty Spire (QoL Compilation)"],"gold_per_floor":[144,189,189,234,279,279,369,369,394,394,394],"floor_reached":10,"playtime":818,"items_purged":[],"score":78,"play_id":"b0f22abb-45e3-4a0c-89ce-429fa954dc4f","local_time":"20201218094315","daily_mods":["Draft","Colorless Cards","Midas"],"is_ascension_mode":false,"campfire_choices":[{"floor":6,"key":"REST"},{"floor":8,"key":"REST"}],"circlet_count":0,"master_deck":["Conclude","CrushJoints","SashWhip","ThirdEye","Nirvana","JustLucky","ReachHeaven","SignatureMove","Discovery","Evaluate","FollowUp","BowlingBash","EmptyBody","Consecrate","WindmillStrike","FearNoEvil","ThirdEye","Decay","CrushJoints","Crescendo","EmptyFist"],"relics":["PureWater","Oddly Smooth Stone","Lantern"],"acts_visited":["Exordium"],"potions_floor_usage":[10],"damage_taken":[{"damage":0,"enemies":"Small Slimes","floor":1,"turns":2},{"damage":0,"enemies":"Cultist","floor":2,"turns":3},{"damage":5,"enemies":"2 Louse","floor":4,"turns":2},{"damage":23,"enemies":"Blue Slaver","floor":5,"turns":4},{"damage":14,"enemies":"Gremlin Nob","floor":7,"turns":4},{"damage":29,"enemies":"3 Sentries","floor":10,"turns":5}],"seed_played":"4511563792049188764","potions_obtained":[{"floor":1,"key":"SpeedPotion"},{"floor":2,"key":"Dexterity Potion"}],"is_trial":false,"path_per_floor":["M","M","?","M","M","R","E","R","T","E"],"character_chosen":"WATCHER","items_purchased":[],"campfire_rested":2,"item_purchase_floors":[],"current_hp_per_floor":[72,72,72,67,44,65,51,72,72,43,43],"gold":394,"neow_bonus":"","is_daily":true,"chose_seed":false,"campfire_upgraded":0,"win_rate":0.0,"timestamp":1608280995,"path_taken":["M","M","?","M","?","R","E","R","T","E"],"items_purchased_type":[],"build_version":"2020-12-13","purchased_purges":0,"victory":false,"max_hp_per_floor":[72,72,72,72,72,72,72,72,72,72,72],"card_choices":[{"not_picked":["Vengeance","Adaptation"],"picked":"Conclude","floor":0},{"not_picked":["Weave","FlurryOfBlows"],"picked":"CrushJoints","floor":0},{"not_picked":["Crescendo","PathToVictory"],"picked":"SashWhip","floor":0},{"not_picked":["PathToVictory","Indignation"],"picked":"ThirdEye","floor":0},{"not_picked":["WheelKick","EmptyMind"],"picked":"Nirvana","floor":0},{"not_picked":["Fasting2","ThirdEye"],"picked":"JustLucky","floor":0},{"not_picked":["ClearTheMind","Evaluate"],"picked":"ReachHeaven","floor":0},{"not_picked":["EmptyFist","PathToVictory"],"picked":"SignatureMove","floor":0},{"not_picked":["SashWhip","FlurryOfBlows"],"picked":"Discovery","floor":0},{"not_picked":["JustLucky","EmptyMind"],"picked":"Evaluate","floor":0},{"not_picked":["JustLucky","ThirdEye"],"picked":"FollowUp","floor":0},{"not_picked":["EmptyFist","MentalFortress"],"picked":"BowlingBash","floor":0},{"not_picked":["FlurryOfBlows","PathToVictory"],"picked":"EmptyBody","floor":0},{"not_picked":["ThirdEye","FlurryOfBlows"],"picked":"Consecrate","floor":0},{"not_picked":["Blind","Protect"],"picked":"WindmillStrike","floor":0},{"not_picked":["SashWhip","BowlingBash"],"picked":"FearNoEvil","floor":1},{"not_picked":["Protect","BowlingBash"],"picked":"ThirdEye","floor":2},{"not_picked":["Study","Finesse"],"picked":"CrushJoints","floor":4},{"not_picked":["FearNoEvil","Panacea"],"picked":"Crescendo","floor":5},{"not_picked":["Halt","Perseverance"],"picked":"EmptyFist","floor":7}],"player_experience":105939,"relics_obtained":[{"floor":7,"key":"Oddly Smooth Stone"},{"floor":9,"key":"Lantern"}],"event_choices":[{"damage_healed":0,"gold_gain":0,"player_choice":"Cursed","damage_taken":0,"max_hp_gain":0,"max_hp_loss":0,"event_name":"Wheel of Change","floor":3,"gold_loss":0,"cards_obtained":["Decay"]}],"is_beta":false,"boss_relics":[],"items_purged_floors":[],"is_endless":false,"potions_floor_spawned":[1,2],"killed_by":"3 Sentries","ascension_level":0}}