{"host":"k5dhp0bkccqfauyu","time":1608309048,"event":{"mods":["BaseMod","Better Note","Better Skull","Better Vampires","Colored Map","Colored Powertips","DeckTracker","Minty Spire (QoL Compilation)","Permanent Neow","StSLib","SuperFastMode"],"gold_per_floor":[110,120,133,145,145,180,180,211,211,211,226,254,30,53,53,127,127,142,155,2,12,12,12,40,40,118,118,153,53,88,98,98,175,175,201,29,38,71,86,86,119,42,69,108,108,131,165,180,180,180,180,180],"floor_reached":51,"playtime":2482,"items_purged":["Distraction","Bane"],"score":1711,"play_id":"7326b15a-18f4-45e7-b150-8fda778aacd5","local_time":"20201219033047","is_ascension_mode":true,"campfire_choices":[{"data":"Die Die Die","floor":7,"key":"SMITH"},{"data":"Crippling Poison","floor":10,"key":"SMITH"},{"data":"Concentrate","floor":15,"key":"SMITH"},{"data":"Bullet Time","floor":23,"key":"SMITH"},{"data":"A Thousand Cuts","floor":25,"key":"SMITH"},{"data":"Terror","floor":27,"key":"SMITH"},{"data":"Prepared","floor":32,"key":"SMITH"},{"data":"Night Terror","floor":40,"key":"SMITH"},{"data":"Footwork","floor":45,"key":"SMITH"},{"floor":49,"key":"RECALL"}],"circlet_count":0,"master_deck":["AscendersBane","Survivor","Neutralize","Prepared+1","Crippling Poison+1","Predator+1","Terror+1","Die Die Die+1","Slice","Grand Finale","Acrobatics","Concentrate+1","Bullet Time+1","Finisher","Eviscerate","Crippling Poison","A Thousand Cuts+1","Storm of Steel","Flechettes","Deflect","Reflex","Dagger Spray+1","Leg Sweep","After Image","Blur","Adrenaline","Dodge and Roll","Night Terror+1","CurseOfTheBell","Flying Knee+1","After Image","Acrobatics+1","Concentrate+1","Footwork+1","Quick Slash+1","Phantasmal Killer"],"relics":["Runic Pyramid","Toy Ornithopter","Vajra","InkBottle","HornCleat","Lee\u0027s Waffle","Odd Mushroom","Pandora\u0027s Box","Red Mask","Ornamental Fan","Matryoshka","Bag of Marbles","Calling Bell","CeramicFish","Pear","Prayer Wheel","Oddly Smooth Stone","Bronze Scales","Kunai","Boot","Pocketwatch"],"acts_visited":["Exordium","TheCity","TheBeyond"],"potions_floor_usage":[8,24,39,46,47,50],"damage_taken":[{"damage":5,"enemies":"2 Louse","floor":1,"turns":3},{"damage":1,"enemies":"Jaw Worm","floor":2,"turns":5},{"damage":2,"enemies":"Cultist","floor":3,"turns":5},{"damage":3,"enemies":"Looter","floor":4,"turns":4},{"damage":17,"enemies":"Lagavulin","floor":6,"turns":7},{"damage":9,"enemies":"3 Sentries","floor":8,"turns":6},{"damage":0,"enemies":"Gremlin Gang","floor":11,"turns":2},{"damage":7,"enemies":"Lagavulin","floor":12,"turns":4},{"damage":2,"enemies":"The Mushroom Lair","floor":14,"turns":4},{"damage":8,"enemies":"Hexaghost","floor":16,"turns":9},{"damage":6,"enemies":"Chosen","floor":18,"turns":4},{"damage":0,"enemies":"Spheric Guardian","floor":19,"turns":3},{"damage":3,"enemies":"Centurion and Healer","floor":21,"turns":4},{"damage":2,"enemies":"Masked Bandits","floor":24,"turns":3},{"damage":3,"enemies":"Book of Stabbing","floor":28,"turns":3},{"damage":0,"enemies":"Gremlin Leader","floor":30,"turns":3},{"damage":6,"enemies":"Snake Plant","floor":31,"turns":3},{"damage":0,"enemies":"Collector","floor":33,"turns":7},{"damage":4,"enemies":"3 Darklings","floor":35,"turns":3},{"damage":0,"enemies":"3 Shapes","floor":38,"turns":4},{"damage":6,"enemies":"3 Darklings","floor":39,"turns":4},{"damage":2,"enemies":"Nemesis","floor":41,"turns":5},{"damage":6,"enemies":"Reptomancer","floor":44,"turns":5},{"damage":9,"enemies":"Jaw Worm Horde","floor":46,"turns":3},{"damage":0,"enemies":"Nemesis","floor":47,"turns":5},{"damage":9,"enemies":"4 Shapes","floor":48,"turns":4},{"damage":50,"enemies":"Time Eater","floor":50,"turns":11},{"damage":13,"enemies":"Awakened One","floor":51,"turns":4}],"seed_played":"-5350062192003235224","potions_obtained":[{"floor":4,"key":"SpeedPotion"},{"floor":6,"key":"Regen Potion"},{"floor":8,"key":"Swift Potion"},{"floor":16,"key":"AttackPotion"},{"floor":24,"key":"Explosive Potion"},{"floor":35,"key":"Dexterity Potion"},{"floor":38,"key":"PowerPotion"},{"floor":44,"key":"SteroidPotion"},{"floor":46,"key":"EntropicBrew"}],"is_trial":false,"path_per_floor":["M","M","M","M","?","E","R","E","T","R","M","E","$","?","R","B",null,"M","M","$","M","?","R","?","R","T","R","E","$","E","M","R","B",null,"M","$","?","M","M","R","E","$","T","E","R","M","E","M","R","B","B"],"character_chosen":"THE_SILENT","items_purchased":["Acrobatics","Lee\u0027s Waffle","Leg Sweep","Oddly Smooth Stone","Footwork"],"campfire_rested":0,"item_purchase_floors":[13,13,20,36,42],"current_hp_per_floor":[54,53,51,48,48,31,31,42,42,42,42,35,73,71,71,63,71,65,65,65,62,62,62,65,65,65,65,62,62,62,56,56,56,79,75,75,75,75,74,74,72,72,72,66,66,62,67,58,58,13,0,0],"gold":180,"neow_bonus":"BOSS_RELIC","is_daily":false,"chose_seed":false,"campfire_upgraded":9,"win_rate":0.0,"timestamp":1608309047,"path_taken":["M","M","M","M","?","E","R","E","T","R","M","E","$","?","R","BOSS","M","M","$","M","?","R","?","R","T","R","E","?","E","M","R","BOSS","M","?","?","M","?","R","E","$","T","E","R","M","E","M","R","BOSS","BOSS"],"items_purchased_type":["Card","Relic","Card","Relic","Card"],"build_version":"2020-12-13","purchased_purges":2,"victory":false,"max_hp_per_floor":[66,66,66,66,66,66,66,66,66,66,66,66,73,73,73,73,73,73,73,73,73,73,73,73,73,73,73,73,73,73,73,73,73,83,83,83,83,83,83,83,83,83,83,83,83,83,83,83,83,83,83,83],"card_choices":[{"not_picked":["Cloak And Dagger","Heel Hook"],"picked":"Prepared","floor":1},{"not_picked":["Choke","Flying Knee"],"picked":"Crippling Poison","floor":2},{"not_picked":["Prepared","Doppelganger"],"picked":"Predator","floor":3},{"not_picked":["Well Laid Plans","Eviscerate"],"picked":"Terror","floor":4},{"not_picked":["Choke","Well Laid Plans"],"picked":"Die Die Die","floor":6},{"not_picked":["Flying Knee","Choke"],"picked":"Slice","floor":8},{"not_picked":["Outmaneuver","Underhanded Strike","Bane"],"picked":"SKIP","floor":11},{"not_picked":["Deflect","Caltrops"],"picked":"Grand Finale","floor":12},{"not_picked":["Poisoned Stab","Outmaneuver"],"picked":"Concentrate","floor":14},{"not_picked":["Night Terror","Envenom"],"picked":"Bullet Time","floor":16},{"not_picked":["Cloak And Dagger","Acrobatics"],"picked":"Dagger Spray+1","floor":18},{"not_picked":["Quick Slash","Deadly Poison","Sucker Punch"],"picked":"SKIP","floor":19},{"not_picked":["Blur","Infinite Blades"],"picked":"After Image","floor":21},{"not_picked":["Infinite Blades","All Out Attack"],"picked":"Blur","floor":24},{"not_picked":["Acrobatics","Calculated Gamble"],"picked":"Adrenaline","floor":28},{"not_picked":["Blade Dance","Riddle With Holes"],"picked":"Dodge and Roll","floor":30},{"not_picked":["Quick Slash","Terror","Expertise"],"picked":"SKIP","floor":31},{"not_picked":["Grand Finale","Corpse Explosion"],"picked":"Night Terror","floor":33},{"not_picked":["Bane","Dodge and Roll"],"picked":"Flying Knee+1","floor":35},{"not_picked":["Bane","Cloak And Dagger","Predator"],"picked":"SKIP","floor":35},{"not_picked":["Endless Agony","Tactician"],"picked":"Acrobatics+1","floor":38},{"not_picked":["Bane","Caltrops"],"picked":"Concentrate+1","floor":38},{"not_picked":["Flechettes","Blade Dance","Deflect"],"picked":"SKIP","floor":39},{"not_picked":["Bane","Dagger Spray","Riddle With Holes+1"],"picked":"SKIP","floor":39},{"not_picked":["Bouncing Flask","Poisoned Stab+1","Riddle With Holes+1"],"picked":"SKIP","floor":41},{"not_picked":["Bouncing Flask","Poisoned Stab+1","Riddle With Holes+1"],"picked":"SKIP","floor":41},{"not_picked":["Backflip","Flying Knee"],"picked":"Quick Slash+1","floor":44},{"not_picked":["Distraction","Poisoned Stab+1"],"picked":"Phantasmal Killer","floor":46},{"not_picked":["Reflex","Quick Slash","Dagger Spray+1"],"picked":"SKIP","floor":46},{"not_picked":["Slice","Riddle With Holes+1","Dash"],"picked":"SKIP","floor":47},{"not_picked":["Infinite Blades","Underhanded Strike+1","PiercingWail"],"picked":"SKIP","floor":48},{"not_picked":["Quick Slash","Poisoned Stab","All Out Attack+1"],"picked":"SKIP","floor":48}],"player_experience":1779648,"relics_obtained":[{"floor":6,"key":"Toy Ornithopter"},{"floor":8,"key":"Vajra"},{"floor":9,"key":"InkBottle"},{"floor":12,"key":"HornCleat"},{"floor":14,"key":"Odd Mushroom"},{"floor":24,"key":"Red Mask"},{"floor":26,"key":"Ornamental Fan"},{"floor":28,"key":"Matryoshka"},{"floor":30,"key":"Bag of Marbles"},{"floor":34,"key":"CeramicFish"},{"floor":34,"key":"Pear"},{"floor":34,"key":"Prayer Wheel"},{"floor":41,"key":"Bronze Scales"},{"floor":43,"key":"Kunai"},{"floor":44,"key":"Boot"},{"floor":47,"key":"Pocketwatch"}],"event_choices":[{"damage_healed":0,"gold_gain":0,"player_choice":"Grow","damage_taken":0,"max_hp_gain":0,"max_hp_loss":0,"event_name":"Living Wall","floor":5,"gold_loss":0,"cards_upgraded":["Predator"]},{"damage_healed":0,"gold_gain":0,"player_choice":"Fought Mushrooms","damage_taken":0,"max_hp_gain":0,"max_hp_loss":0,"event_name":"Mushrooms","floor":14,"gold_loss":0},{"damage_healed":0,"gold_gain":0,"player_choice":"Ignored","damage_taken":0,"max_hp_gain":0,"max_hp_loss":0,"event_name":"Vampires","floor":22,"gold_loss":0},{"damage_healed":0,"gold_gain":0,"player_choice":"Fought Bandits","damage_taken":0,"max_hp_gain":0,"max_hp_loss":0,"event_name":"Masked Bandits","floor":24,"gold_loss":0},{"damage_healed":0,"gold_gain":0,"player_choice":"Copied","damage_taken":0,"max_hp_gain":0,"max_hp_loss":0,"event_name":"Duplicator","floor":37,"gold_loss":0,"cards_obtained":["After Image"]}],"is_beta":false,"boss_relics":[{"not_picked":["HoveringKite","SacredBark"],"picked":"Pandora\u0027s Box"},{"not_picked":["WristBlade","Astrolabe"],"picked":"Calling Bell"}],"items_purged_floors":[20,29],"is_endless":false,"potions_floor_spawned":[4,6,8,12,16,21,24,30,35,38,44,46],"killed_by":"Awakened One","ascension_level":20}}