{"host":"gkm149kh1ihaqy0o","time":1608326662,"event":{"mods":["AchievementEnabler","BaseMod","Colored Powertips","Googly Eyes","Key Reminder","Minty Spire (QoL Compilation)","Permanent Neow","Quick Restart","Random Character Button","Rare Cards Sparkle","Relic Sorter","Relic Stats","SuperFastMode","Unceasing Turn Reminder","everything is the same but u backflip on backflip"],"gold_per_floor":[111,125,136,33,33,33,67,67,118,132,6,25,53,53,53,127,127,127,127,127,127,127,127,127,71,71,71,71,71,71,71,71,71,71,71,71,0,0,0,0,0,0,0,0,0,0,0,0,0],"floor_reached":48,"playtime":2206,"items_purged":["Strike_R","Strike_R"],"score":1292,"play_id":"9b80880b-d6b8-415f-bedf-1768bdca1a5f","local_time":"20201218152422","is_ascension_mode":true,"campfire_choices":[{"data":"Corruption","floor":6,"key":"SMITH"},{"data":"Clothesline","floor":8,"key":"SMITH"},{"floor":15,"key":"REST"},{"data":"Armaments","floor":23,"key":"SMITH"},{"data":"Armaments","floor":28,"key":"SMITH"},{"data":"Dark Embrace","floor":30,"key":"SMITH"},{"data":"Feel No Pain","floor":32,"key":"SMITH"},{"floor":41,"key":"REST"},{"data":"Armaments","floor":44,"key":"SMITH"}],"circlet_count":0,"master_deck":["AscendersBane","Strike_R","Strike_R","Strike_R","Defend_R","Defend_R","Defend_R","Defend_R","Bash","Corruption+1","Feel No Pain+1","Inflame","Hemokinesis","Clothesline+1","Battle Trance","Armaments+1","Havoc","Armaments+1","Offering","Havoc+1","Heavy Blade","Second Wind","Immolate","Shockwave","Shrug It Off","Shockwave+1","Dark Embrace+1","Limit Break","Warcry","Wild Strike","Writhe","Evolve+1","Armaments+1","Heavy Blade+1","Pommel Strike+1","Immolate+1"],"relics":["Burning Blood","Bag of Preparation","Bag of Marbles","Thread and Needle","Ectoplasm","Anchor","Du-Vu Doll","Letter Opener","Snecko Eye","Red Mask","Pantograph","Boot","Molten Egg 2"],"acts_visited":["Exordium","TheCity","TheBeyond"],"potions_floor_usage":[7,10,16,21,24,31,31,45,45],"damage_taken":[{"damage":6,"enemies":"Jaw Worm","floor":1,"turns":5},{"damage":9,"enemies":"2 Louse","floor":2,"turns":4},{"damage":7,"enemies":"Cultist","floor":3,"turns":4},{"damage":18,"enemies":"3 Sentries","floor":7,"turns":14},{"damage":7,"enemies":"Gremlin Gang","floor":10,"turns":5},{"damage":7,"enemies":"3 Louse","floor":12,"turns":3},{"damage":21,"enemies":"Gremlin Nob","floor":13,"turns":4},{"damage":26,"enemies":"Hexaghost","floor":16,"turns":10},{"damage":2,"enemies":"Chosen","floor":18,"turns":4},{"damage":10,"enemies":"Shell Parasite","floor":19,"turns":3},{"damage":10,"enemies":"Snake Plant","floor":21,"turns":3},{"damage":11,"enemies":"Shelled Parasite and Fungi","floor":22,"turns":4},{"damage":6,"enemies":"Gremlin Leader","floor":24,"turns":6},{"damage":2,"enemies":"Cultist and Chosen","floor":27,"turns":3},{"damage":8,"enemies":"Snake Plant","floor":29,"turns":3},{"damage":6,"enemies":"Slavers","floor":31,"turns":2},{"damage":54,"enemies":"Champ","floor":33,"turns":10},{"damage":19,"enemies":"3 Shapes","floor":35,"turns":4},{"damage":23,"enemies":"3 Darklings","floor":36,"turns":3},{"damage":0,"enemies":"Writhing Mass","floor":39,"turns":4},{"damage":6,"enemies":"Giant Head","floor":40,"turns":3},{"damage":30,"enemies":"Nemesis","floor":45,"turns":8},{"damage":14,"enemies":"Jaw Worm Horde","floor":46,"turns":3},{"damage":33,"enemies":"3 Darklings","floor":47,"turns":3},{"damage":10,"enemies":"Writhing Mass","floor":48,"turns":2}],"seed_played":"-1030573326327712908","potions_obtained":[{"floor":3,"key":"SkillPotion"},{"floor":7,"key":"Fire Potion"},{"floor":13,"key":"LiquidMemories"},{"floor":19,"key":"Fire Potion"},{"floor":20,"key":"DistilledChaos"},{"floor":20,"key":"Energy Potion"},{"floor":21,"key":"HeartOfIron"},{"floor":22,"key":"AttackPotion"},{"floor":29,"key":"DistilledChaos"},{"floor":33,"key":"ColorlessPotion"},{"floor":36,"key":"SkillPotion"},{"floor":47,"key":"LiquidBronze"}],"is_trial":false,"path_per_floor":["M","M","M","$","?","R","E","R","T","M","$","M","E","?","R","B",null,"M","M","?","M","M","R","E","$","T","M","R","M","R","E","R","B",null,"M","M","?","?","M","E","R","?","T","R","E","M","M","M"],"character_chosen":"IRONCLAD","items_purchased":["Clash","Armaments","Shrug It Off"],"campfire_rested":2,"item_purchase_floors":[4,11,25],"current_hp_per_floor":[68,65,64,64,69,69,57,57,57,56,56,55,40,40,61,41,65,69,65,65,61,56,56,56,56,56,60,60,58,58,58,58,10,57,44,27,27,42,48,48,69,69,69,69,45,37,10,0,0],"gold":0,"neow_bonus":"THREE_RARE_CARDS","is_daily":false,"chose_seed":false,"campfire_upgraded":7,"win_rate":0.0,"timestamp":1608326662,"path_taken":["M","M","M","$","?","R","E","R","T","M","$","M","E","?","R","BOSS","M","M","?","?","M","R","E","$","T","M","R","?","R","E","R","BOSS","M","M","?","?","M","E","R","?","T","R","E","?","M","M"],"items_purchased_type":["Card","Card","Card"],"build_version":"2020-12-13","purchased_purges":2,"victory":false,"max_hp_per_floor":[68,68,68,68,73,73,73,73,73,73,73,73,73,73,73,73,73,73,73,73,73,73,73,73,73,73,73,73,73,73,73,73,73,73,73,73,73,73,73,73,73,73,73,73,73,73,73,73,73],"relic_stats":{"counters":[25,117],"Pantograph":0,"Snecko Eye":[79,63,77,67],"Ectoplasm":393,"Bag of Preparation":[42],"Letter Opener":[107],"Boot":[26],"obtain_stats":[{"Thread and Needle":13,"Bag of Preparation":7,"Letter Opener":31,"Boot":43,"Burning Blood":0,"Du-Vu Doll":26,"Anchor":24,"Pantograph":40,"Snecko Eye":34,"Molten Egg 2":45,"Ectoplasm":17,"Bag of Marbles":9,"Red Mask":37},{"Thread and Needle":7,"Bag of Preparation":4,"Letter Opener":16,"Boot":21,"Burning Blood":0,"Du-Vu Doll":13,"Anchor":13,"Pantograph":21,"Snecko Eye":17,"Molten Egg 2":22,"Ectoplasm":8,"Bag of Marbles":4,"Red Mask":19},{"Thread and Needle":39,"Bag of Preparation":27,"Letter Opener":77,"Boot":101,"Burning Blood":0,"Du-Vu Doll":69,"Anchor":69,"Pantograph":101,"Snecko Eye":87,"Molten Egg 2":109,"Ectoplasm":49,"Bag of Marbles":27,"Red Mask":94}],"Burning Blood":144},"card_choices":[{"not_picked":["Reaper","Bludgeon"],"picked":"Corruption","floor":0},{"not_picked":["Wild Strike","Clash"],"picked":"Feel No Pain","floor":1},{"not_picked":["Warcry","Headbutt"],"picked":"Inflame","floor":2},{"not_picked":["Headbutt","Clothesline"],"picked":"Hemokinesis","floor":3},{"not_picked":["Iron Wave","Pommel Strike"],"picked":"Clothesline","floor":7},{"not_picked":["Rage","Warcry"],"picked":"Battle Trance","floor":10},{"not_picked":["Twin Strike","Cleave"],"picked":"Havoc","floor":12},{"not_picked":["Battle Trance","Reckless Charge"],"picked":"Armaments","floor":13},{"not_picked":["Fiend Fire","Demon Form"],"picked":"Offering","floor":16},{"not_picked":["Clash","Flex"],"picked":"Havoc+1","floor":18},{"not_picked":["Entrench","Reckless Charge"],"picked":"Heavy Blade","floor":19},{"not_picked":["Twin Strike","Perfected Strike"],"picked":"Second Wind","floor":21},{"not_picked":["Headbutt","Anger"],"picked":"Immolate","floor":22},{"not_picked":["True Grit+1","Exhume"],"picked":"Shockwave","floor":24},{"not_picked":["Body Slam","Clash+1"],"picked":"Shockwave+1","floor":27},{"not_picked":["Metallicize","Clothesline"],"picked":"Dark Embrace","floor":29},{"not_picked":["Bloodletting","Searing Blow","Twin Strike"],"picked":"SKIP","floor":31},{"not_picked":["Fiend Fire","Immolate"],"picked":"Limit Break","floor":33},{"not_picked":["Blood for Blood+1","Body Slam"],"picked":"Warcry","floor":35},{"not_picked":["Headbutt","Hemokinesis+1"],"picked":"Wild Strike","floor":36},{"not_picked":["Dual Wield","Spot Weakness"],"picked":"Evolve+1","floor":39},{"not_picked":["Combust","Hemokinesis"],"picked":"Armaments","floor":40},{"not_picked":["Evolve","Anger+1"],"picked":"Heavy Blade+1","floor":45},{"not_picked":["Clash+1","Intimidate"],"picked":"Pommel Strike+1","floor":46},{"not_picked":["Warcry","True Grit+1"],"picked":"Immolate+1","floor":47}],"player_experience":585380,"relics_obtained":[{"floor":7,"key":"Bag of Preparation"},{"floor":9,"key":"Bag of Marbles"},{"floor":13,"key":"Thread and Needle"},{"floor":24,"key":"Anchor"},{"floor":26,"key":"Du-Vu Doll"},{"floor":31,"key":"Letter Opener"},{"floor":40,"key":"Pantograph"},{"floor":43,"key":"Boot"},{"floor":45,"key":"Molten Egg 2"}],"event_choices":[{"damage_healed":0,"gold_gain":0,"player_choice":"Donut","damage_taken":0,"max_hp_gain":5,"max_hp_loss":0,"event_name":"Big Fish","floor":5,"gold_loss":0},{"damage_healed":0,"gold_gain":0,"player_choice":"Ignored","damage_taken":0,"max_hp_gain":0,"max_hp_loss":0,"event_name":"Liars Game","floor":14,"gold_loss":0},{"damage_healed":0,"gold_gain":0,"player_choice":"Got Potions","damage_taken":0,"max_hp_gain":0,"max_hp_loss":0,"event_name":"Lab","floor":20,"gold_loss":0},{"damage_healed":0,"gold_gain":0,"player_choice":"Paid","damage_taken":0,"relics_obtained":["Red Mask"],"max_hp_gain":0,"max_hp_loss":0,"event_name":"Tomb of Lord Red Mask","floor":37,"gold_loss":71},{"damage_healed":15,"gold_gain":0,"player_choice":"Writhe","damage_taken":0,"max_hp_gain":0,"max_hp_loss":0,"event_name":"Winding Halls","floor":38,"gold_loss":0,"cards_obtained":["Writhe"]},{"cards_removed":["Clash"],"damage_healed":0,"gold_gain":0,"player_choice":"Removed Attack","damage_taken":0,"max_hp_gain":0,"max_hp_loss":0,"event_name":"Falling","floor":42,"gold_loss":0}],"is_beta":false,"boss_relics":[{"not_picked":["Busted Crown","Tiny House"],"picked":"Ectoplasm"},{"not_picked":["Runic Cube","SacredBark"],"picked":"Snecko Eye"}],"items_purged_floors":[4,11],"is_endless":false,"potions_floor_spawned":[3,7,13,19,21,22,29,33,36,47],"killed_by":"Writhing Mass","ascension_level":18}}