{"host":"99ad87xtd5ypi7ii","time":1608261217,"event":{"mods":["BaseMod","Hermit","Highlight Path","Marisa????????","Minty Spire (QoL Compilation)","Robot Space Explorer","StSLib","The Bladedancer","The Construct","The Cursed","The Disciple","The Gatherer","The Hierophant","The Runesmith","The Servant 0.9.4","TheVacant"],"gold_per_floor":[83,85,85,185,174,166,184,184,210,222,231,235,1,13,13,104,104,121,121,135,135,143,152,170,170,170,185,185,110,110,130,130,110,110],"floor_reached":33,"playtime":2976,"items_purged":["hierophant:Strike_Hierophant"],"score":314,"play_id":"0cd896b7-df81-4488-855a-3566fc72d3a3","local_time":"20201218041337","is_ascension_mode":false,"campfire_choices":[{"floor":8,"key":"REST"},{"data":"hierophant:Doomsaying","floor":10,"key":"SMITH"},{"floor":15,"key":"REST"},{"floor":25,"key":"REST"},{"floor":28,"key":"REST"},{"floor":30,"key":"REST"},{"floor":32,"key":"REST"}],"circlet_count":0,"master_deck":["hierophant:Strike_Hierophant","hierophant:Punish","hierophant:Defend_Hierophant+1","hierophant:Defend_Hierophant+1","hierophant:Defend_Hierophant","hierophant:Defend_Hierophant","hierophant:ChurchCoffers","hierophant:Doomsaying+1","hierophant:Martyrdom","hierophant:ThreeLashes","hierophant:Prophecy","hierophant:ArchangelShield","hierophant:Glossolalia","Apotheosis","hierophant:RepressedViolence","hierophant:LocustPlague","CurseOfTheBell","hierophant:Patience","hierophant:ThreeLashes","hierophant:ThreeLashes","hierophant:FaithHealing+1","hierophant:Doomsaying","hierophant:ThreeLashes","hierophant:Upheaval"],"relics":["hierophant:PropheticMaskRelic","Boot","MawBank","Calling Bell","Anchor","Blue Candle","Lizard Tail","Dream Catcher","Nunchaku","Gremlin Horn","Art of War"],"acts_visited":["Exordium","TheCity"],"potions_floor_usage":[6,7,11,33],"damage_taken":[{"damage":0,"enemies":"Small Slimes","floor":1,"turns":4},{"damage":6,"enemies":"Jaw Worm","floor":2,"turns":3},{"damage":1,"enemies":"Cultist","floor":5,"turns":3},{"damage":35,"enemies":"Gremlin Nob","floor":6,"turns":5},{"damage":0,"enemies":"Exordium Thugs","floor":7,"turns":1},{"damage":0,"enemies":"Blue Slaver","floor":11,"turns":4},{"damage":7,"enemies":"3 Louse","floor":12,"turns":3},{"damage":6,"enemies":"Large Slime","floor":14,"turns":5},{"damage":25,"enemies":"Hexaghost","floor":16,"turns":10},{"damage":15,"enemies":"Spheric Guardian","floor":18,"turns":4},{"damage":7,"enemies":"Chosen","floor":20,"turns":6},{"damage":5,"enemies":"Centurion and Healer","floor":22,"turns":5},{"damage":55,"enemies":"Slavers","floor":23,"turns":7},{"damage":17,"enemies":"Snake Plant","floor":24,"turns":5},{"damage":23,"enemies":"Snecko","floor":27,"turns":5},{"damage":48,"enemies":"Gremlin Leader","floor":31,"turns":9},{"damage":42,"enemies":"Champ","floor":33,"turns":10}],"seed_played":"-5564847405855698498","potions_obtained":[{"floor":1,"key":"EssenceOfSteel"},{"floor":6,"key":"Explosive Potion"},{"floor":7,"key":"construct:ShiftPotion"},{"floor":22,"key":"SmokeBomb"},{"floor":23,"key":"EssenceOfSteel"},{"floor":27,"key":"Fire Potion"}],"is_trial":false,"path_per_floor":["M","M","?","?","M","E","M","R","T","R","M","M","$","M","R","B",null,"M","?","M","?","M","E","M","R","T","M","R","?","R","E","R","B"],"character_chosen":"HIEROPHANT","items_purchased":["Apotheosis"],"campfire_rested":6,"item_purchase_floors":[13],"current_hp_per_floor":[75,69,54,54,53,18,18,40,40,40,40,33,33,27,49,24,75,60,60,53,53,48,37,20,42,42,19,41,41,63,15,37,0,0],"gold":110,"neow_bonus":"REMOVE_CARD","is_daily":false,"chose_seed":false,"campfire_upgraded":1,"win_rate":0.0,"timestamp":1608261217,"path_taken":["M","M","?","?","M","E","M","R","T","R","M","?","?","M","R","BOSS","M","?","M","?","M","E","?","R","T","M","R","?","R","E","R","BOSS"],"items_purchased_type":["Card"],"build_version":"2020-12-13","purchased_purges":1,"victory":false,"max_hp_per_floor":[75,75,75,75,75,75,75,75,75,75,75,75,75,75,75,75,75,75,75,75,75,75,75,75,75,75,75,75,75,75,75,75,75,75],"card_choices":[{"not_picked":["hierophant:FaithHealing","hierophant:CursedGold"],"picked":"hierophant:Doomsaying","floor":1},{"not_picked":["hierophant:HammerAndAnvil","hierophant:AuricBeam"],"picked":"hierophant:Martyrdom","floor":2},{"not_picked":["hierophant:EyeForCoin","hierophant:PassingBell","hierophant:RustyCrate"],"picked":"SKIP","floor":5},{"not_picked":["hierophant:Dazzle","hierophant:Refuge"],"picked":"hierophant:ThreeLashes","floor":6},{"not_picked":["hierophant:RustyCrate","hierophant:Purify"],"picked":"hierophant:Prophecy","floor":7},{"not_picked":["hierophant:SolarFlare","hierophant:PassingBell"],"picked":"hierophant:ArchangelShield","floor":11},{"not_picked":["hierophant:Upheaval","hierophant:ConvertCurrency"],"picked":"hierophant:Glossolalia","floor":12},{"not_picked":["hierophant:Shelter","hierophant:RecallFunds"],"picked":"hierophant:RepressedViolence","floor":14},{"not_picked":["hierophant:DeathKnell","hierophant:BulkyChest"],"picked":"hierophant:LocustPlague","floor":16},{"not_picked":["hierophant:AuricBeam","hierophant:Glossolalia"],"picked":"hierophant:Patience","floor":18},{"not_picked":["hierophant:Shelter+1","hierophant:OrnateBuckler+1","hierophant:Purify"],"picked":"SKIP","floor":20},{"not_picked":["hierophant:HolyVerse+1","hierophant:Purify+1","hierophant:PassingBell"],"picked":"SKIP","floor":22},{"not_picked":["hierophant:TollTheBells+1","hierophant:Sermon"],"picked":"hierophant:ThreeLashes","floor":23},{"not_picked":["hierophant:AuricForm","hierophant:RepressedViolence","hierophant:PassingBell"],"picked":"SKIP","floor":24},{"not_picked":["hierophant:ThreeLashes","hierophant:Encroach"],"picked":"hierophant:FaithHealing+1","floor":25},{"not_picked":["hierophant:SolarFlare","hierophant:DisplayOfPower","hierophant:RustyCrate"],"picked":"SKIP","floor":27},{"not_picked":["hierophant:FlamingChariot","hierophant:Community"],"picked":"hierophant:Doomsaying","floor":28},{"not_picked":["hierophant:SolarFlare","hierophant:Charity"],"picked":"hierophant:ThreeLashes","floor":30},{"not_picked":["hierophant:Shelter","hierophant:Mercenaries"],"picked":"hierophant:Upheaval","floor":31}],"player_experience":774252,"relics_obtained":[{"floor":6,"key":"Boot"},{"floor":9,"key":"MawBank"},{"floor":17,"key":"Anchor"},{"floor":17,"key":"Blue Candle"},{"floor":17,"key":"Lizard Tail"},{"floor":23,"key":"Nunchaku"},{"floor":26,"key":"Gremlin Horn"},{"floor":31,"key":"Art of War"}],"event_choices":[{"damage_healed":0,"gold_gain":0,"player_choice":"Entered Light","damage_taken":15,"max_hp_gain":0,"max_hp_loss":0,"event_name":"Shining Light","floor":3,"gold_loss":0,"cards_upgraded":["hierophant:Defend_Hierophant","hierophant:Defend_Hierophant"]},{"damage_healed":0,"gold_gain":100,"player_choice":"Pray","damage_taken":0,"max_hp_gain":0,"max_hp_loss":0,"event_name":"Golden Shrine","floor":4,"gold_loss":0},{"damage_healed":0,"gold_gain":0,"player_choice":"Opened","damage_taken":0,"relics_obtained":["Dream Catcher"],"max_hp_gain":0,"max_hp_loss":0,"event_name":"The Mausoleum","floor":19,"gold_loss":0},{"damage_healed":0,"gold_gain":0,"player_choice":"Read","damage_taken":0,"max_hp_gain":0,"max_hp_loss":0,"event_name":"The Library","floor":21,"gold_loss":0,"cards_obtained":["hierophant:ThreeLashes"]},{"cards_removed":["hierophant:Strike_Hierophant"],"damage_healed":0,"gold_gain":0,"player_choice":"Gave Gold","damage_taken":0,"max_hp_gain":0,"max_hp_loss":0,"event_name":"Beggar","floor":29,"gold_loss":75}],"is_beta":false,"boss_relics":[{"not_picked":["Runesmith:UraniumAnvil","Coffee Dripper"],"picked":"Calling Bell"}],"items_purged_floors":[13],"is_endless":false,"potions_floor_spawned":[1,6,7,22,23,27],"killed_by":"Champ","ascension_level":0}}