{"host":"n2kcse4gu4kap8to","time":1608309824,"event":{"mods":["Act Like it!","Aspiration","BaseMod","Conspire","Dota2Spire","Minty Spire (QoL Compilation)","Pale of the Ancients","Replay The Spire","Spicy Shops","StSLib","TestMod","The Bug Knight","The Cursed","The Gatherer","[IsaacMod]以撒尖塔","vexMod","【遗物卡牌】REMEMod"],"gold_per_floor":[114,34,49,99,99,129,129,144,169,184,184,184,199,49,49,149,149,164,179,194,209,259,289,289,319,344,374,374,381,381,480,480,580,580,628,628,628,733,58,130,130,178,178,229,274,292,340,370,370,591,624,678,708,668,296,305,347,356,72,92,92,92,106,26,61,61,87,161,192,223,231,264,297,297,303,107],"floor_reached":52,"playtime":3380,"items_purged":["Hallucinations","Looming Evil"],"score":2383,"play_id":"cf35920a-9afb-4393-aacf-0afccf7202f9","local_time":"20201219004344","daily_mods":["SealedDeck","ControlledChaos","Terminal"],"is_ascension_mode":false,"campfire_choices":[{"data":"Double Energy","floor":7.0,"key":"SMITH"},{"data":"Sunder","floor":15.0,"key":"SMITH"},{"data":"ReplayTheSpireMod:Fabricate Wheel","floor":24.0,"key":"SMITH"},{"data":"ElectricPowerLearning","floor":28.0,"key":"SMITH"},{"data":"ReplayTheSpireMod:Omega Cannon","floor":30.0,"key":"SMITH"},{"data":"Reinforced Body","floor":32.0,"key":"SMITH"},{"data":"Apotheosis","floor":33.0,"key":"SMITH"},{"data":"Madness","floor":35.0,"key":"SMITH"},{"data":"testmod-PainDetonator","floor":41,"key":"SMITH"},{"floor":49,"key":"DIG"}],"circlet_count":0,"master_deck":["Adrenaline+1","Defragment+1","Beam Cell+1","Streamline+1","Turbo+1","Sunder+1","Double Energy+1","Ball Lightning","Lockon+1","Conserve Battery","Core Surge+1","Pot Of Greed","ElectricPowerLearning+1","CurseOfTheBell","Reinforced Body+1","ReplayTheSpireMod:Reroute Power+1","ReplayTheSpireMod:Omega Cannon+1","BasicCrystalCard+1","Thunder Strike","Echo Form","Secret Technique","Conserve Battery+1","Pot Of Greed","Time Bomb+1","Pulse","All For One","Skim","Electrodynamics","Madness","Madness+1","Amplify","Panic Button","Flash of Steel","Finesse+1","Go for the Eyes+1","Pot Of Greed","Apotheosis+1","Machine Learning","testmod-PainDetonator+1","testmod-ChaoticCore+1","White Noise","FIFO Queue","Amplify"],"relics":["Cracked Core","Frozen Eye","REME_ComplimentaryCards","testmod-TestBox","HushsDoor","BookofShadows","testmod-TurbochargingSystem","MoneyPower","HollowMod:LifeEnderRelic","Dota2Spire:ShadowBlade","Mango","White Beast Statue","TheBean","ReplayTheSpireMod:Ring of Challenge","Ring of Hypnosis","Grinning Jar","Calling Bell","Replay:Wax Seal","Pantograph","Durian","Damocles","Mirror","Divine Protection","Pet Ghost","aspiration:FrozenJewel","StrikeDummy","BookOfRevelations","Centennial Puzzle","Dota2Spire:DrumOfEndurance","ReplayTheSpireMod:Lightbulb","Prayer Wheel","Tiny Chest","aspiration:FaultyCoupler","aspiration:EnhancedActuators","Eternal Feather","Gremlin Horn","Leech","Garlic","ChampionBelt","Damocles","GuppysTail","HollowMod:PaleOreRelic","CeramicFish","REME_ArchaeologicalTools","Cables","Dota2Spire:ArcaneBoots","SteamSale","vexMod:Cooldron","ReplayTheSpireMod:Ninjato","HornCleat","Bronze Scales","testmod-EqualTreatment","testmod-ObsoleteBoomerang","aspiration:ArtOfWarUpgrade","aspiration:ChemicalBlood","Prayer Wheel","ReplayTheSpireMod:TigerMarble","Whetstone","aspiration:HiddenCompartment","Dota2Spire:Desolator","Dota2Spire:BattleFury","conspire:BottledYoYo","PreservedInsect","Ancient Tea Set","Potion Belt","Replay:Antivirus Software","Orichalcum","aspiration:Lifesprig","HowToJump","vexMod:RedPlottingStone","Replay:PocketPolymizer","War Paint","paleoftheancients:Timepiece","Letter Opener","CultistMask","aspiration:SeaSaltIceCream","aspiration:Nostalgia","Gatherer:AlchemyBag","Blue Doll","conspire:Dentures","paleoftheancients:SoulOfTheThorton","Geode","ReplayFunnel","Replay:Kaleidoscope","paleoftheancients:BlurryLens","REME_CardOfGreed","testmod-Antiphasic","Dota2Spire:MaskOfMadness","conspire:TopHat","Dota2Spire:PhaseBoots","Mummified Hand","testmod-Charity","testmod-Justice","Snack Pack","DeathBook","testmod-InjuryResistance","ReplayTheSpireMod:CursedCoin","Dota2Spire:MonkeyKingBar","Molten Egg 2","Onion Ring","testmod-Hope","SteamSale","The Courier","testmod-LifeArmor","Anchor","TheBible","ReplayTheSpireMod:Shallot","Dota2Spire:Dagon","Dota2Spire:Vanguard","vexMod:FocusSash","GnawedLeaf","Dota2Spire:BladeMail","Bag of Marbles","Bag of Preparation","Blood Vial","testmod-OneHitWonder","Replay:Mystery Machine","Replay:Rubber Ducky","YumHeart","Replay:Multitool","BlankCard"],"acts_visited":["Exordium","TheCity","TheBeyond","paleoftheancients:PaleOfTheAncients"],"potions_floor_usage":[],"damage_taken":[{"damage":6.0,"enemies":"Jaw Worm","floor":1.0,"turns":2.0},{"damage":0.0,"enemies":"Cultist","floor":3.0,"turns":2.0},{"damage":8.0,"enemies":"Hiden Room Battle","floor":4.0,"turns":3.0},{"damage":4.0,"enemies":"3 Sentries","floor":6.0,"turns":3.0},{"damage":0.0,"enemies":"Small Slimes","floor":8.0,"turns":2.0},{"damage":0.0,"enemies":"2 Fungi Beasts","floor":10.0,"turns":1.0},{"damage":0.0,"enemies":"3 Louse","floor":13.0,"turns":2.0},{"damage":0.0,"enemies":"Fading Forest","floor":16.0,"turns":11.0},{"damage":0.0,"enemies":"Spheric Guardian","floor":18.0,"turns":2.0},{"damage":0.0,"enemies":"Chosen","floor":19.0,"turns":3.0},{"damage":0.0,"enemies":"conspire:HollyBat","floor":20.0,"turns":5.0},{"damage":0.0,"enemies":"3 Cultists","floor":21.0,"turns":4.0},{"damage":5.0,"enemies":"Hiden Room Battle","floor":22.0,"turns":3.0},{"damage":0.0,"enemies":"HollowMod:Nosk","floor":23.0,"turns":5.0},{"damage":0.0,"enemies":"REME_1_Revenger","floor":25.0,"turns":3.0},{"damage":5.0,"enemies":"HollowMod:Nosk","floor":27.0,"turns":4.0},{"damage":0.0,"enemies":"conspire:MimicChest","floor":29.0,"turns":3.0},{"damage":0.0,"enemies":"Collector","floor":33.0,"turns":7.0},{"damage":0.0,"enemies":"Giant Head","floor":35.0,"turns":4.0},{"damage":0.0,"enemies":"3 Darklings","floor":38.0,"turns":3.0},{"damage":0.0,"enemies":"Nemesis","floor":40.0,"turns":3.0},{"damage":0.0,"enemies":"Reptomancer","floor":42.0,"turns":2.0},{"damage":0.0,"enemies":"Giant Head","floor":44.0,"turns":3.0},{"damage":0.0,"enemies":"HollowMod:StalkingDevout","floor":45.0,"turns":1.0},{"damage":0.0,"enemies":"Giant Head","floor":47.0,"turns":3.0},{"damage":6.0,"enemies":"3 Shapes","floor":48.0,"turns":1.0},{"damage":0.0,"enemies":"conspire:OrnateMirror","floor":50.0,"turns":1.0},{"damage":0.0,"enemies":"Awakened One","floor":51.0,"turns":3.0},{"damage":0.0,"enemies":"paleoftheancients:Thorton3","floor":52.0,"turns":1.0},{"damage":0.0,"enemies":"paleoftheancients:BASlime2","floor":53.0,"turns":1.0},{"damage":0.0,"enemies":"paleoftheancients:BASlime1","floor":34.0,"turns":1.0},{"damage":0.0,"enemies":"3 Darklings","floor":35.0,"turns":1.0},{"damage":0,"enemies":"3 Shapes","floor":39,"turns":1},{"damage":0,"enemies":"Nemesis","floor":40,"turns":1},{"damage":0,"enemies":"3 Darklings","floor":42,"turns":1},{"damage":0,"enemies":"R_Hoarder","floor":44,"turns":1},{"damage":0,"enemies":"Reptomancer","floor":45,"turns":1},{"damage":0,"enemies":"Nemesis","floor":47,"turns":1},{"damage":0,"enemies":"Reptomancer","floor":48,"turns":1},{"damage":0,"enemies":"Replay:Hell Engine","floor":50,"turns":1},{"damage":0,"enemies":"Awakened One","floor":51,"turns":2}],"seed_played":"4580661739168851385","potions_obtained":[{"floor":6.0,"key":"Regen Potion"},{"floor":8.0,"key":"ColorlessPotion"},{"floor":10.0,"key":"Adrenaline Potion"},{"floor":16.0,"key":"Dota2Spire:Clarity"},{"floor":18.0,"key":"Strength Potion"},{"floor":33.0,"key":"Ancient Potion"},{"floor":48.0,"key":"EntropicBrew"},{"floor":31.0,"key":"testmod-TimePotion"}],"is_trial":false,"path_per_floor":["M","$","M","?","?","E","R","M","T","M","?","?","M","$","R","B",null,"M","M","M","M","?","E","R","E","T","E","R","?","R","?","R","B",null,"M","?","T","M","$","E","R","E","T","M","E","?","E","M","R","B","B","M","M","?","$","R","M","R","$","M","T","?","$","M","E","R","M","T","E","M","?","E","M","R","B","B",null],"character_chosen":"DEFECT","items_purchased":["MoneyPower","Grinning Jar","Damocles","Reinforced Body","Damocles","Echo Form","Secret Technique","SteamSale","vexMod:Cooldron","ReplayTheSpireMod:Ninjato","HornCleat","Bronze Scales","testmod-EqualTreatment","Pulse","REME_CardOfGreed","testmod-Antiphasic","ForgetMeNow","Dota2Spire:MaskOfMadness","testmod-Charity","testmod-Justice","testmod-ChaoticCore+1","White Noise","ReplayTheSpireMod:CursedCoin","Dota2Spire:MonkeyKingBar","Molten Egg 2","Onion Ring"],"campfire_rested":0,"item_purchase_floors":[2,14,17,17,34,34,34,39,39,39,39,39,39,39,32,32,32,32,36,36,36,36,38,38,38,38],"current_hp_per_floor":[68,68,68,60,71,67,67,67,67,67,67,67,67,67,67,67,63,62,61,60,59,54,54,54,54,54,49,52,51,50,49,48,47,27,26,25,24,23,22,21,20,19,18,17,16,13,14,8,12,21,20,19,18,17,16,15,14,13,14,17,16,14,21,24,27,26,29,29,30,31,31,33,35,34,36,37],"gold":107,"neow_bonus":"","is_daily":true,"chose_seed":false,"campfire_upgraded":9,"win_rate":0.0,"timestamp":1608309824,"path_taken":["M","$","M","?","?","E","R","M","T","M","?","?","M","$","R","BOSS","M","M","M","M","?","E","R","E","T","E","R","?","R","?","R","BOSS","M","?","?","?","$","E","R","E","T","M","E","?","E","M","R","BOSS","BOSS","M","M","?","$","R","M","R","$","M","?","?","$","M","E","R","?","T","E","M","?","E","M","R","BOSS","BOSS"],"items_purchased_type":["Relic","Relic","Relic","Card","Relic","Card","Card","Relic","Relic","Relic","Relic","Relic","Relic","Card","Relic","Relic","Relic","Relic","Relic","Relic","Card","Card","Relic","Relic","Relic","Relic"],"build_version":"2020-12-13","purchased_purges":2,"victory":true,"max_hp_per_floor":[73,72,71,70,83,82,81,80,79,78,77,76,75,74,73,72,63,62,61,60,59,58,57,56,55,54,53,52,51,50,49,48,47,27,26,25,24,23,22,21,20,19,18,17,16,15,14,13,12,21,20,19,18,17,16,15,14,13,14,17,16,14,21,24,27,26,29,29,30,31,31,33,35,34,36,37],"card_choices":[{"not_picked":[],"picked":"DoctorFetus","floor":0.0},{"not_picked":["Sweeping Beam","Heatsinks"],"picked":"Conserve Battery","floor":1.0},{"not_picked":["Heatsinks","Compile Driver","Rebound"],"picked":"SKIP","floor":3.0},{"not_picked":["Go for the Eyes","Reprogram"],"picked":"Core Surge","floor":4.0},{"not_picked":["Panic Button","Blizzard","ReplaySolidLightProjector"],"picked":"SKIP","floor":6.0},{"not_picked":["ReplayGash","Panic Button","Steam"],"picked":"SKIP","floor":8.0},{"not_picked":["Gash","Recycle","Hologram"],"picked":"SKIP","floor":10.0},{"not_picked":["Go for the Eyes","Steam","Gash"],"picked":"SKIP","floor":13.0},{"not_picked":["REME_Shoggoth","Rainbow","Reboot"],"picked":"ElectricPowerLearning","floor":16.0},{"not_picked":["Sweeping Beam","Stack","Redo"],"picked":"SKIP","floor":18.0},{"not_picked":["Double Energy+1","REME_Whirling"],"picked":"ReplayTheSpireMod:Reroute Power+1","floor":19.0},{"not_picked":["Hologram+1","REME_Whirling","Reprogram"],"picked":"SKIP","floor":20.0},{"not_picked":["Time Bomb","Barrage","conspire:SharedLibrary"],"picked":"SKIP","floor":21.0},{"not_picked":["Hologram","Go for the Eyes"],"picked":"ReplayTheSpireMod:Fabricate Wheel","floor":23.0},{"not_picked":["Steam","Sweeping Beam"],"picked":"BasicCrystalCard+1","floor":25.0},{"not_picked":["Rebound","Hologram+1","Lockon"],"picked":"SKIP","floor":27.0},{"not_picked":["All For One","ReplayTheSpireMod:Fabricate Wheel"],"picked":"Thunder Strike","floor":33.0},{"not_picked":["Coolheaded","Barrage"],"picked":"Conserve Battery+1","floor":35.0},{"not_picked":["Loop","ReplayTheSpireMod:Repulse"],"picked":"Time Bomb+1","floor":38.0},{"not_picked":["Self Repair","REME_Whirling","Genetic Algorithm"],"picked":"SKIP","floor":38.0},{"not_picked":["ReplayTheSpireMod:Reroute Power+1","Ball Lightning+1"],"picked":"All For One","floor":40.0},{"not_picked":["ReplayTheSpireMod:Reroute Power","Meteor Strike","Barrage"],"picked":"SKIP","floor":42.0},{"not_picked":["Sweeping Beam+1","Ball Lightning","Skim"],"picked":"SKIP","floor":44.0},{"not_picked":["Sweeping Beam+1","Ball Lightning"],"picked":"Skim","floor":44.0},{"not_picked":["aspiration:Polymerization","Turbo"],"picked":"Electrodynamics","floor":45.0},{"not_picked":["Ball Lightning","Turbo"],"picked":"Amplify","floor":47.0},{"not_picked":["Undo","Gash"],"picked":"Panic Button","floor":48.0},{"not_picked":["Streamline","Cold Snap","REME_DataAnalysis"],"picked":"SKIP","floor":48.0},{"not_picked":["Scrape","Beam Cell","Genetic Algorithm"],"picked":"SKIP","floor":48.0},{"not_picked":["Barrage","Conserve Battery"],"picked":"Go for the Eyes+1","floor":52.0},{"not_picked":["SuicideKing"],"picked":"SKIP","floor":84.0},{"not_picked":["SuicideKing"],"picked":"SKIP","floor":52.0},{"not_picked":["Tempest","FIFO Queue+1"],"picked":"Machine Learning","floor":34.0},{"not_picked":["Barrage","Streamline+1","Recycle"],"picked":"SKIP","floor":35.0},{"not_picked":["Barrage","Force Field","Streamline"],"picked":"SKIP","floor":35.0},{"not_picked":["Hologram","Recycle","Barrage"],"picked":"SKIP","floor":35.0},{"not_picked":["Conserve Battery","Coolheaded","Steam"],"picked":"SKIP","floor":39},{"not_picked":["Conserve Battery","Barrage+1","Gash+1"],"picked":"SKIP","floor":39},{"not_picked":["Force Field","Leap","Self Repair"],"picked":"SKIP","floor":39},{"not_picked":["REME_ForAll+1","Lockon+1","Rebound+1"],"picked":"SKIP","floor":40},{"not_picked":["Skim","Compile Driver+1"],"picked":"FIFO Queue","floor":42},{"not_picked":["Compile Driver+1","Loop+1","Conserve Battery"],"picked":"SKIP","floor":42},{"not_picked":["BasicCrystalCard","Redo","Cold Snap+1"],"picked":"SKIP","floor":42},{"not_picked":["Rip and Tear+1","ReplayRNGCard","Core Surge+1"],"picked":"SKIP","floor":44},{"not_picked":["Lockon+1","Go for the Eyes+1","Double Energy+1"],"picked":"SKIP","floor":45},{"not_picked":["Cold Snap+1","Panic Button","Steam Power"],"picked":"SKIP","floor":47},{"not_picked":["Double Energy","Leap","REME_Compress"],"picked":"SKIP","floor":48}],"player_experience":1000217,"relics_obtained":[{"floor":4.0,"key":"HollowMod:LifeEnderRelic"},{"floor":4.0,"key":"Dota2Spire:ShadowBlade"},{"floor":6.0,"key":"White Beast Statue"},{"floor":9.0,"key":"TheBean"},{"floor":11.0,"key":"ReplayTheSpireMod:Ring of Challenge"},{"floor":11.0,"key":"Ring of Hypnosis"},{"floor":17.0,"key":"Replay:Wax Seal"},{"floor":17.0,"key":"Pantograph"},{"floor":17.0,"key":"Durian"},{"floor":18.0,"key":"Mirror"},{"floor":19.0,"key":"Divine Protection"},{"floor":20.0,"key":"Pet Ghost"},{"floor":21.0,"key":"aspiration:FrozenJewel"},{"floor":22.0,"key":"StrikeDummy"},{"floor":22.0,"key":"BookOfRevelations"},{"floor":22.0,"key":"Centennial Puzzle"},{"floor":23.0,"key":"Dota2Spire:DrumOfEndurance"},{"floor":23.0,"key":"ReplayTheSpireMod:Lightbulb"},{"floor":25.0,"key":"Tiny Chest"},{"floor":25.0,"key":"aspiration:FaultyCoupler"},{"floor":26.0,"key":"aspiration:EnhancedActuators"},{"floor":27.0,"key":"Eternal Feather"},{"floor":27.0,"key":"Gremlin Horn"},{"floor":29.0,"key":"Leech"},{"floor":29.0,"key":"Garlic"},{"floor":35.0,"key":"GuppysTail"},{"floor":35.0,"key":"HollowMod:PaleOreRelic"},{"floor":35.0,"key":"CeramicFish"},{"floor":37.0,"key":"REME_ArchaeologicalTools"},{"floor":38.0,"key":"Cables"},{"floor":38.0,"key":"Dota2Spire:ArcaneBoots"},{"floor":40.0,"key":"testmod-ObsoleteBoomerang"},{"floor":40.0,"key":"Art of War"},{"floor":40.0,"key":"aspiration:ChemicalBlood"},{"floor":42.0,"key":"ReplayTheSpireMod:TigerMarble"},{"floor":42.0,"key":"Whetstone"},{"floor":42.0,"key":"aspiration:HiddenCompartment"},{"floor":43.0,"key":"Dota2Spire:Desolator"},{"floor":44.0,"key":"Dota2Spire:BattleFury"},{"floor":44.0,"key":"conspire:BottledYoYo"},{"floor":44.0,"key":"PreservedInsect"},{"floor":45.0,"key":"Ancient Tea Set"},{"floor":45.0,"key":"Potion Belt"},{"floor":45.0,"key":"Replay:Antivirus Software"},{"floor":47.0,"key":"Orichalcum"},{"floor":47.0,"key":"aspiration:Lifesprig"},{"floor":47.0,"key":"HowToJump"},{"floor":48.0,"key":"vexMod:RedPlottingStone"},{"floor":48.0,"key":"Replay:PocketPolymizer"},{"floor":52.0,"key":"aspiration:SeaSaltIceCream"},{"floor":52.0,"key":"Blue Doll"},{"floor":52.0,"key":"conspire:Dentures"},{"floor":52.0,"key":"paleoftheancients:SoulOfTheThorton"},{"floor":53.0,"key":"Geode"},{"floor":53.0,"key":"ReplayFunnel"},{"floor":53.0,"key":"Replay:Kaleidoscope"},{"floor":53.0,"key":"paleoftheancients:BlurryLens"},{"floor":34.0,"key":"conspire:TopHat"},{"floor":34.0,"key":"Dota2Spire:PhaseBoots"},{"floor":34.0,"key":"Mummified Hand"},{"floor":35.0,"key":"Snack Pack"},{"floor":35.0,"key":"DeathBook"},{"floor":36.0,"key":"testmod-InjuryResistance"},{"floor":39,"key":"testmod-Hope"},{"floor":39,"key":"Diplopia"},{"floor":40,"key":"The Courier"},{"floor":40,"key":"testmod-LifeArmor"},{"floor":40,"key":"Anchor"},{"floor":42,"key":"TheBible"},{"floor":42,"key":"ReplayTheSpireMod:Shallot"},{"floor":43,"key":"Dota2Spire:Dagon"},{"floor":44,"key":"Dota2Spire:Vanguard"},{"floor":44,"key":"vexMod:FocusSash"},{"floor":44,"key":"GnawedLeaf"},{"floor":45,"key":"Dota2Spire:BladeMail"},{"floor":45,"key":"Bag of Marbles"},{"floor":45,"key":"Bag of Preparation"},{"floor":47,"key":"Blood Vial"},{"floor":47,"key":"testmod-OneHitWonder"},{"floor":47,"key":"Replay:Mystery Machine"},{"floor":48,"key":"Replay:Rubber Ducky"},{"floor":48,"key":"YumHeart"},{"floor":48,"key":"Replay:Multitool"},{"floor":49,"key":"BlankCard"}],"event_choices":[{"damage_healed":0.0,"max_hp_gain":0.0,"max_hp_loss":0.0,"gold_gain":0.0,"event_name":"HidenRoomEvent","player_choice":"Fight","floor":4.0,"gold_loss":0.0,"damage_taken":0.0},{"damage_healed":0.0,"max_hp_gain":0.0,"max_hp_loss":0.0,"gold_gain":0.0,"event_name":"Scrap Ooze","player_choice":"Success","floor":5.0,"gold_loss":0.0,"damage_taken":3.0,"relics_obtained":["Mango"]},{"damage_healed":0.0,"max_hp_gain":0.0,"max_hp_loss":0.0,"gold_gain":0.0,"event_name":"给自己的盒子","player_choice":"Swap Relic","floor":12.0,"relics_lost":["vexMod:ImprovementManual"],"gold_loss":0.0,"damage_taken":0.0,"relics_obtained":["vexMod:ImprovementManual"]},{"damage_healed":0.0,"max_hp_gain":0.0,"max_hp_loss":0.0,"gold_gain":0.0,"event_name":"HidenRoomEvent","player_choice":"Fight","floor":22.0,"gold_loss":0.0,"damage_taken":0.0},{"damage_healed":0.0,"max_hp_gain":0.0,"max_hp_loss":0.0,"gold_gain":99.0,"event_name":"Nest","player_choice":"Stole From Cult","floor":31.0,"gold_loss":0.0,"damage_taken":0.0},{"damage_healed":0.0,"max_hp_gain":0.0,"max_hp_loss":0.0,"gold_gain":0.0,"event_name":"Winding Halls","player_choice":"Embrace Madness","floor":46.0,"gold_loss":0.0,"damage_taken":3.0,"cards_obtained":["Madness","Madness"]},{"damage_healed":0.0,"max_hp_gain":0.0,"max_hp_loss":0.0,"gold_gain":0.0,"event_name":"The Woman in Blue","player_choice":"Bought 3 Potions","floor":31.0,"gold_loss":0.0,"damage_taken":0.0},{"damage_healed":0.0,"max_hp_gain":0.0,"max_hp_loss":1.0,"gold_gain":0.0,"event_name":"Winding Halls","player_choice":"Max HP","floor":37.0,"gold_loss":0.0,"damage_taken":0.0},{"damage_healed":0,"gold_gain":0,"cards_transformed":["Leap"],"player_choice":"Transformed","damage_taken":0,"max_hp_gain":0,"max_hp_loss":0,"event_name":"Transmorgrifier","floor":46,"gold_loss":0,"cards_obtained":["Amplify"]}],"is_beta":false,"boss_relics":[{"not_picked":["Replay:Bronze Core","aspiration:PoetsPen_weak"],"picked":"Calling Bell"},{"not_picked":[]},{"not_picked":["Velvet Choker","vexMod:DeviousBotling"],"picked":"ChampionBelt"},{"not_picked":[]}],"items_purged_floors":[14,38],"is_endless":false,"potions_floor_spawned":[6,8,10,13,16,18,19,20,21,23,25,27,29,33,38,48,35,39],"ascension_level":20}}