{"host":"sabve5zmqufxyc5o","time":1608302972,"event":{"mods":["2.2 Compatiblity","AchievementEnabler","Act Like it!","BaseMod","Block Reminder","Colored Map","Colored Powertips","DeckTracker","KOR Keyword Fix","Keyboard Shortcuts","Minty Spire (QoL Compilation)","Quick Restart","Rare Cards Sparkle","Relic Stats","StSLib","SuperFastMode"],"gold_per_floor":[111,121,9,19,78,112,125,71,119,119,130,149,179,194,194,273,273,291,566,40,57,71,71,101,4,4,4,23,33,33,46,46,46,46],"floor_reached":33,"playtime":635,"items_purged":["Regret"],"score":562,"play_id":"8e2c0a7b-d9df-4735-af00-7c934c225be1","local_time":"20201218234932","is_ascension_mode":true,"campfire_choices":[{"floor":10.0,"key":"REST"},{"floor":15,"key":"REST"},{"data":"Coolheaded","floor":23,"key":"SMITH"},{"floor":27,"key":"REST"},{"data":"Fusion","floor":30,"key":"SMITH"},{"floor":32,"key":"REST"}],"circlet_count":0,"master_deck":["AscendersBane","Zap","Dualcast","Compile Driver","Beam Cell","Turbo","Gash","Sunder","Coolheaded+1","Blizzard","Cold Snap","Compile Driver","Rebound","Leap","Compile Driver","Reboot","Core Surge","Steam","Scrape","Undo","Storm","Defragment","Static Discharge","Stack","Self Repair","Stack","FTL","BootSequence","Fusion+1","Sweeping Beam","Chill","Darkness"],"relics":["Cracked Core","Shuriken","Bag of Marbles","DataDisk","Pandora\u0027s Box","Sundial","PreservedInsect","StrikeDummy"],"acts_visited":["Exordium","TheCity"],"potions_floor_usage":[31,33],"damage_taken":[{"damage":3.0,"enemies":"2 Louse","floor":1.0,"turns":2.0},{"damage":0.0,"enemies":"Small Slimes","floor":2.0,"turns":2.0},{"damage":1.0,"enemies":"Cultist","floor":4.0,"turns":3.0},{"damage":31.0,"enemies":"Lagavulin","floor":6.0,"turns":7.0},{"damage":19.0,"enemies":"Exordium Wildlife","floor":7.0,"turns":4.0},{"damage":9.0,"enemies":"Blue Slaver","floor":11.0,"turns":2.0},{"damage":7.0,"enemies":"Looter","floor":12.0,"turns":3.0},{"damage":5.0,"enemies":"3 Sentries","floor":13.0,"turns":7.0},{"damage":0,"enemies":"Exordium Wildlife","floor":14,"turns":2},{"damage":42,"enemies":"Hexaghost","floor":16,"turns":10},{"damage":0,"enemies":"Chosen","floor":18,"turns":3},{"damage":7,"enemies":"Spheric Guardian","floor":21,"turns":4},{"damage":5,"enemies":"Cultist and Chosen","floor":22,"turns":6},{"damage":40,"enemies":"Book of Stabbing","floor":24,"turns":5},{"damage":1,"enemies":"Centurion and Healer","floor":28,"turns":5},{"damage":41,"enemies":"Shelled Parasite and Fungi","floor":29,"turns":3},{"damage":8,"enemies":"Snake Plant","floor":31,"turns":4},{"damage":49,"enemies":"Automaton","floor":33,"turns":6}],"seed_played":"-4223415059729314025","potions_obtained":[{"floor":4.0,"key":"Strength Potion"},{"floor":7.0,"key":"Block Potion"},{"floor":11.0,"key":"FairyPotion"},{"floor":24,"key":"Strength Potion"},{"floor":28,"key":"Energy Potion"},{"floor":31,"key":"SmokeBomb"}],"is_trial":false,"path_per_floor":["M","M","$","M","?","E","M","?","T","R","M","M","E","M","R","B",null,"M","?","$","M","M","R","E","$","T","R","M","M","R","M","R","B"],"character_chosen":"DEFECT","items_purchased":["Gash","Sunder","Self Repair","Sundial","Stack","FTL","Fusion","Sweeping Beam"],"campfire_rested":4,"item_purchase_floors":[3,3,20,20,20,20,25,25],"current_hp_per_floor":[61,61,61,60,60,29,10,10,10,31,22,15,10,10,31,15,57,57,57,57,57,59,59,26,26,26,47,53,12,12,11,32,0,0],"gold":46,"neow_bonus":"TRANSFORM_CARD","is_daily":false,"chose_seed":false,"campfire_upgraded":2,"win_rate":0.0,"timestamp":1608302972,"path_taken":["M","M","$","M","?","E","M","?","T","R","M","M","E","M","R","BOSS","M","?","$","?","M","R","E","$","T","R","M","M","R","M","R","BOSS"],"items_purchased_type":["Card","Card","Card","Relic","Card","Card","Card","Card"],"build_version":"2020-12-13","purchased_purges":1,"victory":false,"max_hp_per_floor":[71,71,71,71,71,71,71,71,71,71,71,71,71,71,71,71,71,71,71,71,71,71,71,71,71,71,71,71,71,71,71,71,71,71],"relic_stats":{"counters":[18,78],"Shuriken":[28],"Sundial":[4],"Pandora\u0027s Box":["Core Surge","Steam","Scrape","Undo","Storm","Defragment","Static Discharge"],"PreservedInsect":0,"obtain_stats":[{"DataDisk":13,"Shuriken":6,"Sundial":20,"Pandora\u0027s Box":17,"PreservedInsect":24,"Bag of Marbles":9,"Cracked Core":0,"StrikeDummy":26},{"DataDisk":8,"Shuriken":4,"Sundial":11,"Pandora\u0027s Box":10,"PreservedInsect":14,"Bag of Marbles":5,"Cracked Core":0,"StrikeDummy":14},{"DataDisk":30,"Shuriken":14,"Sundial":45,"Pandora\u0027s Box":42,"PreservedInsect":60,"Bag of Marbles":18,"Cracked Core":0,"StrikeDummy":60}]},"card_choices":[{"not_picked":["Turbo","Hello World"],"picked":"Beam Cell","floor":1.0},{"not_picked":["Hello World","Beam Cell"],"picked":"Turbo","floor":2.0},{"not_picked":["Tempest","Compile Driver"],"picked":"Coolheaded","floor":4.0},{"not_picked":["Storm","Steam Power"],"picked":"Blizzard","floor":6.0},{"not_picked":["Undo","Glacier"],"picked":"Cold Snap","floor":7.0},{"not_picked":["Cold Snap","Barrage"],"picked":"Compile Driver","floor":11.0},{"not_picked":["Sunder","Rip and Tear"],"picked":"Rebound","floor":12.0},{"not_picked":["Barrage","Loop"],"picked":"Leap","floor":13.0},{"not_picked":["Barrage","Turbo"],"picked":"Compile Driver","floor":14},{"not_picked":["Hyperbeam","Thunder Strike"],"picked":"Reboot","floor":16},{"not_picked":["Lockon+1","Undo"],"picked":"Stack","floor":18},{"not_picked":["Rip and Tear","Rebound","Leap"],"picked":"SKIP","floor":21},{"not_picked":["Barrage","Auto Shields+1","Genetic Algorithm+1"],"picked":"SKIP","floor":22},{"not_picked":["Streamline","Fission"],"picked":"BootSequence","floor":24},{"not_picked":["Compile Driver","Conserve Battery"],"picked":"Chill","floor":28},{"not_picked":["Streamline","Coolheaded","Cold Snap+1"],"picked":"SKIP","floor":29},{"not_picked":["Amplify","Conserve Battery"],"picked":"Darkness","floor":31}],"player_experience":785949,"relics_obtained":[{"floor":6.0,"key":"Shuriken"},{"floor":9.0,"key":"Bag of Marbles"},{"floor":13.0,"key":"DataDisk"},{"floor":24,"key":"PreservedInsect"},{"floor":26,"key":"StrikeDummy"}],"event_choices":[{"damage_healed":0.0,"max_hp_gain":0.0,"max_hp_loss":0.0,"gold_gain":59.0,"event_name":"Golden Wing","player_choice":"Gained Gold","floor":5.0,"gold_loss":0.0,"damage_taken":0.0},{"damage_healed":0.0,"max_hp_gain":0.0,"max_hp_loss":0.0,"gold_gain":0.0,"event_name":"World of Goop","player_choice":"Left Gold","floor":8.0,"gold_loss":54.0,"damage_taken":0.0},{"damage_healed":0,"gold_gain":275,"player_choice":"Desecrate","damage_taken":0,"max_hp_gain":0,"max_hp_loss":0,"event_name":"Golden Shrine","floor":19,"gold_loss":0,"cards_obtained":["Regret"]}],"is_beta":false,"boss_relics":[{"not_picked":["Black Star","Sozu"],"picked":"Pandora\u0027s Box"}],"items_purged_floors":[20],"is_endless":false,"potions_floor_spawned":[4,7,11,12,24,28,31],"killed_by":"Automaton","ascension_level":20}}