{"host":"922zt4fjsmmy4kg9","time":1608331802,"event":{"mods":["A Magickal Journey","Act Like it!","BaseMod","Better Third Choice","Downfall","Friendly Minions","Hermit","HololiveMod","Hubris","Jorbs\u0027s Wanderer Trilogy","Kiyohime????","Koishi","Marisa????????","Minty Spire (QoL Compilation)","Quick Restart","Reimu??????","Shop Mod","Spicy Shops","StSLib","SuperFastMode","The Animator","The Disciple","The Runesmith"],"gold_per_floor":[99,99,134,134,134,234,234,234,36,70,70,70,55,155,167,167,167],"floor_reached":16,"playtime":3174,"items_purged":[],"score":127,"play_id":"33950e4d-f5e9-4eee-85e0-a14d754f3e3c","local_time":"20201219095002","is_ascension_mode":false,"campfire_choices":[{"data":"champ:Execute","floor":1,"key":"SMITH"},{"data":"champ:SwordThrow","floor":4,"key":"SMITH"},{"data":"champ:CrookedStrike","floor":8,"key":"SMITH"}],"circlet_count":0,"master_deck":["champ:Strike","champ:Strike","champ:Strike","champ:Strike","champ:Defend","champ:Defend","champ:Execute+1","champ:Taunt","champ:Riposte","champ:SwordThrow+1","champ:CrookedStrike+1","champ:Backstep","Mayhem+1","champ:ShieldWall","Burning Pact","champ:IronFortress","champ:DefensiveShout","champ:BerserkerStyle","champ:BladeFlurry"],"relics":["champ:ChampionCrown","downfall:HeartsMalice","PreservedInsect","hubris:PeanutButter","Matryoshka","champ:LiftRelic","Tiny Chest"],"acts_visited":["Exordium"],"potions_floor_usage":[13,16],"damage_taken":[{"damage":0,"enemies":"Small Slimes","floor":2,"turns":1},{"damage":0,"enemies":"3 Sentries","floor":3,"turns":1},{"damage":0,"enemies":"Jaw Worm","floor":5,"turns":1},{"damage":2,"enemies":"downfall:FleeingMerchant","floor":9,"turns":4},{"damage":19,"enemies":"Gremlin Nob","floor":10,"turns":4},{"damage":0,"enemies":"downfall:FleeingMerchant","floor":13,"turns":4},{"damage":61,"enemies":"downfall:Heads","floor":14,"turns":8},{"damage":2,"enemies":"2 Louse","floor":15,"turns":4},{"damage":37,"enemies":"downfall:Defect","floor":16,"turns":5}],"seed_played":"8660874073073365888","potions_obtained":[{"floor":10,"key":"CultistPotion"},{"floor":15,"key":"PowerPotion"}],"is_trial":false,"path_per_floor":["R","M","E","R","M","?","T","R","$","E","?","?","$","?","M","B"],"character_chosen":"THE_CHAMP","items_purchased":["Mayhem"],"campfire_rested":0,"item_purchase_floors":[9],"current_hp_per_floor":[90,90,90,90,90,90,90,90,90,76,76,67,67,34,34,0,0],"gold":167,"neow_bonus":"THREE_ENEMY_KILL","is_daily":false,"chose_seed":false,"campfire_upgraded":3,"win_rate":0.0,"timestamp":1608331802,"path_taken":["R","M","E","R","M","?","T","R","$","E","?","?","$","?","M","BOSS"],"items_purchased_type":["Card"],"build_version":"2020-12-13","purchased_purges":0,"victory":false,"max_hp_per_floor":[90,90,90,90,90,90,90,90,90,90,90,90,90,90,90,90,90],"card_choices":[{"not_picked":["champ:GladiatorsShout","champ:DefensiveShout"],"picked":"champ:Riposte","floor":2},{"not_picked":["champ:Duel","champ:BerserkersShout"],"picked":"champ:SwordThrow","floor":3},{"not_picked":["champ:StanceDance","champ:Backstep"],"picked":"champ:CrookedStrike","floor":5},{"not_picked":["champ:BladeFlurry","champ:Circumvent"],"picked":"champ:Backstep","floor":9},{"not_picked":["champ:BringItOn","champ:DefensiveShout"],"picked":"champ:ShieldWall","floor":10},{"not_picked":["champ:PreciseThrust","champ:CrookedStrike"],"picked":"champ:IronFortress","floor":13},{"not_picked":["champ:Backstep","champ:Encircle"],"picked":"champ:BerserkerStyle","floor":14},{"not_picked":["champ:ShieldWall","champ:Backstep"],"picked":"champ:BladeFlurry","floor":15}],"player_experience":1294175,"relics_obtained":[{"floor":3,"key":"PreservedInsect"},{"floor":7,"key":"hubris:PeanutButter"},{"floor":10,"key":"Matryoshka"}],"event_choices":[],"is_beta":false,"boss_relics":[],"items_purged_floors":[],"is_endless":false,"potions_floor_spawned":[10,15],"killed_by":"downfall:Defect","ascension_level":0}}