{"host":"haozahzn9om5c7l8","time":1608262473,"event":{"mods":["Act Like it!","Alarm Clock","BaseMod","Better-Laid Plans","Colored Powertips","Minty Spire (QoL Compilation)","Quick Restart","Relic Stats","Replay The Spire","Spicy Shops","StSLib","The Poker Player","UnlockEverythingMod","óô»ðÖ¸ÄÏ"],"gold_per_floor":[111,149,166,185,185,220,237,272,272,237,250,261,261,286,286,415,415,440,440,440,440,440,481,481,301,354,395,408,429,467,491,431,431,431],"floor_reached":33,"playtime":1822,"items_purged":[],"score":367,"play_id":"483ef43f-52e8-4496-a2fb-05a9716a4e85","local_time":"20201218113433","is_ascension_mode":false,"campfire_choices":[{"floor":15,"key":"REST"},{"floor":24,"key":"REST"}],"circlet_count":0,"master_deck":["Strike_R+1","Strike_R","Strike_R","Strike_R","Strike_R+1","Defend_R","Defend_R","Defend_R","Defend_R","Bash","Vigilance","PokerPlayerMod:BadJoker","Dark Embrace","Thunderclap","Carnage","Twin Strike","Infernal Blade","Shockwave","Thunderclap","ReplayTheSpireMod:Corrosion Curse","Flex","Injury","Perfected Strike","Immolate","Shrug It Off+1","Voices","Flex","Iron Wave","Hemokinesis","Wild Strike+1","Clothesline","Combust","Reckless Charge","Run Through"],"relics":["Burning Blood","Pear","Whetstone","Red Skull","Golden Idol","Mark of Pain","Ring of Peace","Ring of Hypnosis","Akabeko","InkBottle","Replay:Baseball","Orichalcum","Bag of Preparation","PreservedInsect"],"acts_visited":["Exordium","TheCity"],"potions_floor_usage":[],"damage_taken":[{"damage":0.0,"enemies":"2 Louse","floor":1.0,"turns":4.0},{"damage":2.0,"enemies":"Small Slimes","floor":3.0,"turns":4.0},{"damage":3.0,"enemies":"Jaw Worm","floor":4.0,"turns":3.0},{"damage":16.0,"enemies":"Replay:BlueRogue","floor":6.0,"turns":6.0},{"damage":23,"enemies":"Large Slime","floor":7,"turns":5},{"damage":54,"enemies":"Lagavulin","floor":8,"turns":7},{"damage":2,"enemies":"Blue Slaver","floor":11,"turns":3},{"damage":16,"enemies":"3 Louse","floor":12,"turns":3},{"damage":9,"enemies":"Exordium Wildlife","floor":14,"turns":3},{"damage":40,"enemies":"Fading Forest","floor":16,"turns":11},{"damage":15,"enemies":"2 Thieves","floor":18,"turns":2},{"damage":32,"enemies":"Replay:Snechameleon","floor":23,"turns":8},{"damage":44,"enemies":"Slavers","floor":27,"turns":6},{"damage":0,"enemies":"Spheric Guardian","floor":28,"turns":3},{"damage":6,"enemies":"Chosen and Byrds","floor":29,"turns":5},{"damage":38,"enemies":"Book of Stabbing","floor":30,"turns":7},{"damage":9,"enemies":"Centurion and Healer","floor":31,"turns":4},{"damage":43,"enemies":"Pondfish","floor":33,"turns":6}],"seed_played":"-157662900133391559","potions_obtained":[{"floor":2.0,"key":"Cursed Concoction"},{"floor":2.0,"key":"Dexterity Potion"},{"floor":2.0,"key":"PowerPotion"},{"floor":28,"key":"Explosive Potion"}],"is_trial":false,"path_per_floor":["M","?","M","M","?","E","M","E","T","?","M","M","?","M","R","B",null,"M","?","?","T","?","E","R","$","T","E","M","M","E","M","R","B"],"character_chosen":"IRONCLAD","items_purchased":["Hemokinesis","Replay:Baseball"],"campfire_rested":2,"item_purchase_floors":[25,25],"current_hp_per_floor":[96,96,96,96,101,101,84,36,36,63,67,57,57,54,87,63,111,102,102,102,102,102,76,109,109,109,71,77,77,45,42,42,0,0],"gold":431,"neow_bonus":"TWENTY_PERCENT_HP_BONUS","is_daily":false,"chose_seed":false,"campfire_upgraded":0,"win_rate":0.0,"timestamp":1608262473,"path_taken":["M","?","M","M","?","E","M","E","T","?","M","M","?","M","R","BOSS","M","?","?","?","?","E","R","$","T","E","M","M","E","?","R","BOSS"],"items_purchased_type":["Card","Relic"],"build_version":"2020-12-13","purchased_purges":0,"victory":false,"max_hp_per_floor":[96,96,96,96,101,111,111,111,111,111,111,111,111,111,111,111,111,111,111,111,111,111,111,111,111,111,111,111,111,111,111,111,111,111],"relic_stats":{"counters":[18,90],"Golden Idol":72,"PreservedInsect":0,"Bag of Preparation":[10],"Whetstone":["Strike_R","Strike_R"],"Orichalcum":[60],"obtain_stats":[{"Pear":6,"Ring of Hypnosis":20,"Golden Idol":13,"PreservedInsect":30,"Bag of Preparation":27,"Whetstone":8,"Orichalcum":26,"Burning Blood":0,"Akabeko":21,"Replay:Baseball":25,"Ring of Peace":20,"Mark of Pain":17,"Red Skull":9,"InkBottle":23},{"Pear":4,"Ring of Hypnosis":11,"Golden Idol":8,"PreservedInsect":16,"Bag of Preparation":13,"Whetstone":6,"Orichalcum":12,"Burning Blood":0,"Akabeko":11,"Replay:Baseball":12,"Ring of Peace":11,"Mark of Pain":10,"Red Skull":6,"InkBottle":12},{"Pear":17,"Ring of Hypnosis":51,"Golden Idol":35,"PreservedInsect":80,"Bag of Preparation":65,"Whetstone":29,"Orichalcum":59,"Burning Blood":0,"Akabeko":51,"Replay:Baseball":59,"Ring of Peace":51,"Mark of Pain":49,"Red Skull":29,"InkBottle":59}],"Burning Blood":89,"InkBottle":[10]},"card_choices":[{"not_picked":["Replay:Undeath\u0027s Touch","Defy Death"],"picked":"Dark Embrace","floor":1.0},{"not_picked":["Dark Embrace","Armaments"],"picked":"Thunderclap","floor":2.0},{"not_picked":["Heavy Blade","Ghostly Armor"],"picked":"Carnage","floor":3.0},{"not_picked":["Headbutt","Clothesline"],"picked":"Twin Strike","floor":4.0},{"not_picked":["Thunderclap","Warcry"],"picked":"Infernal Blade","floor":6.0},{"not_picked":["Searing Blow","Run Through"],"picked":"Shockwave","floor":7},{"not_picked":["Warcry","Replay:Undeath\u0027s Touch"],"picked":"Thunderclap","floor":8},{"not_picked":["Limit Break","Thunderclap"],"picked":"ReplayTheSpireMod:Corrosion Curse","floor":11},{"not_picked":["ReplayTheSpireMod:Strike From Hell","Sword Boomerang"],"picked":"Flex","floor":12},{"not_picked":["Replay:Undeath\u0027s Touch","Armaments"],"picked":"Perfected Strike","floor":14},{"not_picked":["Limit Break","Demon Form"],"picked":"Immolate","floor":16},{"not_picked":["Warcry+1","Dropkick+1"],"picked":"Shrug It Off+1","floor":18},{"not_picked":["Headbutt","Thunderclap"],"picked":"Iron Wave","floor":23},{"not_picked":["Evolve+1","Brutality"],"picked":"Wild Strike+1","floor":27},{"not_picked":["Abandon","Dark Embrace+1"],"picked":"Clothesline","floor":28},{"not_picked":["Havoc","Twin Strike"],"picked":"Combust","floor":29},{"not_picked":["Armaments","Iron Wave"],"picked":"Reckless Charge","floor":30},{"not_picked":["Havoc","Armaments"],"picked":"Run Through","floor":31}],"player_experience":7775,"relics_obtained":[{"floor":6.0,"key":"Pear"},{"floor":8,"key":"Whetstone"},{"floor":9,"key":"Red Skull"},{"floor":20,"key":"Ring of Peace"},{"floor":20,"key":"Ring of Hypnosis"},{"floor":21,"key":"Akabeko"},{"floor":23,"key":"InkBottle"},{"floor":26,"key":"Orichalcum"},{"floor":27,"key":"Bag of Preparation"},{"floor":30,"key":"PreservedInsect"}],"event_choices":[{"damage_healed":0.0,"max_hp_gain":5.0,"max_hp_loss":0.0,"gold_gain":0.0,"event_name":"Big Fish","player_choice":"Donut","floor":5.0,"gold_loss":0.0,"damage_taken":0.0},{"damage_healed":27,"gold_gain":0,"player_choice":"Healed","damage_taken":0,"max_hp_gain":0,"max_hp_loss":0,"event_name":"The Cleric","floor":10,"gold_loss":35},{"damage_healed":0,"gold_gain":0,"player_choice":"Take Wound","damage_taken":0,"relics_obtained":["Golden Idol"],"max_hp_gain":0,"max_hp_loss":0,"event_name":"Golden Idol","floor":13,"gold_loss":0,"cards_obtained":["Injury"]},{"damage_healed":0,"gold_gain":0,"player_choice":"Ignored","damage_taken":0,"max_hp_gain":0,"max_hp_loss":0,"event_name":"Ghosts","floor":19,"gold_loss":0},{"damage_healed":0,"gold_gain":0,"player_choice":"Read","damage_taken":0,"max_hp_gain":0,"max_hp_loss":0,"event_name":"The Library","floor":22,"gold_loss":0,"cards_obtained":["Flex"]}],"is_beta":false,"boss_relics":[{"not_picked":["Sozu","Kintsugi"],"picked":"Mark of Pain"}],"items_purged_floors":[],"is_endless":false,"potions_floor_spawned":[3,6,7,16,27,28],"killed_by":"Pondfish","ascension_level":0}}