{"host":"u3vur0jk0faz0no6","time":1608277579,"event":{"mods":["BaseMod","Better Skull","Better Third Choice","BetterRewards","Colored Map","Colored Powertips","Defective Defect","Hermit","Highlight Path","Infinite Spire","Minty Spire (QoL Compilation)","Rare Cards Sparkle","Relic Sorter","Relic Stats","Replay The Spire","Shade Mod","Shop Mod","StSLib","SuperFastMode","The Druid","The Hierophant","The Jungle","The Necromancer","The Runesmith","everything is the same but u backflip on backflip","slay the spire mod where everything is the same but ironclad has a cowboy hat"],"gold_per_floor":[118,131,148,72,72,105,105,136,215,227,243,243,243,243,243,314,314,314,314,314,314,314,314,314,92,92,92,92,92,92,92,92,92,92,92,92,92,92,92,92,92,92,92,92,92,92,92,92,92,92],"floor_reached":51,"playtime":1326,"items_purged":["Strike_G"],"score":1433,"play_id":"4a18fd45-54ee-4be5-8273-f98d5a47ab9f","local_time":"20201218014619","is_ascension_mode":true,"campfire_choices":[{"floor":7.0,"key":"REST"},{"data":"Cloak And Dagger","floor":12.0,"key":"SMITH"},{"floor":15.0,"key":"REST"},{"data":"Apotheosis","floor":23.0,"key":"SMITH"},{"data":"infinitespire:Neurotoxin","floor":30.0,"key":"SMITH"},{"floor":32.0,"key":"REST"},{"floor":40,"key":"REST"},{"floor":46,"key":"REST"},{"floor":49,"key":"REST"}],"circlet_count":0,"master_deck":["AscendersBane","Strike_G","Strike_G","Strike_G","Defend_G","Defend_G","Defend_G","Defend_G","Defend_G","Survivor","Neutralize","Cloak And Dagger+1","Terror","Dagger Spray+1","Footwork","Poisoned Stab","Finisher","Apotheosis+1","infinitespire:Neurotoxin+1","Dash","PiercingWail+1","Replay:Fractal Strike"],"relics":["SlaversCollar","Calipers","Bronze Scales","Blue Candle","Kunai","Ectoplasm","Sling","Bag of Preparation","MutagenicStrength","ReplayTheSpireMod:Lightbulb","The Specimen","Singing Bowl","Ornamental Fan"],"acts_visited":["Exordium","TheCity","TheBeyond"],"potions_floor_usage":[48,48],"damage_taken":[{"damage":4.0,"enemies":"Cultist","floor":1.0,"turns":5.0},{"damage":1.0,"enemies":"2 Louse","floor":2.0,"turns":4.0},{"damage":11.0,"enemies":"Jaw Worm","floor":3.0,"turns":5.0},{"damage":22.0,"enemies":"3 Sentries","floor":6.0,"turns":9.0},{"damage":5.0,"enemies":"Lagavulin","floor":8.0,"turns":7.0},{"damage":11.0,"enemies":"Gremlin Gang","floor":10.0,"turns":4.0},{"damage":2.0,"enemies":"Large Slime","floor":11.0,"turns":6.0},{"damage":0.0,"enemies":"The Guardian","floor":16.0,"turns":10.0},{"damage":1.0,"enemies":"Chosen","floor":18.0,"turns":3.0},{"damage":7.0,"enemies":"3 Byrds","floor":19.0,"turns":4.0},{"damage":3.0,"enemies":"Snake Plant","floor":24.0,"turns":4.0},{"damage":0.0,"enemies":"Centurion and Healer","floor":29.0,"turns":4.0},{"damage":11.0,"enemies":"Slavers","floor":31.0,"turns":4.0},{"damage":27.0,"enemies":"Collector","floor":33.0,"turns":8.0},{"damage":4.0,"enemies":"3 Shapes","floor":35.0,"turns":5.0},{"damage":7,"enemies":"Orb Walker","floor":38,"turns":3},{"damage":4,"enemies":"R_Hoarder","floor":41,"turns":7},{"damage":0,"enemies":"3 Darklings","floor":44,"turns":6},{"damage":7,"enemies":"Spire Growth","floor":45,"turns":4},{"damage":4,"enemies":"Sphere and 2 Shapes","floor":47,"turns":5},{"damage":45,"enemies":"Reptomancer","floor":48,"turns":5},{"damage":19,"enemies":"Awakened One","floor":50,"turns":16}],"seed_played":"-6725940257320966896","potions_obtained":[{"floor":3.0,"key":"FearPotion"},{"floor":6.0,"key":"PowerPotion"},{"floor":8.0,"key":"GamblersBrew"},{"floor":11.0,"key":"LifebloodPotion"},{"floor":18.0,"key":"Swift Potion"},{"floor":29.0,"key":"PowerPotion"},{"floor":35.0,"key":"Strength Potion"},{"floor":47,"key":"Doom Potion"}],"is_trial":false,"path_per_floor":["M","M","M","$","?","E","R","E","T","M","M","R","?","T","R","B",null,"M","M","?","AVR","?","R","M","$","T","?","?","M","R","E","R","B",null,"M","$","?","M","?","R","E","?","T","M","M","R","M","E","R","B",null],"character_chosen":"THE_SILENT","items_purchased":["Footwork","Sling"],"campfire_rested":6,"item_purchase_floors":[4,25],"current_hp_per_floor":[55,54,43,43,43,21,40,35,35,24,22,22,22,22,41,41,60,59,52,52,52,52,52,49,49,49,49,49,49,49,38,57,30,57,53,53,53,46,46,65,61,61,61,63,58,70,68,25,47,28],"gold":92,"neow_bonus":"BOSS_RELIC","is_daily":false,"chose_seed":false,"campfire_upgraded":3,"win_rate":0.0,"timestamp":1608277579,"path_taken":["M","M","M","$","?","E","R","E","T","M","M","R","?","?","R","BOSS","M","?","?","AVR","?","R","M","$","T","?","?","M","R","E","R","BOSS","M","$","?","M","?","R","E","?","T","M","M","R","M","E","R","BOSS"],"items_purchased_type":["Card","Relic"],"build_version":"2020-12-13","purchased_purges":1,"victory":true,"max_hp_per_floor":[66,66,66,66,66,66,66,66,66,66,66,66,66,66,66,66,66,66,66,66,66,66,66,66,66,66,66,66,66,66,66,66,66,66,66,66,66,66,66,66,66,66,66,68,70,70,72,74,74,74],"relic_stats":{"Singing Bowl":8,"counters":[22,128],"Ornamental Fan":[76],"Bronze Scales":[347],"Blue Candle":[0],"Ectoplasm":521,"Bag of Preparation":[22],"Kunai":[51],"obtain_stats":[{"Calipers":6,"The Specimen":41,"Singing Bowl":43,"Blue Candle":9,"Bag of Preparation":26,"Sling":25,"SlaversCollar":0,"Ornamental Fan":48,"Bronze Scales":8,"MutagenicStrength":27,"Ectoplasm":17,"Kunai":14,"ReplayTheSpireMod:Lightbulb":31,"Ring of the Snake":0},{"Calipers":4,"The Specimen":17,"Singing Bowl":17,"Blue Candle":5,"Bag of Preparation":11,"Sling":11,"SlaversCollar":0,"Ornamental Fan":21,"Bronze Scales":5,"MutagenicStrength":11,"Ectoplasm":8,"Kunai":7,"ReplayTheSpireMod:Lightbulb":13,"Ring of the Snake":0},{"Calipers":23,"The Specimen":92,"Singing Bowl":92,"Blue Candle":30,"Bag of Preparation":61,"Sling":61,"SlaversCollar":0,"Ornamental Fan":112,"Bronze Scales":30,"MutagenicStrength":61,"Ectoplasm":50,"Kunai":40,"ReplayTheSpireMod:Lightbulb":69,"Ring of the Snake":0}]},"card_choices":[{"not_picked":["Hidden Blade","Slice"],"picked":"Cloak And Dagger","floor":1.0},{"not_picked":["Acrobatics","Dagger Throw"],"picked":"Terror","floor":2.0},{"not_picked":["After Image","Bane"],"picked":"Dagger Spray","floor":3.0},{"not_picked":["Leg Sweep","Sucker Punch","ReplayTheSpireMod:Shiv Toss"],"picked":"SKIP","floor":6.0},{"not_picked":["Caltrops","Underhanded Strike"],"picked":"Poisoned Stab","floor":8.0},{"not_picked":["Blade Dance","Underhanded Strike","Finisher"],"picked":"SKIP","floor":10.0},{"not_picked":["Dagger Throw","Glass Knife"],"picked":"Finisher","floor":11.0},{"not_picked":["Die Die Die","Adrenaline"],"picked":"infinitespire:Neurotoxin","floor":16.0},{"not_picked":["Eviscerate","Dodge and Roll"],"picked":"Dash","floor":18.0},{"not_picked":["Bane+1","Toxin Wave"],"picked":"PiercingWail+1","floor":19.0},{"not_picked":["Setup","Deflect","Slice"],"picked":"SKIP","floor":24.0},{"not_picked":["PiercingWail","Calculated Gamble","Footwork"],"picked":"SKIP","floor":29.0},{"not_picked":["Deadly Poison","Dagger Spray","Distraction+1"],"picked":"SKIP","floor":31.0},{"not_picked":["After Image","Replay:Bag of Tricks"],"picked":"A Thousand Cuts","floor":33.0},{"not_picked":["Quick Slash","Deadly Poison+1","Fluid Movement"],"picked":"SKIP","floor":35.0},{"not_picked":["Sucker Punch+1","Prepared+1","Expertise"],"picked":"SKIP","floor":38},{"not_picked":["Flechettes","Dagger Throw","Slice"],"picked":"SKIP","floor":41},{"not_picked":["Endless Agony","PiercingWail+1","Dash"],"picked":"Singing Bowl","floor":44},{"not_picked":["Blade Dance","Deadly Poison","Dagger Throw"],"picked":"Singing Bowl","floor":45},{"not_picked":["Poisoned Stab","Blade Dance","Backflip"],"picked":"Singing Bowl","floor":47},{"not_picked":["Blade Dance","Dagger Throw","Storm of Steel"],"picked":"Singing Bowl","floor":48}],"player_experience":1943051,"relics_obtained":[{"floor":6.0,"key":"Calipers"},{"floor":8.0,"key":"Bronze Scales"},{"floor":9.0,"key":"Blue Candle"},{"floor":14.0,"key":"Kunai"},{"floor":26.0,"key":"Bag of Preparation"},{"floor":31.0,"key":"ReplayTheSpireMod:Lightbulb"},{"floor":41,"key":"The Specimen"},{"floor":43,"key":"Singing Bowl"},{"floor":48,"key":"Ornamental Fan"}],"event_choices":[{"damage_healed":0.0,"max_hp_gain":0.0,"max_hp_loss":0.0,"gold_gain":0.0,"event_name":"Living Wall","player_choice":"Grow","floor":5.0,"gold_loss":0.0,"damage_taken":0.0,"cards_upgraded":["Dagger Spray"]},{"damage_healed":22.0,"max_hp_gain":0.0,"max_hp_loss":66.0,"gold_gain":0.0,"event_name":"betterThird:BetterShining","player_choice":"Embrace","floor":13.0,"gold_loss":0.0,"damage_taken":0.0},{"cards_removed":["Strike_G"],"damage_healed":0.0,"max_hp_gain":0.0,"max_hp_loss":0.0,"gold_gain":0.0,"event_name":"betterThird:BetterWriting","player_choice":"Elegance","floor":20.0,"gold_loss":0.0,"damage_taken":0.0},{"damage_healed":0.0,"max_hp_gain":0.0,"max_hp_loss":0.0,"gold_gain":0.0,"event_name":"The Mausoleum","player_choice":"Ignored","floor":22.0,"gold_loss":0.0,"damage_taken":0.0},{"damage_healed":0.0,"max_hp_gain":0.0,"max_hp_loss":0.0,"gold_gain":0.0,"event_name":"Drug Dealer","player_choice":"Inject Mutagens","floor":27.0,"gold_loss":0.0,"damage_taken":0.0,"relics_obtained":["MutagenicStrength"]},{"damage_healed":0.0,"max_hp_gain":0.0,"max_hp_loss":0.0,"gold_gain":200.0,"event_name":"Wheel of Change","player_choice":"Gold","floor":28.0,"gold_loss":0.0,"damage_taken":0.0},{"damage_healed":0,"gold_gain":0,"player_choice":"Ignored","damage_taken":0,"max_hp_gain":0,"max_hp_loss":0,"event_name":"Mysterious Sphere","floor":37,"gold_loss":0},{"damage_healed":0,"gold_gain":0,"player_choice":"Memory 1","damage_taken":0,"max_hp_gain":0,"max_hp_loss":0,"event_name":"SensoryStone","floor":39,"gold_loss":0},{"cards_removed":["A Thousand Cuts"],"damage_healed":0,"gold_gain":0,"player_choice":"Removed Power","damage_taken":0,"max_hp_gain":0,"max_hp_loss":0,"event_name":"Falling","floor":42,"gold_loss":0}],"is_beta":false,"boss_relics":[{"not_picked":["Snecko Heart","Kintsugi"],"picked":"Ectoplasm"},{"not_picked":["Replay:Wanted Poster","ReplayTheSpireMod:DimensionalGlitch","ChewingGum"]}],"items_purged_floors":[25],"is_endless":false,"potions_floor_spawned":[3,6,8,11,18,29,35,47],"ascension_level":15}}