{"host":"899crud3100o27sg","time":1608270316,"event":{"mods":["BaseMod","Better Third Choice","Colored Map","Colored Powertips","Downfall","Minty Spire (QoL Compilation)","Quick Restart","Relic Stats","Shop Mod","StSLib","The IronCluck"],"gold_per_floor":[111,122,139,152,152,184,184,184,211,211,242,257,276,291,291,393,393,393,393,393,393,318,318,318,318],"floor_reached":24,"playtime":989,"items_purged":["Strike_B"],"score":212,"play_id":"ca2d33e8-ad84-4f39-9cb1-277362217cb8","local_time":"20201218161516","is_ascension_mode":false,"campfire_choices":[{"data":"Rainbow","floor":7,"key":"SMITH"},{"data":"Ball Lightning","floor":10,"key":"SMITH"},{"data":"Capacitor","floor":15,"key":"SMITH"},{"floor":23,"key":"RECALL"}],"circlet_count":0,"master_deck":["Strike_B","Defend_B","Defend_B","Defend_B","Defend_B","Zap","Dualcast","Gash","FTL","Chaos","Ball Lightning+1","Rainbow+1","Capacitor+1","Heatsinks","Electrodynamics"],"relics":["Cracked Core","Akabeko","Singing Bowl","PreservedInsect","Incense Burner","Ectoplasm"],"acts_visited":["Exordium","TheCity"],"potions_floor_usage":[6,16,16,21],"damage_taken":[{"damage":0,"enemies":"2 Louse","floor":1,"turns":3},{"damage":1,"enemies":"Jaw Worm","floor":2,"turns":3},{"damage":0,"enemies":"Cultist","floor":3,"turns":3},{"damage":3,"enemies":"Looter","floor":4,"turns":3},{"damage":21,"enemies":"Lagavulin","floor":6,"turns":5},{"damage":6,"enemies":"Gremlin Nob","floor":11,"turns":3},{"damage":5,"enemies":"Blue Slaver","floor":12,"turns":3},{"damage":0,"enemies":"Large Slime","floor":13,"turns":4},{"damage":4,"enemies":"2 Fungi Beasts","floor":14,"turns":3},{"damage":16,"enemies":"Slime Boss","floor":16,"turns":10},{"damage":13,"enemies":"Spheric Guardian","floor":18,"turns":4},{"damage":6,"enemies":"3 Byrds","floor":19,"turns":2},{"damage":21,"enemies":"Centurion and Healer","floor":20,"turns":5},{"damage":4,"enemies":"Chosen and Byrds","floor":21,"turns":4},{"damage":39,"enemies":"Book of Stabbing","floor":24,"turns":4}],"seed_played":"7168071479966559211","potions_obtained":[{"floor":1,"key":"PowerPotion"},{"floor":2,"key":"Explosive Potion"},{"floor":4,"key":"Explosive Potion"},{"floor":13,"key":"FocusPotion"},{"floor":18,"key":"Block Potion"}],"is_trial":false,"path_per_floor":["M","M","M","M","?","E","R","T","T","R","E","M","M","M","R","B",null,"M","M","M","M","$","R","E"],"character_chosen":"DEFECT","items_purchased":[],"campfire_rested":0,"item_purchase_floors":[],"current_hp_per_floor":[68,67,67,64,64,43,43,43,43,43,37,32,34,32,32,16,72,61,57,38,36,36,36,0,0],"gold":318,"neow_bonus":"REMOVE_TWO","is_daily":false,"chose_seed":false,"campfire_upgraded":3,"win_rate":0.0,"timestamp":1608270316,"path_taken":["M","M","M","M","?","E","R","?","T","R","E","M","M","M","R","BOSS","M","M","M","M","$","R","E"],"items_purchased_type":[],"build_version":"2020-12-13","purchased_purges":1,"victory":false,"max_hp_per_floor":[68,68,68,68,68,68,68,68,68,68,68,68,70,72,72,72,72,74,76,78,80,80,80,80,80],"relic_stats":{"Singing Bowl":12,"counters":[15,59],"PreservedInsect":63,"Ectoplasm":54,"obtain_stats":[{"Singing Bowl":8,"PreservedInsect":9,"Ectoplasm":17,"Incense Burner":11,"Cracked Core":0,"Akabeko":6},{"Singing Bowl":5,"PreservedInsect":5,"Ectoplasm":10,"Incense Burner":6,"Cracked Core":0,"Akabeko":5},{"Singing Bowl":17,"PreservedInsect":17,"Ectoplasm":40,"Incense Burner":20,"Cracked Core":0,"Akabeko":17}]},"card_choices":[{"not_picked":["Sunder","Recycle"],"picked":"Gash","floor":1},{"not_picked":["Streamline","Conserve Battery"],"picked":"FTL","floor":2},{"not_picked":["Hologram","Stack"],"picked":"Chaos","floor":3},{"not_picked":["Redo","Rebound"],"picked":"Ball Lightning","floor":4},{"not_picked":["Rebound","Undo"],"picked":"Rainbow","floor":6},{"not_picked":["Thunder Strike","Auto Shields"],"picked":"Capacitor","floor":11},{"not_picked":["Tempest","Melter"],"picked":"Heatsinks","floor":12},{"not_picked":["Conserve Battery","Blizzard","Compile Driver"],"picked":"Singing Bowl","floor":13},{"not_picked":["Stack","Leap","Hello World"],"picked":"Singing Bowl","floor":14},{"not_picked":["Fission","Rainbow"],"picked":"Electrodynamics","floor":16},{"not_picked":["Aggregate","Go for the Eyes","Beam Cell"],"picked":"Singing Bowl","floor":18},{"not_picked":["Sweeping Beam","Aggregate","Undo"],"picked":"Singing Bowl","floor":19},{"not_picked":["Tempest","Seek","Beam Cell"],"picked":"Singing Bowl","floor":20},{"not_picked":["Coolheaded","Streamline","Doom and Gloom"],"picked":"Singing Bowl","floor":21}],"player_experience":1007406,"relics_obtained":[{"floor":6,"key":"Akabeko"},{"floor":8,"key":"Singing Bowl"},{"floor":9,"key":"PreservedInsect"},{"floor":11,"key":"Incense Burner"}],"event_choices":[{"damage_healed":0,"gold_gain":0,"player_choice":"Ignored","damage_taken":152,"max_hp_gain":0,"max_hp_loss":0,"event_name":"betterThird:BetterSerpent","floor":5,"gold_loss":0}],"is_beta":false,"boss_relics":[{"not_picked":["Busted Crown","Calling Bell"],"picked":"Ectoplasm"}],"items_purged_floors":[22],"is_endless":false,"potions_floor_spawned":[1,2,4,13,18],"killed_by":"Book of Stabbing","ascension_level":0}}