{"host":"kav75jn2167pb2t0","time":1608320763,"event":{"mods":["AchievementEnabler","BaseMod","Colored Map","Colored Powertips","FTL Soundtrack","Minty Spire (QoL Compilation)","Quick Restart","StSLib","SuperFastMode"],"gold_per_floor":[112,112,187,187,8,8,35,49,49,49,63,80,80,80,80,80,80],"floor_reached":16,"playtime":336,"items_purged":[],"score":246,"play_id":"5d527ca8-4865-4b90-aa71-2999c0516a4d","local_time":"20201218144603","is_ascension_mode":true,"campfire_choices":[{"data":"Impatience","floor":6.0,"key":"SMITH"},{"data":"Finisher","floor":15.0,"key":"SMITH"}],"circlet_count":0,"master_deck":["AscendersBane","Strike_G","Strike_G","Strike_G+1","Strike_G","Defend_G","Defend_G","Defend_G","Defend_G","Defend_G","Survivor","Neutralize+1","Accuracy","Impatience+1","Finisher+1","Accuracy","Accuracy"],"relics":["Ring of the Snake","NeowsBlessing","Singing Bowl","Mummified Hand","White Beast Statue","Golden Idol"],"acts_visited":["Exordium"],"potions_floor_usage":[16,16],"damage_taken":[{"damage":0.0,"enemies":"Small Slimes","floor":1.0,"turns":1.0},{"damage":0.0,"enemies":"3 Sentries","floor":7.0,"turns":1.0},{"damage":0.0,"enemies":"Jaw Worm","floor":8.0,"turns":1.0},{"damage":0.0,"enemies":"2 Louse","floor":11.0,"turns":3.0},{"damage":6.0,"enemies":"Looter","floor":12.0,"turns":4.0},{"damage":24,"enemies":"Slime Boss","floor":16,"turns":5}],"seed_played":"-6313878870438876732","potions_obtained":[{"floor":1.0,"key":"Explosive Potion"},{"floor":8.0,"key":"BlessingOfTheForge"},{"floor":11.0,"key":"FearPotion"},{"floor":12.0,"key":"PowerPotion"}],"is_trial":false,"path_per_floor":["M","?","?","?","$","R","E","M","T","T","M","M","?","?","R","B"],"character_chosen":"THE_SILENT","items_purchased":["Accuracy","Impatience"],"campfire_rested":0,"item_purchase_floors":[5,5],"current_hp_per_floor":[59,39,28,28,28,28,28,28,28,28,28,24,24,24,24,0,0],"gold":80,"neow_bonus":"THREE_ENEMY_KILL","is_daily":false,"chose_seed":false,"campfire_upgraded":2,"win_rate":0.0,"timestamp":1608320763,"path_taken":["M","?","?","?","$","R","E","M","T","?","M","?","?","?","R","BOSS"],"items_purchased_type":["Card","Card"],"build_version":"2020-12-13","purchased_purges":0,"victory":false,"max_hp_per_floor":[66,66,66,66,66,66,66,66,66,66,66,68,62,62,62,62,62],"card_choices":[{"not_picked":["Bouncing Flask","Poisoned Stab","Quick Slash"],"picked":"SKIP","floor":1.0},{"not_picked":["Flying Knee","Dash"],"picked":"Finisher","floor":7.0},{"not_picked":["Poisoned Stab","Calculated Gamble"],"picked":"Accuracy","floor":8.0},{"not_picked":["Setup","Outmaneuver"],"picked":"Accuracy","floor":11.0},{"not_picked":["Dodge and Roll","Deadly Poison","Heel Hook"],"picked":"Singing Bowl","floor":12.0}],"player_experience":560563,"relics_obtained":[{"floor":7.0,"key":"Singing Bowl"},{"floor":9.0,"key":"Mummified Hand"},{"floor":10.0,"key":"White Beast Statue"}],"event_choices":[{"damage_healed":0.0,"max_hp_gain":0.0,"max_hp_loss":0.0,"gold_gain":0.0,"event_name":"Shining Light","player_choice":"Entered Light","floor":2.0,"gold_loss":0.0,"damage_taken":20.0,"cards_upgraded":["Strike_G","Neutralize"]},{"damage_healed":0.0,"max_hp_gain":0.0,"max_hp_loss":0.0,"gold_gain":75.0,"event_name":"World of Goop","player_choice":"Gather Gold","floor":3.0,"gold_loss":0.0,"damage_taken":11.0},{"cards_removed":["Strike_G"],"damage_healed":0.0,"max_hp_gain":0.0,"max_hp_loss":0.0,"gold_gain":0.0,"event_name":"Living Wall","player_choice":"Forget","floor":4.0,"gold_loss":0.0,"damage_taken":0.0},{"damage_healed":0.0,"max_hp_gain":0.0,"max_hp_loss":6.0,"gold_gain":0.0,"event_name":"Golden Idol","player_choice":"Lose Max HP","floor":13.0,"gold_loss":0.0,"damage_taken":0.0,"relics_obtained":["Golden Idol"]},{"damage_healed":0.0,"max_hp_gain":0.0,"max_hp_loss":0.0,"gold_gain":0.0,"event_name":"Liars Game","player_choice":"Ignored","floor":14.0,"gold_loss":0.0,"damage_taken":0.0}],"is_beta":false,"boss_relics":[],"items_purged_floors":[],"is_endless":false,"potions_floor_spawned":[1,8,11,12],"killed_by":"Slime Boss","ascension_level":20}}