{"host":"q9718omregw4er46","time":1608308876,"event":{"mods":["BaseMod","Bestiary","Colored Powertips","Custom Start","Highlight Path","Minty Spire (QoL Compilation)","Practice Mode","Quick Restart","Relic Stats"],"gold_per_floor":[112,37,55,155,165,165,192,203,203,203,228,228,246,270,270,346,346,387,60,110,30,30,386,386,420,420,446,446,446,458,498,498,602,602,642,642,692,52,52,117,117,150,150,200,259,259,322,362,362,362,362,362,48,48,48],"floor_reached":54,"playtime":2400,"items_purged":["Strike_P","Strike_P","Defend_P","Defend_P"],"score":1573,"play_id":"9a94c03b-3fab-46e0-851d-b6f9f47a67e7","local_time":"20201218212756","is_ascension_mode":true,"campfire_choices":[{"data":"Conclude","floor":6,"key":"SMITH"},{"data":"ReachHeaven","floor":12,"key":"SMITH"},{"data":"Meditate","floor":15,"key":"SMITH"},{"data":"Wish","floor":24,"key":"SMITH"},{"data":"Vault","floor":28,"key":"SMITH"},{"data":"Wireheading","floor":32,"key":"SMITH"},{"data":"TalkToTheHand","floor":41,"key":"SMITH"},{"floor":49,"key":"RECALL"},{"data":"SpiritShield","floor":52,"key":"SMITH"}],"circlet_count":0,"master_deck":["AscendersBane","Strike_P","Defend_P","Defend_P","Eruption","Vigilance","FollowUp+1","CutThroughFate+1","Conclude+1","Vault+1","ReachHeaven+1","Tantrum","Wireheading+1","Meditate+1","Wish+1","Halt","FlurryOfBlows","SpiritShield+1","TalkToTheHand+1","Swift Strike","Nirvana+1","LikeWater+1","MentalFortress+1","LikeWater+1","Wireheading+1","Panacea","Dark Shackles"],"relics":["PureWater","Darkstone Periapt","Meat on the Bone","Eternal Feather","The Courier","Odd Mushroom","Runic Pyramid","Centennial Puzzle","TheAbacus","Old Coin","Shuriken","Turnip","Frozen Egg 2","Busted Crown","Bag of Marbles","Happy Flower","Ginger","Vajra","Girya","Whetstone","Orichalcum"],"acts_visited":["Exordium","TheCity","TheBeyond","TheEnding"],"potions_floor_usage":[7,16,25,27,40,45,54],"damage_taken":[{"damage":7,"enemies":"Jaw Worm","floor":1,"turns":3},{"damage":0,"enemies":"2 Louse","floor":3,"turns":2},{"damage":0,"enemies":"Cultist","floor":5,"turns":2},{"damage":7,"enemies":"3 Sentries","floor":7,"turns":3},{"damage":0,"enemies":"Exordium Thugs","floor":8,"turns":3},{"damage":21,"enemies":"Lagavulin","floor":11,"turns":6},{"damage":2,"enemies":"Large Slime","floor":13,"turns":4},{"damage":0,"enemies":"The Mushroom Lair","floor":14,"turns":3},{"damage":47,"enemies":"Hexaghost","floor":16,"turns":8},{"damage":0,"enemies":"Chosen","floor":18,"turns":3},{"damage":10,"enemies":"Gremlin Leader","floor":23,"turns":6},{"damage":14,"enemies":"Slavers","floor":25,"turns":2},{"damage":27,"enemies":"Book of Stabbing","floor":27,"turns":4},{"damage":0,"enemies":"2 Thieves","floor":30,"turns":2},{"damage":32,"enemies":"Shelled Parasite and Fungi","floor":31,"turns":5},{"damage":29,"enemies":"Collector","floor":33,"turns":9},{"damage":0,"enemies":"3 Darklings","floor":35,"turns":3},{"damage":19,"enemies":"Orb Walker","floor":37,"turns":3},{"damage":19,"enemies":"Giant Head","floor":40,"turns":6},{"damage":13,"enemies":"Nemesis","floor":42,"turns":8},{"damage":0,"enemies":"Sphere and 2 Shapes","floor":44,"turns":3},{"damage":2,"enemies":"Reptomancer","floor":45,"turns":5},{"damage":10,"enemies":"Giant Head","floor":47,"turns":7},{"damage":0,"enemies":"Spire Growth","floor":48,"turns":7},{"damage":7,"enemies":"Time Eater","floor":50,"turns":10},{"damage":88,"enemies":"Shield and Spear","floor":54,"turns":4}],"seed_played":"1383497493736860558","potions_obtained":[{"floor":5,"key":"AttackPotion"},{"floor":13,"key":"Strength Potion"},{"floor":16,"key":"Strength Potion"},{"floor":25,"key":"Dexterity Potion"},{"floor":27,"key":"SmokeBomb"},{"floor":37,"key":"SkillPotion"},{"floor":42,"key":"Swift Potion"},{"floor":44,"key":"DistilledChaos"},{"floor":48,"key":"Weak Potion"}],"is_trial":false,"path_per_floor":["M","?","M","?","M","R","E","M","T","T","E","R","M","?","R","B",null,"M","$","?","$","?","E","R","E","T","E","R","?","M","M","R","B",null,"M","?","M","$","?","E","R","E","T","M","E","?","E","M","R","B",null,"R","$","E"],"character_chosen":"WATCHER","items_purchased":["Centennial Puzzle","TheAbacus","LikeWater+1","Bag of Marbles","Happy Flower","Ginger","Panacea","Dark Shackles","AttackPotion"],"campfire_rested":0,"item_purchase_floors":[19,19,38,38,38,38,53,53,53],"current_hp_per_floor":[60,60,60,60,60,60,53,53,53,53,44,53,51,51,60,25,62,62,62,55,55,55,45,54,40,40,25,34,34,46,26,35,18,60,60,50,43,43,43,36,51,38,38,38,36,36,38,38,53,46,64,70,70,0,0],"gold":48,"neow_bonus":"TEN_PERCENT_HP_BONUS","is_daily":false,"chose_seed":false,"campfire_upgraded":8,"win_rate":0.0,"timestamp":1608308876,"path_taken":["M","?","M","?","?","R","E","M","T","?","E","R","M","?","R","BOSS","M","$","?","?","?","E","R","E","T","E","R","?","M","M","R","BOSS","M","?","M","$","?","E","R","E","T","M","E","?","E","M","R","BOSS","R","$","E"],"items_purchased_type":["Relic","Relic","Card","Relic","Relic","Relic","Card","Card","Potion"],"build_version":"2020-12-13","purchased_purges":4,"victory":false,"max_hp_per_floor":[74,74,74,74,74,74,74,74,74,74,74,74,74,74,74,74,74,74,74,74,74,74,74,74,74,74,74,74,74,74,74,74,74,74,74,74,74,74,70,70,70,70,70,70,70,70,70,70,70,70,70,70,70,70,70],"relic_stats":{"Darkstone Periapt":0,"Happy Flower":[16],"counters":[26,121],"Eternal Feather":81,"Ginger":[6],"Whetstone":["CutThroughFate","FollowUp"],"Orichalcum":[12],"Centennial Puzzle":[36],"TheAbacus":[78],"Busted Crown":22,"Shuriken":[47],"Turnip":[14],"obtain_stats":[{"Darkstone Periapt":7,"Girya":42,"Happy Flower":38,"Vajra":40,"Eternal Feather":10,"The Courier":11,"Ginger":38,"Whetstone":45,"Odd Mushroom":14,"Frozen Egg 2":27,"Orichalcum":47,"Old Coin":23,"Centennial Puzzle":19,"TheAbacus":19,"Busted Crown":34,"Shuriken":25,"Turnip":26,"Bag of Marbles":38,"PureWater":0,"Meat on the Bone":9,"Runic Pyramid":17},{"Darkstone Periapt":4,"Girya":20,"Happy Flower":18,"Vajra":19,"Eternal Feather":5,"The Courier":6,"Ginger":18,"Whetstone":22,"Odd Mushroom":8,"Frozen Egg 2":13,"Orichalcum":23,"Old Coin":11,"Centennial Puzzle":10,"TheAbacus":10,"Busted Crown":16,"Shuriken":12,"Turnip":12,"Bag of Marbles":18,"PureWater":0,"Meat on the Bone":5,"Runic Pyramid":9},{"Darkstone Periapt":10,"Girya":85,"Happy Flower":71,"Vajra":77,"Eternal Feather":13,"The Courier":19,"Ginger":71,"Whetstone":93,"Odd Mushroom":26,"Frozen Egg 2":49,"Orichalcum":100,"Old Coin":43,"Centennial Puzzle":37,"TheAbacus":37,"Busted Crown":65,"Shuriken":45,"Turnip":45,"Bag of Marbles":71,"PureWater":0,"Meat on the Bone":13,"Runic Pyramid":34}],"Meat on the Bone":108},"card_choices":[{"not_picked":["PathToVictory","CutThroughFate"],"picked":"FollowUp","floor":1},{"not_picked":["FollowUp","Indignation"],"picked":"CutThroughFate","floor":3},{"not_picked":["Swivel","Consecrate"],"picked":"Conclude","floor":5},{"not_picked":["BattleHymn","Ragnarok"],"picked":"Vault","floor":7},{"not_picked":["Evaluate","Weave"],"picked":"ReachHeaven","floor":8},{"not_picked":["Evaluate","Protect"],"picked":"Tantrum","floor":11},{"not_picked":["BattleHymn","Evaluate"],"picked":"Wireheading","floor":13},{"not_picked":["EmptyFist","PathToVictory"],"picked":"Meditate","floor":14},{"not_picked":["Judgement","MasterReality"],"picked":"Wish","floor":16},{"not_picked":["PathToVictory","EmptyBody","Meditate"],"picked":"SKIP","floor":18},{"not_picked":["SashWhip","MasterReality","InnerPeace"],"picked":"SKIP","floor":23},{"not_picked":["Worship","Sanctity","CarveReality"],"picked":"SKIP","floor":25},{"not_picked":["ClearTheMind","Fasting2+1","ThirdEye"],"picked":"SKIP","floor":27},{"not_picked":["CarveReality","BowlingBash"],"picked":"Halt","floor":30},{"not_picked":["PathToVictory","Evaluate"],"picked":"FlurryOfBlows","floor":31},{"not_picked":["Wish","Blasphemy"],"picked":"SpiritShield","floor":33},{"not_picked":[],"picked":"TalkToTheHand","floor":35},{"not_picked":[],"picked":"Forethought","floor":36},{"not_picked":[],"picked":"Swift Strike","floor":36},{"not_picked":[],"picked":"Nirvana+1","floor":37},{"not_picked":[],"picked":"MentalFortress+1","floor":40},{"not_picked":["EmptyFist"],"picked":"SKIP","floor":42},{"not_picked":[],"picked":"LikeWater+1","floor":44},{"not_picked":[],"picked":"Wireheading+1","floor":45},{"not_picked":["Protect"],"picked":"SKIP","floor":47},{"not_picked":["ThirdEye"],"picked":"SKIP","floor":48}],"player_experience":1038348,"relics_obtained":[{"floor":7,"key":"Darkstone Periapt"},{"floor":9,"key":"Meat on the Bone"},{"floor":10,"key":"Eternal Feather"},{"floor":11,"key":"The Courier"},{"floor":14,"key":"Odd Mushroom"},{"floor":23,"key":"Old Coin"},{"floor":25,"key":"Shuriken"},{"floor":26,"key":"Turnip"},{"floor":27,"key":"Frozen Egg 2"},{"floor":40,"key":"Vajra"},{"floor":42,"key":"Girya"},{"floor":45,"key":"Whetstone"},{"floor":47,"key":"Orichalcum"}],"event_choices":[{"cards_removed":["Strike_P"],"damage_healed":0,"gold_gain":0,"player_choice":"Card Removal","damage_taken":0,"max_hp_gain":0,"max_hp_loss":0,"event_name":"The Cleric","floor":2,"gold_loss":75},{"damage_healed":0,"gold_gain":100,"player_choice":"Gold","damage_taken":0,"max_hp_gain":0,"max_hp_loss":0,"event_name":"Wheel of Change","floor":4,"gold_loss":0},{"damage_healed":0,"gold_gain":0,"player_choice":"Fought Mushrooms","damage_taken":0,"max_hp_gain":0,"max_hp_loss":0,"event_name":"Mushrooms","floor":14,"gold_loss":0},{"damage_healed":0,"gold_gain":50,"player_choice":"Touch","damage_taken":7,"max_hp_gain":0,"max_hp_loss":0,"event_name":"FaceTrader","floor":20,"gold_loss":0},{"damage_healed":0,"gold_gain":0,"player_choice":"Ignored","damage_taken":0,"max_hp_gain":0,"max_hp_loss":0,"event_name":"Vampires","floor":29,"gold_loss":0},{"damage_healed":0,"gold_gain":0,"player_choice":"Memory 3","damage_taken":10,"max_hp_gain":0,"max_hp_loss":0,"event_name":"SensoryStone","floor":36,"gold_loss":0},{"damage_healed":0,"gold_gain":0,"player_choice":"Max HP","damage_taken":0,"max_hp_gain":0,"max_hp_loss":4,"event_name":"Winding Halls","floor":39,"gold_loss":0},{"cards_removed":["Forethought"],"damage_healed":0,"gold_gain":0,"player_choice":"Removed Skill","damage_taken":0,"max_hp_gain":0,"max_hp_loss":0,"event_name":"Falling","floor":46,"gold_loss":0}],"is_beta":false,"boss_relics":[{"not_picked":["Empty Cage","Ectoplasm"],"picked":"Runic Pyramid"},{"not_picked":["Black Star","Tiny House"],"picked":"Busted Crown"}],"items_purged_floors":[19,21,38,53],"is_endless":false,"potions_floor_spawned":[5,13,16,25,27,37,42,44,48],"killed_by":"Shield and Spear","ascension_level":19}}