{"host":"p5aq29s28win9gfx","time":1608323210,"event":{"mods":["Ascension Reborn","BaseMod","BetterRewards","CapriCore","Custom Start","Duelist Mod","GifTheSpireLib","Infinite Spire","Minty Spire (QoL Compilation)","Replay The Spire","Shop Mod","Spicy Shops","StSLib","Stuff the Spire","The Animator","The Bug Knight","The Cursed","The Death Knight","The Immortal"],"gold_per_floor":[116,136,152,34,4,4,37,37,63,114,34,47,60,91,91,91,91],"floor_reached":16,"playtime":1952,"items_purged":[],"score":112,"play_id":"168985d7-8c1f-4c72-8284-81167ed33b60","local_time":"20201218212650","is_ascension_mode":true,"campfire_choices":[{"data":"MokouMod:WarmUp","floor":6,"key":"SMITH"},{"floor":8,"key":"REST"}],"circlet_count":0,"master_deck":["MokouMod:Strike","MokouMod:Strike","MokouMod:Strike","MokouMod:Strike","MokouMod:Strike","MokouMod:Defend","MokouMod:Defend","MokouMod:Defend","MokouMod:Defend","MokouMod:HeatSpark","MokouMod:WarmUp+1","MokouMod:ScorchedEarth","MokouMod:ScorchingColumn","MokouMod:FlareStarter","MokouMod:FlareStarter","MokouMod:DanceofFlames","MokouMod:FujiyamaVolcano","ReplayTheSpireMod:IOU","ReplayTheSpireMod:IOU","ReplayTheSpireMod:IOU","MokouMod:FlareStarter+1","MokouMod:IgneousBlow","MokouMod:ScorchingColumn","MokouMod:Overheat+1"],"relics":["MokouMod:PhoenixFeather","Replay:Wax Seal","Toxic Egg 2","MerchantsRug","Blue Doll"],"acts_visited":["Exordium"],"potions_floor_usage":[14,14,14],"damage_taken":[{"damage":13,"enemies":"Cultist","floor":1,"turns":5},{"damage":9,"enemies":"Small Slimes","floor":2,"turns":5},{"damage":7,"enemies":"2 Louse","floor":3,"turns":3},{"damage":10,"enemies":"Looter","floor":5,"turns":4},{"damage":48,"enemies":"Gremlin Nob","floor":7,"turns":6},{"damage":9,"enemies":"Large Slime","floor":11,"turns":8},{"damage":21,"enemies":"Blue Slaver","floor":12,"turns":4},{"damage":10,"enemies":"Looter","floor":13,"turns":3},{"damage":27,"enemies":"Lagavulin","floor":14,"turns":7},{"damage":0,"enemies":"Slime Boss","floor":16,"turns":1}],"seed_played":"2999512033484518495","potions_obtained":[{"floor":1,"key":"SkillPotion"},{"floor":2,"key":"Doom Potion"},{"floor":7,"key":"Strength Potion"},{"floor":11,"key":"ColorlessPotion"}],"is_trial":false,"path_per_floor":["M","M","M","$","M","R","E","R","T","$","M","M","M","E","R","B"],"character_chosen":"MKU","items_purchased":["Replay:Wax Seal","MokouMod:FlareStarter","Toxic Egg 2","MerchantsRug"],"campfire_rested":1,"item_purchase_floors":[4,4,10,10],"current_hp_per_floor":[69,60,53,53,43,43,20,44,44,44,35,14,4,8,8,8,8],"gold":91,"neow_bonus":"TEN_PERCENT_HP_BONUS","is_daily":false,"chose_seed":false,"campfire_upgraded":1,"win_rate":0.0,"timestamp":1608323210,"path_taken":["M","M","?","$","M","R","E","R","T","$","M","M","M","E","R","BOSS"],"items_purchased_type":["Relic","Card","Relic","Relic"],"build_version":"2020-12-13","purchased_purges":0,"victory":false,"max_hp_per_floor":[82,82,82,82,82,82,82,82,82,82,82,82,82,82,82,82,82],"card_choices":[{"not_picked":["MokouMod:ThermalPressure","MokouMod:Meltdown"],"picked":"MokouMod:WarmUp","floor":1},{"not_picked":["MokouMod:CrimsonFlare","MokouMod:RetainTemperature"],"picked":"MokouMod:ScorchedEarth","floor":2},{"not_picked":["MokouMod:FlickeringFlame","MokouMod:InfernalWave"],"picked":"MokouMod:ScorchingColumn","floor":3},{"not_picked":["MokouMod:IndiscriminateIgnition","MokouMod:Singe"],"picked":"MokouMod:DanceofFlames","floor":5},{"not_picked":["MokouMod:FlareStarter","MokouMod:BurningDraft"],"picked":"MokouMod:FujiyamaVolcano","floor":7},{"not_picked":["MokouMod:ScorchingColumn","MokouMod:ProfanedFlare+1"],"picked":"MokouMod:FlareStarter+1","floor":11},{"not_picked":["MokouMod:RoaringFlare","MokouMod:FlamingFireTalons"],"picked":"MokouMod:IgneousBlow","floor":12},{"not_picked":["MokouMod:Burn+1","MokouMod:RoaringFlare"],"picked":"MokouMod:ScorchingColumn","floor":13},{"not_picked":["MokouMod:Stoke+1","MokouMod:Singe"],"picked":"MokouMod:Overheat+1","floor":14}],"player_experience":176000,"relics_obtained":[{"floor":7,"key":"ReplayFunnel"},{"floor":14,"key":"Blue Doll"}],"event_choices":[{"damage_healed":0,"gold_gain":0,"player_choice":"Ignored","damage_taken":0,"max_hp_gain":0,"max_hp_loss":0,"event_name":"NoteForYourself","floor":15,"gold_loss":0}],"is_beta":false,"boss_relics":[],"items_purged_floors":[],"is_endless":false,"potions_floor_spawned":[1,2,7,11,12],"killed_by":"Slime Boss","ascension_level":0}}