{"host":"k5j3culymg4irp71","time":1608263237,"event":{"mods":["2.2 Compatiblity","Act Like it!","Art Attack!","Aspiration","Astrologer","Bard","BaseMod","Bestiary","Better Match","BetterRewards","Block Reminder","CCEM","Colored Map","Colored Powertips","Conspire","Downfall","Emptier Cage","Energized Spire","GifTheSpireLib","Halation","Hallownest","Hermit","Hubris","Infinite Spire","Ironclad Rager","Minty Spire (QoL Compilation)","Pale of the Ancients","Quarter Circle Forward PUNCH!","Rare Cards Sparkle","Replay The Spire","Shade Mod","Shop Mod","Spikes Relics","StSLib","Stuff the Spire","The Animator","The Blackbeard","The Bladedancer","The Blue Laboratory","The Cursed","The Druid","The Forsaken","The Gatherer","The Hayseed","The Hierophant","The Juggle","The Runesmith","The Servant 0.9.4","TheArtist","Waifu the Spire","Wandering Minibosses","slay the spire mod where everything is the same but ironclad has a cowboy hat","vexMod"],"gold_per_floor":[99,111,111,140,153,179,202,235,235,267,280,255,266,105,115,115,115],"floor_reached":16,"playtime":1349,"items_purged":[],"score":147,"play_id":"0ae94cba-408d-4e35-9696-8bc2418f3c70","local_time":"20201217194717","is_ascension_mode":false,"campfire_choices":[{"data":"sneckomod:SnekBite","floor":1,"key":"SMITH"},{"data":"sneckomod:TailWhip","floor":3,"key":"SMITH"}],"circlet_count":0,"master_deck":["sneckomod:Strike","sneckomod:Strike","sneckomod:Strike","sneckomod:Defend","sneckomod:Defend","sneckomod:Defend","sneckomod:TailWhip+1","sneckomod:SnekBite+1","sneckomod:Unknown","sneckomod:Unknown","sneckomod:UnknownCommonAttack","sneckomod:QuickBite","sneckomod:UnknownStrike","sneckomod:SnekBeam","sneckomod:UnlimitedRolls","sneckomod:MorePower","sneckomod:UnknownClassJUGGLER_ORANGE","sneckomod:Unknown1Cost+1","sneckomod:UnknownVulnerable","sneckomod:UnknownWeak+1","sneckomod:SerpentMind","Pot Of Greed","Pot Of Greed","sneckomod:Unknown+1","sneckomod:RainOfDice"],"relics":["sneckomod:SneckoSoul","CCEMRelics:TinyMinotavrHorn","halation:KoshaPiece","qcfpunch:Red_Beret","Grinning Jar"],"acts_visited":["Exordium"],"potions_floor_usage":[16,16,16],"damage_taken":[{"damage":2,"enemies":"conspire:RoseBush","floor":2,"turns":4},{"damage":12,"enemies":"Lagavulin","floor":4,"turns":5},{"damage":7,"enemies":"Small Slimes","floor":5,"turns":6},{"damage":0,"enemies":"Cultist","floor":6,"turns":3},{"damage":11,"enemies":"Replay:BlueRogue","floor":8,"turns":4},{"damage":26,"enemies":"Lagavulin","floor":10,"turns":5},{"damage":10,"enemies":"Gremlin Gang","floor":11,"turns":3},{"damage":13,"enemies":"3 Louse","floor":13,"turns":2},{"damage":10,"enemies":"downfall:FleeingMerchant","floor":14,"turns":4},{"damage":12,"enemies":"2 Fungi Beasts","floor":15,"turns":2},{"damage":16,"enemies":"downfall:Ironclad","floor":16,"turns":2}],"seed_played":"-6253087912490353742","potions_obtained":[{"floor":5,"key":"BlessingOfTheForge"},{"floor":6,"key":"sneckomod:MuddlingPotion"},{"floor":10,"key":"Weak Potion"},{"floor":11,"key":"Dexterity Potion"},{"floor":15,"key":"Languid Potion"}],"is_trial":false,"path_per_floor":["R_BF","M","R","E","M","M","T","E","?","E","M","?","M","$","M","B"],"character_chosen":"THE_SNECKO","items_purchased":["Grinning Jar"],"campfire_rested":0,"item_purchase_floors":[14],"current_hp_per_floor":[99,98,98,86,80,80,80,69,69,43,34,34,23,14,3,0,0],"gold":115,"neow_bonus":"TEN_PERCENT_HP_BONUS","is_daily":false,"chose_seed":false,"campfire_upgraded":2,"win_rate":0.0,"timestamp":1608263237,"path_taken":["R_BF","M","R","E","M","M","T","E","?","E","M","?","M","$","M","BOSS"],"items_purchased_type":["Relic"],"build_version":"2020-12-13","purchased_purges":0,"victory":false,"max_hp_per_floor":[99,100,100,100,101,101,101,101,101,101,102,102,104,105,106,106,106],"card_choices":[{"not_picked":["sneckomod:SoulDraw","sneckomod:UnknownWeak"],"picked":"sneckomod:UnknownCommonAttack","floor":2},{"not_picked":["sneckomod:SoulExchange","sneckomod:PureSnecko"],"picked":"sneckomod:QuickBite","floor":4},{"not_picked":["sneckomod:Nope","sneckomod:UnknownWeak"],"picked":"sneckomod:UnknownStrike","floor":5},{"not_picked":["sneckomod:Unknown1Cost","sneckomod:UnknownClassSLIMEBOUND"],"picked":"sneckomod:SnekBeam","floor":6},{"not_picked":["sneckomod:UnknownStrike","sneckomod:UnknownClassGATHERER_LIME"],"picked":"sneckomod:UnlimitedRolls","floor":8},{"not_picked":["sneckomod:UnknownClassTHE_UNNAMED","sneckomod:UnknownClassSILVER"],"picked":"sneckomod:MorePower","floor":10},{"not_picked":["sneckomod:UnknownClassHEXA_GHOST_PURPLE","sneckomod:SoulRoll"],"picked":"sneckomod:UnknownClassJUGGLER_ORANGE","floor":11},{"not_picked":["sneckomod:UnknownClassTHE_UNNAMED+1","sneckomod:UnknownClassASTROLOGER+1"],"picked":"sneckomod:Unknown1Cost+1","floor":13},{"not_picked":["sneckomod:UnknownCommonAttack","sneckomod:Unknown1Cost"],"picked":"sneckomod:UnknownVulnerable","floor":13},{"not_picked":["sneckomod:UnknownClassRUNESMITH_BEIGE+1","sneckomod:UnknownClassBLUE+1"],"picked":"sneckomod:UnknownWeak+1","floor":14},{"not_picked":["sneckomod:SlitherStrike","sneckomod:UnknownClassSILVER"],"picked":"sneckomod:SerpentMind","floor":14},{"not_picked":["sneckomod:UnknownEthereal+1","sneckomod:UnknownClassORANGE+1"],"picked":"sneckomod:Unknown+1","floor":15},{"not_picked":["sneckomod:UnknownClassRUNESMITH_BEIGE","sneckomod:UnknownClassPURPLE"],"picked":"sneckomod:RainOfDice","floor":15}],"player_experience":27361,"relics_obtained":[{"floor":4,"key":"CCEMRelics:TinyMinotavrHorn"},{"floor":8,"key":"halation:KoshaPiece"},{"floor":10,"key":"qcfpunch:Red_Beret"}],"event_choices":[],"is_beta":false,"boss_relics":[],"items_purged_floors":[],"is_endless":false,"potions_floor_spawned":[5,6,10,11,15],"killed_by":"downfall:Ironclad","ascension_level":0}}