{"host":"2k96kai96havp3pq","time":1608320679,"event":{"mods":["BaseMod","Colored Map","Colored Powertips","Downfall","Hermit","Minty Spire (QoL Compilation)","Relic Stats","Replay The Spire","StSLib","The Cursed","The Hierophant","The Servant 0.9.4"],"gold_per_floor":[99,110,125,50,61,61,61,95,195,195,205,215,365,376,387,387,387],"floor_reached":16,"playtime":1063,"items_purged":[],"score":104,"play_id":"fe9cf0be-03d1-484f-9414-969fc8284092","local_time":"20201218134439","is_ascension_mode":false,"campfire_choices":[{"floor":1,"key":"RECALL"},{"data":"sneckomod:Unknown","floor":4,"key":"SMITH"},{"data":"sneckomod:UnknownClassSLIMEBOUND","floor":6,"key":"SMITH"},{"floor":10,"key":"REST"}],"circlet_count":0,"master_deck":["sneckomod:Strike","sneckomod:Strike","sneckomod:Strike","sneckomod:Defend+1","sneckomod:Defend+1","sneckomod:Defend","sneckomod:TailWhip","sneckomod:SnekBite","sneckomod:Unknown+1","sneckomod:Unknown","sneckomod:UnknownClassSLIMEBOUND","sneckomod:UnknownWeak","sneckomod:UnknownClassSLIMEBOUND+1","sneckomod:UnknownCommonSkill","sneckomod:UnknownClassBLUE","sneckomod:DiceBlock","sneckomod:CheapStock","sneckomod:UnknownBlock","sneckomod:Unknown2Cost","sneckomod:UnknownRareSkill"],"relics":["sneckomod:SneckoSoul","downfall:HeartBlessingRed","Singing Bowl","Nunchaku","Toy Ornithopter"],"acts_visited":["Exordium"],"potions_floor_usage":[14,15,16],"damage_taken":[{"damage":0,"enemies":"Jaw Worm","floor":2,"turns":3},{"damage":0,"enemies":"Cultist","floor":3,"turns":2},{"damage":4,"enemies":"Small Slimes","floor":5,"turns":3},{"damage":29,"enemies":"Lagavulin","floor":8,"turns":4},{"damage":54,"enemies":"downfall:LadyInBlue","floor":9,"turns":11},{"damage":0,"enemies":"Gremlin Gang","floor":11,"turns":2},{"damage":10,"enemies":"Exordium Thugs","floor":12,"turns":3},{"damage":13,"enemies":"Lots of Slimes","floor":14,"turns":6},{"damage":3,"enemies":"Exordium Wildlife","floor":15,"turns":1},{"damage":42,"enemies":"downfall:Silent","floor":16,"turns":10}],"seed_played":"-4665234416452622919","potions_obtained":[{"floor":9,"key":"SteroidPotion"},{"floor":9,"key":"sneckomod:MuddlingPotion"},{"floor":9,"key":"SneckoOil"},{"floor":11,"key":"Languid Potion"},{"floor":14,"key":"Toxic Potion"}],"is_trial":false,"path_per_floor":["R","M","M","R","M","R","T","E","?","R","M","M","?","M","M","B"],"character_chosen":"THE_SNECKO","items_purchased":[],"campfire_rested":1,"item_purchase_floors":[],"current_hp_per_floor":[90,91,93,93,94,94,94,66,16,44,44,35,35,31,34,0,0],"gold":387,"neow_bonus":"RANDOM_COMMON_RELIC","is_daily":false,"chose_seed":false,"campfire_upgraded":2,"win_rate":0.0,"timestamp":1608320679,"path_taken":["R","M","M","R","M","R","T","E","?","R","M","?","?","?","M","BOSS"],"items_purchased_type":[],"build_version":"2020-12-13","purchased_purges":0,"victory":false,"max_hp_per_floor":[90,91,93,93,94,94,94,95,95,95,95,96,96,97,98,98,98],"relic_stats":{"Nunchaku":[5],"Singing Bowl":0,"counters":[10,45],"obtain_stats":[{"Nunchaku":8,"downfall:HeartBlessingRed":4,"Singing Bowl":7,"War Paint":0,"sneckomod:SneckoSoul":0,"Toy Ornithopter":9},{"Nunchaku":4,"downfall:HeartBlessingRed":2,"Singing Bowl":3,"War Paint":0,"sneckomod:SneckoSoul":0,"Toy Ornithopter":5},{"Nunchaku":12,"downfall:HeartBlessingRed":5,"Singing Bowl":8,"War Paint":0,"sneckomod:SneckoSoul":0,"Toy Ornithopter":23}],"Toy Ornithopter":15},"card_choices":[{"not_picked":["sneckomod:UnknownCommonSkill","sneckomod:Unknown1Cost"],"picked":"sneckomod:UnknownClassSLIMEBOUND","floor":2},{"not_picked":["sneckomod:UnknownCommonAttack","sneckomod:UnknownClassTHE_CURSED_PURPLE"],"picked":"sneckomod:UnknownWeak","floor":3},{"not_picked":["sneckomod:UnknownClassGREEN","sneckomod:UnknownClassGUARDIAN"],"picked":"sneckomod:UnknownClassSLIMEBOUND","floor":3},{"not_picked":["sneckomod:Nope","sneckomod:IronFang"],"picked":"sneckomod:UnknownCommonSkill","floor":5},{"not_picked":["sneckomod:IronFang","sneckomod:UnknownWeak"],"picked":"sneckomod:UnknownClassBLUE","floor":8},{"not_picked":["sneckomod:SoulExchange","sneckomod:TrashToTreasure"],"picked":"sneckomod:DiceBlock","floor":9},{"not_picked":["sneckomod:UnknownUncommonSkill","sneckomod:Nope"],"picked":"sneckomod:CheapStock","floor":11},{"not_picked":["sneckomod:QuickMove","sneckomod:UnknownVulnerable"],"picked":"sneckomod:UnknownBlock","floor":12},{"not_picked":["sneckomod:RainOfDice","sneckomod:QuickBite"],"picked":"sneckomod:Unknown2Cost","floor":14},{"not_picked":["sneckomod:UnknownBlock","sneckomod:UnknownVulnerable"],"picked":"sneckomod:UnknownRareSkill","floor":15}],"player_experience":352681,"relics_obtained":[{"floor":7,"key":"Singing Bowl"},{"floor":8,"key":"Nunchaku"},{"floor":9,"key":"Toy Ornithopter"}],"event_choices":[],"is_beta":false,"boss_relics":[],"items_purged_floors":[],"is_endless":false,"potions_floor_spawned":[11,14],"killed_by":"downfall:Silent","ascension_level":0}}