{"host":"bq4pt811tk9yrmjl","time":1608326442,"event":{"mods":["AchievementEnabler","BaseMod","Colored Map","Colored Powertips","Defuse TimeMaze Blight","Minty Spire (QoL Compilation)","StSLib","SuperFastMode","UnlockEverythingMod"],"gold_per_floor":[119,45,45,62,62,88,99,99,99,99,129,129,129,129,129,259,259,272,290,290,205,205,205,245,266,266,289,314,160,198,198,198,317,317,338,352,262,53,68,68,93,124,124,49,49,72,72,115,115,115,115,115,65,100,100],"floor_reached":56,"playtime":1509,"items_purged":["Strike_G"],"score":1481,"play_id":"ac0452ef-eb5a-48ff-be65-6b8aadced518","local_time":"20201218192042","is_ascension_mode":true,"campfire_choices":[{"data":"Accuracy","floor":8.0,"key":"SMITH"},{"data":"Leg Sweep","floor":10.0,"key":"SMITH"},{"data":"Terror","floor":12.0,"key":"SMITH"},{"floor":15.0,"key":"REST"},{"data":"After Image","floor":23,"key":"SMITH"},{"data":"Accuracy","floor":32,"key":"SMITH"},{"floor":45,"key":"REST"},{"floor":47,"key":"RECALL"},{"data":"Envenom","floor":49,"key":"SMITH"},{"data":"Blade Dance","floor":52,"key":"SMITH"}],"circlet_count":0,"master_deck":["Strike_G","Strike_G","Strike_G","Defend_G","Defend_G","Defend_G","Defend_G+1","Defend_G","Survivor","Neutralize+1","Leg Sweep+1","Accuracy+1","Blade Dance+1","Blade Dance","Terror+1","After Image+1","Infinite Blades+1","Backstab+1","Dodge and Roll+1","Cloak And Dagger+1","Bouncing Flask+1","Blur+1","Accuracy+1","Escape Plan+1","Envenom+1","Phantasmal Killer+1","After Image+1","PiercingWail+1","Noxious Fumes+1"],"relics":["Ring of the Snake","NeowsBlessing","Meat on the Bone","Ginger","Happy Flower","Golden Idol","Black Star","Toy Ornithopter","Nunchaku","Dream Catcher","Pear","Toxic Egg 2","Omamori","StoneCalendar","Busted Crown","DollysMirror","Question Card","Lantern","Bottled Flame","Mummified Hand","Oddly Smooth Stone","Eternal Feather","Unceasing Top"],"acts_visited":["Exordium","TheCity","TheBeyond","TheEnding"],"potions_floor_usage":[18,27,30,48,50,55],"damage_taken":[{"damage":0.0,"enemies":"Small Slimes","floor":1.0,"turns":1.0},{"damage":0.0,"enemies":"Jaw Worm","floor":4.0,"turns":1.0},{"damage":0.0,"enemies":"Gremlin Nob","floor":6.0,"turns":1.0},{"damage":0.0,"enemies":"2 Louse","floor":7.0,"turns":4.0},{"damage":0.0,"enemies":"3 Sentries","floor":11.0,"turns":6.0},{"damage":0.0,"enemies":"Slime Boss","floor":16.0,"turns":4.0},{"damage":20,"enemies":"2 Thieves","floor":18,"turns":3},{"damage":5,"enemies":"Shell Parasite","floor":19,"turns":4},{"damage":0,"enemies":"Book of Stabbing","floor":24,"turns":6},{"damage":0,"enemies":"Snake Plant","floor":25,"turns":5},{"damage":5,"enemies":"Shelled Parasite and Fungi","floor":27,"turns":2},{"damage":0,"enemies":"Centurion and Healer","floor":28,"turns":4},{"damage":40,"enemies":"Gremlin Leader","floor":30,"turns":8},{"damage":14,"enemies":"Champ","floor":33,"turns":7},{"damage":8,"enemies":"3 Darklings","floor":35,"turns":7},{"damage":1,"enemies":"Orb Walker","floor":36,"turns":4},{"damage":0,"enemies":"Sphere and 2 Shapes","floor":39,"turns":3},{"damage":18,"enemies":"Spire Growth","floor":41,"turns":4},{"damage":0,"enemies":"Nemesis","floor":42,"turns":7},{"damage":7,"enemies":"Writhing Mass","floor":46,"turns":6},{"damage":0,"enemies":"Giant Head","floor":48,"turns":5},{"damage":21,"enemies":"Time Eater","floor":50,"turns":7},{"damage":2,"enemies":"Shield and Spear","floor":54,"turns":6},{"damage":15,"enemies":"The Heart","floor":55,"turns":8}],"seed_played":"335822860798483084","potions_obtained":[{"floor":1.0,"key":"CunningPotion"},{"floor":11.0,"key":"Poison Potion"},{"floor":16.0,"key":"FairyPotion"},{"floor":24,"key":"CunningPotion"},{"floor":28,"key":"GamblersBrew"},{"floor":33,"key":"Strength Potion"},{"floor":36,"key":"Dexterity Potion"},{"floor":48,"key":"Fruit Juice"}],"is_trial":false,"path_per_floor":["M","$","?","M","?","E","M","R","T","R","E","R","?","?","R","B",null,"M","M","?","?","?","R","E","M","T","M","M","$","E","?","R","B",null,"M","M","?","$","M","?","M","E","T","$","R","M","R","E","R","B",null,"R","$","E","B",null],"character_chosen":"THE_SILENT","items_purchased":["Accuracy","Accuracy","Escape Plan+1","DollysMirror","PiercingWail+1","PowerPotion"],"campfire_rested":2,"item_purchase_floors":[2,29,29,38,38,53],"current_hp_per_floor":[70,70,70,70,75,75,75,75,75,75,75,75,50,32,54,54,75,55,50,50,50,75,75,85,85,85,80,80,80,45,45,45,43,85,77,76,76,76,76,76,58,58,58,58,83,76,76,86,86,69,90,90,90,88,76],"gold":100,"neow_bonus":"THREE_ENEMY_KILL","is_daily":false,"chose_seed":false,"campfire_upgraded":7,"win_rate":0.0,"timestamp":1608326442,"path_taken":["M","$","?","M","?","E","M","R","T","R","E","R","?","?","R","BOSS","M","M","?","?","?","R","E","M","T","M","M","$","E","?","R","BOSS","M","M","?","?","M","?","M","E","T","$","R","M","R","E","R","BOSS","R","$","E","BOSS"],"items_purchased_type":["Card","Card","Card","Relic","Card","Potion"],"build_version":"2020-12-13","purchased_purges":1,"victory":true,"max_hp_per_floor":[70,70,70,70,75,75,75,75,75,75,75,75,75,75,75,75,75,75,75,75,75,75,75,85,85,85,85,85,85,85,85,85,85,85,85,85,85,85,85,85,85,85,85,85,85,85,85,90,90,90,90,90,90,90,90],"card_choices":[{"not_picked":["Blur","Escape Plan"],"picked":"Leg Sweep","floor":1.0},{"not_picked":["Predator","Reflex","Quick Slash"],"picked":"SKIP","floor":4.0},{"not_picked":["Deadly Poison","Underhanded Strike"],"picked":"Blade Dance","floor":6.0},{"not_picked":["Backflip","Tactician"],"picked":"Blade Dance","floor":7.0},{"not_picked":["Reflex","Dagger Spray"],"picked":"Terror","floor":11.0},{"not_picked":["Storm of Steel","Venomology"],"picked":"After Image","floor":16.0},{"not_picked":["Deadly Poison+1","Caltrops"],"picked":"Infinite Blades+1","floor":18},{"not_picked":["Underhanded Strike+1","Infinite Blades"],"picked":"Backstab+1","floor":19},{"not_picked":["Poisoned Stab","Infinite Blades+1"],"picked":"Dodge and Roll+1","floor":24},{"not_picked":["Dagger Spray+1","Catalyst"],"picked":"Cloak And Dagger+1","floor":25},{"not_picked":["Slice","Expertise+1"],"picked":"Bouncing Flask+1","floor":27},{"not_picked":["Backflip+1","Calculated Gamble+1"],"picked":"Blur+1","floor":28},{"not_picked":["Well Laid Plans+1","Catalyst+1"],"picked":"Envenom","floor":30},{"not_picked":["Die Die Die","A Thousand Cuts"],"picked":"Phantasmal Killer+1","floor":33},{"not_picked":["Heel Hook+1"],"picked":"SKIP","floor":35},{"not_picked":["Dodge and Roll+1"],"picked":"SKIP","floor":36},{"not_picked":["Bane+1"],"picked":"SKIP","floor":39},{"not_picked":["Riddle With Holes"],"picked":"SKIP","floor":41},{"not_picked":["Flying Knee"],"picked":"SKIP","floor":42},{"not_picked":["Deadly Poison+1"],"picked":"Noxious Fumes+1","floor":46},{"not_picked":["Noxious Fumes+1","Dagger Throw"],"picked":"SKIP","floor":48},{"not_picked":["Calculated Gamble+1","Reflex+1"],"picked":"SKIP","floor":54}],"player_experience":74865,"relics_obtained":[{"floor":6.0,"key":"Meat on the Bone"},{"floor":11.0,"key":"Ginger"},{"floor":24,"key":"Dream Catcher"},{"floor":24,"key":"Pear"},{"floor":26,"key":"Toxic Egg 2"},{"floor":30,"key":"Omamori"},{"floor":30,"key":"StoneCalendar"},{"floor":42,"key":"Question Card"},{"floor":42,"key":"Lantern"},{"floor":43,"key":"Bottled Flame"},{"floor":48,"key":"Mummified Hand"},{"floor":48,"key":"Oddly Smooth Stone"},{"floor":54,"key":"Eternal Feather"},{"floor":54,"key":"Unceasing Top"}],"event_choices":[{"damage_healed":0.0,"max_hp_gain":0.0,"max_hp_loss":0.0,"gold_gain":0.0,"event_name":"Living Wall","player_choice":"Grow","floor":3.0,"gold_loss":0.0,"damage_taken":0.0,"cards_upgraded":["Neutralize"]},{"damage_healed":0.0,"max_hp_gain":5.0,"max_hp_loss":0.0,"gold_gain":0.0,"event_name":"Big Fish","player_choice":"Donut","floor":5.0,"gold_loss":0.0,"damage_taken":0.0},{"damage_healed":0.0,"max_hp_gain":0.0,"max_hp_loss":0.0,"gold_gain":0.0,"event_name":"Scrap Ooze","player_choice":"Success","floor":13.0,"gold_loss":0.0,"damage_taken":25.0,"relics_obtained":["Happy Flower"]},{"damage_healed":0.0,"max_hp_gain":0.0,"max_hp_loss":0.0,"gold_gain":0.0,"event_name":"Golden Idol","player_choice":"Take Damage","floor":14.0,"gold_loss":0.0,"damage_taken":18.0,"relics_obtained":["Golden Idol"]},{"damage_healed":0,"gold_gain":0,"player_choice":"Opened","damage_taken":0,"relics_obtained":["Toy Ornithopter"],"max_hp_gain":0,"max_hp_loss":0,"event_name":"The Mausoleum","floor":20,"gold_loss":0},{"damage_healed":0,"gold_gain":0,"player_choice":"Obtained Relic","damage_taken":0,"relics_obtained":["Nunchaku"],"max_hp_gain":0,"max_hp_loss":0,"event_name":"Addict","floor":21,"gold_loss":85},{"damage_healed":25,"gold_gain":0,"player_choice":"Heal","damage_taken":0,"max_hp_gain":0,"max_hp_loss":0,"event_name":"The Library","floor":22,"gold_loss":0},{"damage_healed":0,"gold_gain":0,"player_choice":"Ignored","damage_taken":0,"max_hp_gain":0,"max_hp_loss":0,"event_name":"Ghosts","floor":31,"gold_loss":0},{"cards_removed":["Strike_G"],"damage_healed":0,"gold_gain":0,"player_choice":"Upgrade and Remove","damage_taken":0,"max_hp_gain":0,"max_hp_loss":0,"event_name":"Designer","floor":37,"gold_loss":90,"cards_upgraded":["Defend_G"]},{"damage_healed":0,"gold_gain":0,"player_choice":"Ignored","damage_taken":0,"max_hp_gain":0,"max_hp_loss":0,"event_name":"NoteForYourself","floor":40,"gold_loss":0}],"is_beta":false,"boss_relics":[{"not_picked":["Snecko Eye","HoveringKite"],"picked":"Black Star"},{"not_picked":["Fusion Hammer","Empty Cage"],"picked":"Busted Crown"}],"items_purged_floors":[44],"is_endless":false,"potions_floor_spawned":[1,11,16,24,28,33,36,39,42,48],"ascension_level":1}}