{"host":"pjgcdp3h1plnbocs","time":1608299064,"event":{"mods":["AchievementEnabler","BaseMod","Colored Map","Highlight Path","Minty Spire (QoL Compilation)"],"gold_per_floor":[119,119,133,152,171,215,251,286,286,286,322,322,337,287,287,287,287],"floor_reached":16,"playtime":448,"items_purged":[],"score":150,"play_id":"1fc259e5-6f57-4f75-8773-7ddcffcc82f8","local_time":"20201218144424","is_ascension_mode":true,"campfire_choices":[{"floor":10,"key":"REST"},{"floor":15,"key":"REST"}],"circlet_count":0,"master_deck":["Strike_G+1","Strike_G","Strike_G+1","Strike_G","Strike_G","Defend_G","Defend_G","Defend_G","Defend_G","Defend_G","Survivor","Neutralize","Backstab","Cloak And Dagger","Deadly Poison+1","Malaise","Backstab","Caltrops","Crippling Poison+1"],"relics":["Ring of the Snake","NeowsBlessing","Golden Idol","Whetstone","Odd Mushroom","Matryoshka","Happy Flower","Question Card","Toxic Egg 2"],"acts_visited":["Exordium"],"potions_floor_usage":[6,11,16],"damage_taken":[{"damage":0,"enemies":"Small Slimes","floor":1,"turns":1},{"damage":0,"enemies":"Jaw Worm","floor":3,"turns":1},{"damage":0,"enemies":"2 Louse","floor":4,"turns":1},{"damage":0,"enemies":"Exordium Wildlife","floor":5,"turns":5},{"damage":21,"enemies":"Lagavulin","floor":6,"turns":6},{"damage":16,"enemies":"The Mushroom Lair","floor":7,"turns":6},{"damage":14,"enemies":"Gremlin Nob","floor":8,"turns":4},{"damage":15,"enemies":"Lagavulin","floor":11,"turns":7},{"damage":0,"enemies":"2 Fungi Beasts","floor":13,"turns":3},{"damage":25,"enemies":"Slime Boss","floor":16,"turns":8}],"seed_played":"-5419250402830705420","potions_obtained":[{"floor":1,"key":"LiquidBronze"},{"floor":3,"key":"ColorlessPotion"},{"floor":5,"key":"Poison Potion"},{"floor":6,"key":"Energy Potion"}],"is_trial":false,"path_per_floor":["M","?","M","M","M","E","?","E","T","R","E","?","M","?","R","B"],"character_chosen":"THE_SILENT","items_purchased":[],"campfire_rested":2,"item_purchase_floors":[],"current_hp_per_floor":[70,53,53,53,53,32,16,2,2,23,8,8,8,8,29,4,4],"gold":287,"neow_bonus":"THREE_ENEMY_KILL","is_daily":false,"chose_seed":false,"campfire_upgraded":0,"win_rate":0.0,"timestamp":1608299064,"path_taken":["M","?","M","M","M","E","?","E","T","R","E","?","?","?","R","BOSS"],"items_purchased_type":[],"build_version":"2020-12-13","purchased_purges":0,"victory":false,"max_hp_per_floor":[70,70,70,70,70,70,70,70,70,70,70,70,70,70,70,70,70],"card_choices":[{"not_picked":["Masterful Stab","PiercingWail"],"picked":"Backstab","floor":1},{"not_picked":["Crippling Poison","Well Laid Plans"],"picked":"Cloak And Dagger","floor":3},{"not_picked":["Prepared","Outmaneuver","Flechettes"],"picked":"SKIP","floor":4},{"not_picked":["All Out Attack","Bane"],"picked":"Deadly Poison","floor":5},{"not_picked":["Setup","Terror"],"picked":"Malaise","floor":6},{"not_picked":["Dash","Outmaneuver"],"picked":"Backstab","floor":7},{"not_picked":["Flying Knee","Masterful Stab","Bane"],"picked":"SKIP","floor":8},{"not_picked":["Acrobatics+1","Glass Knife","Terror+1"],"picked":"Caltrops","floor":11},{"not_picked":["Flying Knee","Choke","Quick Slash"],"picked":"Crippling Poison+1","floor":13}],"player_experience":110833,"relics_obtained":[{"floor":6,"key":"Whetstone"},{"floor":7,"key":"Odd Mushroom"},{"floor":8,"key":"Matryoshka"},{"floor":9,"key":"Happy Flower"},{"floor":9,"key":"Question Card"},{"floor":11,"key":"Toxic Egg 2"}],"event_choices":[{"damage_healed":0,"gold_gain":0,"player_choice":"Take Damage","damage_taken":17,"relics_obtained":["Golden Idol"],"max_hp_gain":0,"max_hp_loss":0,"event_name":"Golden Idol","floor":2,"gold_loss":0},{"damage_healed":0,"gold_gain":0,"player_choice":"Fought Mushrooms","damage_taken":0,"max_hp_gain":0,"max_hp_loss":0,"event_name":"Mushrooms","floor":7,"gold_loss":0},{"damage_healed":0,"gold_gain":0,"player_choice":"Grow","damage_taken":0,"max_hp_gain":0,"max_hp_loss":0,"event_name":"Living Wall","floor":12,"gold_loss":0,"cards_upgraded":["Deadly Poison"]},{"damage_healed":0,"gold_gain":0,"player_choice":"Left Gold","damage_taken":0,"max_hp_gain":0,"max_hp_loss":0,"event_name":"World of Goop","floor":14,"gold_loss":50}],"is_beta":false,"boss_relics":[],"items_purged_floors":[],"is_endless":false,"potions_floor_spawned":[1,3,5,6],"killed_by":"Slime Boss","ascension_level":5}}