{"host":"7g4k6gexjz765cnk","time":1608333854,"event":{"mods":["BaseMod","Colored Map","Minty Spire (QoL Compilation)","Shop Mod"],"gold_per_floor":[116,116,116,136,24,58,58,87,87,87,99,133,157,157,157,261,261,275,289,306,323,341,93,126,126,149,149,149,149],"floor_reached":28,"playtime":1662,"items_purged":["Strike_G","Strike_G"],"score":323,"play_id":"64255e87-50c8-4c0a-84b3-1c3b10f0425c","local_time":"20201219002414","is_ascension_mode":true,"campfire_choices":[{"data":"Deadly Poison","floor":10,"key":"SMITH"},{"data":"Neutralize","floor":15,"key":"SMITH"},{"floor":25,"key":"REST"},{"data":"Noxious Fumes","floor":27,"key":"SMITH"}],"circlet_count":0,"master_deck":["Strike_G","Strike_G","Defend_G+1","Defend_G","Defend_G","Defend_G","Defend_G+1","Survivor","Neutralize+1","Cloak And Dagger","Infinite Blades","Deadly Poison+1","Infinite Blades","Night Terror","Prepared+1","Backflip","Noxious Fumes+1","Calculated Gamble","Acrobatics+1"],"relics":["Ring of the Snake","NeowsBlessing","The Specimen","Oddly Smooth Stone","Bag of Marbles","Odd Mushroom","HoveringKite","Toxic Egg 2","Orichalcum"],"acts_visited":["Exordium","TheCity"],"potions_floor_usage":[8,8,12,16,24,24,24,28],"damage_taken":[{"damage":0,"enemies":"Cultist","floor":1,"turns":1},{"damage":0,"enemies":"Jaw Worm","floor":4,"turns":1},{"damage":0,"enemies":"Gremlin Nob","floor":6,"turns":1},{"damage":13,"enemies":"Lagavulin","floor":8,"turns":5},{"damage":1,"enemies":"Small Slimes","floor":11,"turns":3},{"damage":19,"enemies":"Gremlin Nob","floor":12,"turns":5},{"damage":7,"enemies":"The Mushroom Lair","floor":13,"turns":5},{"damage":10,"enemies":"The Guardian","floor":16,"turns":10},{"damage":3,"enemies":"Shell Parasite","floor":18,"turns":9},{"damage":3,"enemies":"Spheric Guardian","floor":19,"turns":5},{"damage":9,"enemies":"Centurion and Healer","floor":20,"turns":8},{"damage":33,"enemies":"Sentry and Sphere","floor":21,"turns":9},{"damage":6,"enemies":"Snecko","floor":22,"turns":8},{"damage":11,"enemies":"Slavers","floor":24,"turns":7},{"damage":23,"enemies":"Snake Plant","floor":28,"turns":4}],"seed_played":"2038283979336819961","potions_obtained":[{"floor":4,"key":"ColorlessPotion"},{"floor":6,"key":"Poison Potion"},{"floor":11,"key":"GhostInAJar"},{"floor":13,"key":"GamblersBrew"},{"floor":16,"key":"Dexterity Potion"},{"floor":19,"key":"Ancient Potion"},{"floor":21,"key":"Explosive Potion"},{"floor":24,"key":"LiquidMemories"}],"is_trial":false,"path_per_floor":["M","?","?","M","$","E","$","E","T","R","M","E","?","?","R","B",null,"M","M","M","M","M","$","E","R","T","R","M"],"character_chosen":"THE_SILENT","items_purchased":["Infinite Blades","Noxious Fumes","Calculated Gamble"],"campfire_rested":1,"item_purchase_floors":[5,23,23],"current_hp_per_floor":[70,56,56,56,56,56,56,43,43,43,42,23,16,16,16,6,70,67,64,55,22,16,16,5,26,26,26,3,3],"gold":149,"neow_bonus":"THREE_ENEMY_KILL","is_daily":false,"chose_seed":false,"campfire_upgraded":3,"win_rate":0.0,"timestamp":1608333854,"path_taken":["M","?","?","?","$","E","$","E","T","R","M","E","?","?","R","BOSS","M","?","M","M","M","$","E","R","T","R","M"],"items_purchased_type":["Card","Card","Card"],"build_version":"2020-12-13","purchased_purges":2,"victory":false,"max_hp_per_floor":[70,70,70,70,70,70,70,70,70,70,70,70,70,70,70,70,70,70,70,70,70,70,70,70,70,70,70,70,70],"card_choices":[{"not_picked":["Poisoned Stab","Well Laid Plans","Heel Hook"],"picked":"SKIP","floor":1},{"not_picked":["Quick Slash","Leg Sweep"],"picked":"Cloak And Dagger","floor":4},{"not_picked":["Bouncing Flask","Poisoned Stab"],"picked":"Deadly Poison","floor":6},{"not_picked":["Distraction","Expertise","Flying Knee"],"picked":"SKIP","floor":8},{"not_picked":["Distraction","Expertise","Flying Knee"],"picked":"SKIP","floor":8},{"not_picked":["Outmaneuver","Glass Knife","PiercingWail"],"picked":"SKIP","floor":11},{"not_picked":["Bane","Quick Slash","Heel Hook"],"picked":"SKIP","floor":12},{"not_picked":["Glass Knife","Venomology"],"picked":"Night Terror","floor":16},{"not_picked":["Poisoned Stab","Bane","Choke"],"picked":"SKIP","floor":18},{"not_picked":["Dodge and Roll+1","Deflect"],"picked":"Prepared+1","floor":19},{"not_picked":["Deflect","Dagger Spray+1","Riddle With Holes"],"picked":"SKIP","floor":20},{"not_picked":["Reflex","Wraith Form v2"],"picked":"Backflip","floor":21},{"not_picked":["Flying Knee","Dagger Throw","Reflex"],"picked":"SKIP","floor":22},{"not_picked":["Dash","Heel Hook"],"picked":"Acrobatics+1","floor":24}],"player_experience":363445,"relics_obtained":[{"floor":6,"key":"The Specimen"},{"floor":8,"key":"Oddly Smooth Stone"},{"floor":12,"key":"Bag of Marbles"},{"floor":13,"key":"Odd Mushroom"},{"floor":24,"key":"Toxic Egg 2"},{"floor":26,"key":"Orichalcum"}],"event_choices":[{"damage_healed":0,"gold_gain":0,"player_choice":"Entered Light","damage_taken":14,"max_hp_gain":0,"max_hp_loss":0,"event_name":"Shining Light","floor":2,"gold_loss":0,"cards_upgraded":["Defend_G","Defend_G"]},{"damage_healed":0,"gold_gain":0,"player_choice":"Bought 0 Potions","damage_taken":0,"max_hp_gain":0,"max_hp_loss":0,"event_name":"The Woman in Blue","floor":3,"gold_loss":0},{"damage_healed":0,"gold_gain":0,"player_choice":"Fought Mushrooms","damage_taken":0,"max_hp_gain":0,"max_hp_loss":0,"event_name":"Mushrooms","floor":13,"gold_loss":0},{"damage_healed":0,"gold_gain":0,"cards_transformed":["Strike_G"],"player_choice":"Transformed","damage_taken":0,"max_hp_gain":0,"max_hp_loss":0,"event_name":"Transmorgrifier","floor":14,"gold_loss":0,"cards_obtained":["Infinite Blades"]}],"is_beta":false,"boss_relics":[{"not_picked":["Black Star","Runic Pyramid"],"picked":"HoveringKite"}],"items_purged_floors":[5,23],"is_endless":false,"potions_floor_spawned":[4,6,11,13,16,19,21,24],"killed_by":"Snake Plant","ascension_level":3}}