{"host":"byu8oejwd0fdcxn8","time":1608277341,"event":{"mods":["Act Like it!","Arknights The Spire","BaseMod","Custom Start","Friendly Minions","Hermit","Minty Spire (QoL Compilation)","StSLib"],"gold_per_floor":[111,111,126,140,39,39,66,79,153,171,171,346,346,365,365,491,554,579,595,46,46,66,66,66,66],"floor_reached":24,"playtime":1152,"items_purged":[],"score":223,"play_id":"84a3e6c8-7722-48e9-ad52-4a5f33ec2838","local_time":"20201218164221","is_ascension_mode":false,"campfire_choices":[{"data":"ats:Nebulous Foxfire","floor":15,"key":"SMITH"},{"data":"ats:Counter Healing Mode","floor":23,"key":"SMITH"}],"circlet_count":0,"master_deck":["ats:Powerful Strike","ats:Powerful Strike","ats:Powerful Strike","ats:Armor Crushing Shot","ats:Defend Up","ats:Defend Up","ats:Defend Up","ats:Emotion Absorption","ats:Emotion Absorption","ats:Charging Defense","ats:Red Shift","ats:Cat Scratch","ats:Cat Scratch","ats:Ignite","ats:Curse Doll+1","ats:Nebulous Foxfire+1","ats:Assault Order","ats:Just Like an Apocalypse","ats:Defend Order","ats:Just Like an Apocalypse","Injury","Doubt","ats:Wolf Pack","ats:Very Hot Blade","ats:Volcano","ats:Magnetic Hammer","ats:Consecutive Shot: Auto","ats:Attack Strengthen","ats:Explosion Area Strengthen","ats:Composite Medical Shells","ats:Counter Healing Mode+1","ats:Flexible Camouflage","ats:Counter Healing Mode","ats:Echo Reverb","ats:Rapid Magazine"],"relics":["ats:Sanity","ats:Originium","Prayer Wheel","Mummified Hand","Golden Idol","ats:Originium","Tiny House","Boot","Lantern","DollysMirror","SsserpentHead"],"acts_visited":["Exordium","TheCity"],"potions_floor_usage":[16,16,16,18,19,22],"damage_taken":[{"damage":0,"enemies":"2 Louse","floor":1,"turns":2},{"damage":6,"enemies":"Cultist","floor":3,"turns":3},{"damage":0,"enemies":"Small Slimes","floor":4,"turns":3},{"damage":36,"enemies":"3 Sentries","floor":7,"turns":7},{"damage":7,"enemies":"Blue Slaver","floor":8,"turns":2},{"damage":8,"enemies":"Exordium Thugs","floor":10,"turns":4},{"damage":10,"enemies":"Lots of Slimes","floor":14,"turns":4},{"damage":8,"enemies":"Hexaghost","floor":16,"turns":9},{"damage":13,"enemies":"Chosen","floor":18,"turns":9},{"damage":33,"enemies":"2 Thieves","floor":19,"turns":6},{"damage":31,"enemies":"Cultist and Chosen","floor":22,"turns":9},{"damage":46,"enemies":"Sentry and Sphere","floor":24,"turns":5}],"seed_played":"-1229694214587888230","potions_obtained":[{"floor":1,"key":"Energy Potion"},{"floor":3,"key":"BlessingOfTheForge"},{"floor":8,"key":"Strength Potion"},{"floor":16,"key":"SpeedPotion"},{"floor":17,"key":"Block Potion"},{"floor":18,"key":"DuplicationPotion"},{"floor":19,"key":"Swift Potion"}],"is_trial":false,"path_per_floor":["M","?","M","M","$","R","E","M","T","M","?","?","R","M","R","B",null,"M","M","$","?","M","R","M"],"character_chosen":"DOCTOR_CLASS","items_purchased":["ats:Ignite","ats:Curse Doll","Boot","ats:Counter Healing Mode","ats:Flexible Camouflage","Lantern","DollysMirror"],"campfire_rested":0,"item_purchase_floors":[5,5,20,20,20,20,20],"current_hp_per_floor":[79,79,73,73,73,73,37,30,30,24,24,24,24,20,20,28,84,78,59,59,59,35,35,0,0],"gold":66,"neow_bonus":"TEN_PERCENT_HP_BONUS","is_daily":false,"chose_seed":false,"campfire_upgraded":2,"win_rate":0.0,"timestamp":1608277341,"path_taken":["M","?","?","M","$","R","E","M","T","M","?","?","R","M","R","BOSS","M","M","$","?","M","R","M"],"items_purchased_type":["Card","Card","Relic","Card","Card","Relic","Relic"],"build_version":"2020-12-13","purchased_purges":0,"victory":false,"max_hp_per_floor":[79,79,79,79,79,79,79,79,79,79,79,79,79,79,79,79,84,84,84,84,84,84,84,84,84],"card_choices":[{"not_picked":["ats:Flexible Camouflage","ats:Shadow Raid"],"picked":"ats:Charging Defense","floor":1},{"not_picked":["ats:Shell Defense","ats:Encircling Forest"],"picked":"ats:Cat Scratch","floor":3},{"not_picked":["ats:Explosion Area Strengthen","ats:Overload"],"picked":"ats:Cat Scratch","floor":4},{"not_picked":["ats:Just Like an Apocalypse","ats:Thermite Blade"],"picked":"ats:Nebulous Foxfire","floor":7},{"not_picked":["ats:Shell Defense","ats:Blood Oath"],"picked":"ats:Assault Order","floor":8},{"not_picked":["ats:Shell Defense","ats:Spore Proliferation"],"picked":"ats:Just Like an Apocalypse","floor":8},{"not_picked":["ats:Flexible Camouflage","ats:Shell Defense"],"picked":"ats:Defend Order","floor":10},{"not_picked":["ats:Cat Scratch","ats:Assault Order"],"picked":"ats:Just Like an Apocalypse","floor":10},{"not_picked":["ats:Shell Defense","ats:Curse Doll"],"picked":"ats:Wolf Pack","floor":14},{"not_picked":["ats:Consecutive Shot: Auto","ats:Support Order"],"picked":"ats:Very Hot Blade","floor":14},{"not_picked":["ats:Roar Of Ursus","ats:Echo Reverb"],"picked":"ats:Volcano","floor":16},{"not_picked":["ats:Curse Doll","ats:Defend Order"],"picked":"ats:Magnetic Hammer","floor":17},{"not_picked":["ats:Assault Order","ats:Magnetic Hammer"],"picked":"ats:Consecutive Shot: Auto","floor":18},{"not_picked":["ats:Hook Shot","ats:Soul Absorption"],"picked":"ats:Attack Strengthen","floor":18},{"not_picked":["ats:Poison Spread","ats:Automatic Cover+1"],"picked":"ats:Explosion Area Strengthen","floor":19},{"not_picked":["ats:Assault Order","ats:Rapid Magazine"],"picked":"ats:Composite Medical Shells","floor":19},{"not_picked":["ats:Assault Order","ats:Consecutive Shot: Auto"],"picked":"ats:Echo Reverb","floor":22},{"not_picked":["ats:Very Hot Blade","ats:Explosion Area Strengthen"],"picked":"ats:Rapid Magazine","floor":22}],"player_experience":1056451,"relics_obtained":[{"floor":6,"key":"ats:Originium"},{"floor":7,"key":"Prayer Wheel"},{"floor":9,"key":"Mummified Hand"},{"floor":13,"key":"ats:Originium"}],"event_choices":[{"damage_healed":0,"gold_gain":0,"cards_transformed":["ats:Defend Up"],"player_choice":"Transformed","damage_taken":0,"max_hp_gain":0,"max_hp_loss":0,"event_name":"Transmorgrifier","floor":2,"gold_loss":0,"cards_obtained":["ats:Red Shift"]},{"damage_healed":0,"gold_gain":0,"player_choice":"Take Wound","damage_taken":0,"relics_obtained":["Golden Idol"],"max_hp_gain":0,"max_hp_loss":0,"event_name":"Golden Idol","floor":11,"gold_loss":0,"cards_obtained":["Injury"]},{"damage_healed":0,"gold_gain":175,"player_choice":"AGREE","damage_taken":0,"max_hp_gain":0,"max_hp_loss":0,"event_name":"Liars Game","floor":12,"gold_loss":0,"cards_obtained":["Doubt"]},{"damage_healed":0,"gold_gain":0,"player_choice":"Trade","damage_taken":0,"relics_obtained":["SsserpentHead"],"max_hp_gain":0,"max_hp_loss":0,"event_name":"FaceTrader","floor":21,"gold_loss":0}],"is_beta":false,"boss_relics":[{"not_picked":["Runic Dome","Busted Crown"],"picked":"Tiny House"}],"items_purged_floors":[],"is_endless":false,"potions_floor_spawned":[1,3,8,10,16,18,19],"killed_by":"Sentry and Sphere","ascension_level":0}}