{"host":"pgqkv8mh62pnrbci","time":1608297308,"event":{"mods":["AchievementEnabler","BaseMod","Custom Start","Minty Spire (QoL Compilation)","Replay The Spire","StSLib","SuperFastMode","¡¼?Úª?ø«¡½REMEMod"],"gold_per_floor":[169,183,199,48,59,92,112,112,160,201,201,28,67,47,47,142,142,189,38,77,113,33,91,91,113,113],"floor_reached":25,"playtime":1108,"items_purged":["Strike_G"],"score":439,"play_id":"e53a8d38-6a34-446e-9199-a93894754db0","local_time":"20201218221508","is_ascension_mode":true,"campfire_choices":[{"data":"After Image","floor":8.0,"key":"SMITH"},{"data":"Creative AI","floor":15.0,"key":"SMITH"},{"floor":24.0,"key":"REST"}],"circlet_count":0,"master_deck":["AscendersBane","Strike_G","Strike_G+1","Strike_G","Defend_G","Defend_G","Defend_G","Defend_G","Defend_G","Survivor","Neutralize","Creative AI+1","Blade Dance","Hidden Blade","After Image+1","Calculated Gamble","Blade Dance","ReplayTheSpireMod:Scrap Shanks","A Thousand Cuts","REME_GreenPollution","Footwork","Footwork"],"relics":["REME_ComplimentaryCards","Tiny House","Ninja Scroll","Replay:Bandana","Lantern","Sozu","Mirror"],"acts_visited":["Exordium","TheCity"],"potions_floor_usage":[],"damage_taken":[{"damage":1.0,"enemies":"Cultist","floor":1.0,"turns":4.0},{"damage":2.0,"enemies":"Small Slimes","floor":2.0,"turns":3.0},{"damage":1.0,"enemies":"Jaw Worm","floor":3.0,"turns":5.0},{"damage":8.0,"enemies":"Blue Slaver","floor":5.0,"turns":6.0},{"damage":39.0,"enemies":"Lagavulin","floor":6.0,"turns":12.0},{"damage":0.0,"enemies":"Exordium Wildlife","floor":7.0,"turns":5.0},{"damage":0.0,"enemies":"Large Slime","floor":10.0,"turns":4.0},{"damage":0.0,"enemies":"2 Fungi Beasts","floor":13.0,"turns":3.0},{"damage":5.0,"enemies":"Slime Boss","floor":16.0,"turns":8.0},{"damage":12.0,"enemies":"2 Thieves","floor":18.0,"turns":4.0},{"damage":10.0,"enemies":"Shell Parasite","floor":20.0,"turns":5.0},{"damage":7.0,"enemies":"Centurion and Healer","floor":21.0,"turns":6.0},{"damage":11.0,"enemies":"Gremlin Leader","floor":23.0,"turns":7.0},{"damage":41,"enemies":"Slavers","floor":25,"turns":4}],"seed_played":"-3200983518607140300","potions_obtained":[{"floor":0.0,"key":"ColorlessPotion"},{"floor":1.0,"key":"ColorlessPotion"},{"floor":3.0,"key":"Weak Potion"},{"floor":13.0,"key":"DistilledChaos"},{"floor":14.0,"key":"Venom Potion"}],"is_trial":false,"path_per_floor":["M","M","M","$","M","E","M","R","T","M","?","$","M","?","R","B",null,"M","$","M","M","?","E","R","E"],"character_chosen":"THE_SILENT","items_purchased":["After Image","Calculated Gamble","Lantern","Footwork"],"campfire_rested":1,"item_purchase_floors":[4,4,12,19],"current_hp_per_floor":[63,61,60,60,52,13,13,13,13,13,13,13,13,13,13,8,55,43,43,33,26,26,15,36,0,0],"gold":113,"neow_bonus":"BOSS_RELIC","is_daily":false,"chose_seed":false,"campfire_upgraded":2,"win_rate":0.0,"timestamp":1608297308,"path_taken":["M","M","M","$","M","E","M","R","T","?","?","?","M","?","R","BOSS","M","$","?","M","?","E","R","E"],"items_purchased_type":["Card","Card","Relic","Card"],"build_version":"2020-12-13","purchased_purges":1,"victory":false,"max_hp_per_floor":[71,71,71,71,71,71,71,71,71,71,71,71,71,71,71,71,71,71,71,71,71,71,71,71,71,71],"card_choices":[{"not_picked":["Backflip","Prepared"],"picked":"Blade Dance","floor":0.0},{"not_picked":["ReplayTheSpireMod:The Works","Backflip"],"picked":"Hidden Blade","floor":1.0},{"not_picked":["Outmaneuver","Backflip","Bane"],"picked":"SKIP","floor":2.0},{"not_picked":["Prepared","Flying Knee","Deadly Poison"],"picked":"SKIP","floor":3.0},{"not_picked":["Dagger Spray","Dodge and Roll"],"picked":"Blade Dance","floor":5.0},{"not_picked":["Outmaneuver","Acrobatics"],"picked":"ReplayTheSpireMod:Scrap Shanks","floor":6.0},{"not_picked":["Grand Finale","Flying Knee","Expertise"],"picked":"SKIP","floor":7.0},{"not_picked":["ReplayTheSpireMod:Scrap Shanks","Underhanded Strike","Toxin Wave"],"picked":"SKIP","floor":10.0},{"not_picked":["Endless Agony","Bouncing Flask","Dagger Throw"],"picked":"SKIP","floor":13.0},{"not_picked":["Unload","Die Die Die"],"picked":"A Thousand Cuts","floor":16.0},{"not_picked":["Dagger Throw","PiercingWail"],"picked":"REME_GreenPollution","floor":18.0},{"not_picked":["Dagger Throw","Sucker Punch"],"picked":"Footwork","floor":20.0},{"not_picked":["Quick Slash","Dodge and Roll","Deadly Poison"],"picked":"SKIP","floor":21.0},{"not_picked":["ReplayTheSpireMod:The Works+1","Leg Sweep+1","All Out Attack"],"picked":"SKIP","floor":23.0}],"player_experience":552731,"relics_obtained":[{"floor":6.0,"key":"Ninja Scroll"},{"floor":9.0,"key":"Replay:Bandana"},{"floor":23.0,"key":"Mirror"}],"event_choices":[{"cards_removed":["Strike_G"],"damage_healed":0.0,"max_hp_gain":0.0,"max_hp_loss":0.0,"gold_gain":0.0,"event_name":"Bonfire Elementals","player_choice":"Offered Basic","floor":11.0,"gold_loss":0.0,"damage_taken":0.0},{"damage_healed":0.0,"max_hp_gain":0.0,"max_hp_loss":0.0,"gold_gain":0.0,"event_name":"The Woman in Blue","player_choice":"Bought 1 Potion","floor":14.0,"gold_loss":0.0,"damage_taken":0.0}],"is_beta":false,"boss_relics":[{"not_picked":["SacredBark","Cursed Key"],"picked":"Sozu"}],"items_purged_floors":[19],"is_endless":false,"potions_floor_spawned":[1,3,13,21,23],"killed_by":"Slavers","ascension_level":19}}