{"host":"eydwxg59205c3vtl","time":1608261982,"event":{"mods":["2.2 Compatiblity","BaseMod","Colored Map","Colored Powertips","Hubris","Minty Spire (QoL Compilation)","StSLib","The Necromancer"],"gold_per_floor":[212,232,244,14,14,40,40,52,52,52,52,52],"floor_reached":11,"playtime":472,"items_purged":["Strike_G"],"score":117,"play_id":"d765c5f2-a2d2-4d54-9e0c-d1e76be6500b","local_time":"20201217222622","is_ascension_mode":true,"campfire_choices":[{"floor":7,"key":"REST"},{"data":"Cloak And Dagger","floor":10,"key":"SMITH"}],"circlet_count":0,"master_deck":["AscendersBane","Strike_G","Strike_G","Strike_G","Defend_G","Defend_G","Defend_G","Defend_G","Defend_G","Survivor","Neutralize","Dodge and Roll","Blade Dance","Calculated Gamble","Cloak And Dagger","Cloak And Dagger+1","PiercingWail"],"relics":["Ring of the Snake","Membership Card","Snake Skull","Pantograph"],"acts_visited":["Exordium"],"potions_floor_usage":[11,11],"damage_taken":[{"damage":0,"enemies":"Cultist","floor":1,"turns":4},{"damage":0,"enemies":"Jaw Worm","floor":2,"turns":6},{"damage":0,"enemies":"Small Slimes","floor":3,"turns":3},{"damage":34,"enemies":"Gremlin Nob","floor":6,"turns":5},{"damage":2,"enemies":"Exordium Thugs","floor":8,"turns":7},{"damage":44,"enemies":"Lagavulin","floor":11,"turns":9}],"seed_played":"-4025243825641375174","potions_obtained":[{"floor":1,"key":"Energy Potion"},{"floor":3,"key":"Energy Potion"}],"is_trial":false,"path_per_floor":["M","M","M","$","?","E","R","M","T","R","E"],"character_chosen":"THE_SILENT","items_purchased":["Cloak And Dagger","Membership Card"],"campfire_rested":1,"item_purchase_floors":[4,4],"current_hp_per_floor":[63,63,63,63,56,22,43,41,41,41,0,0],"gold":52,"neow_bonus":"HUNDRED_GOLD","is_daily":false,"chose_seed":false,"campfire_upgraded":1,"win_rate":0.0,"timestamp":1608261982,"path_taken":["M","M","M","$","?","E","R","M","T","R","E"],"items_purchased_type":["Card","Relic"],"build_version":"2020-12-13","purchased_purges":1,"victory":false,"max_hp_per_floor":[70,70,70,70,70,70,70,70,70,70,70,70],"card_choices":[{"not_picked":["hubris:Sniper","hubris:SlightOfHand"],"picked":"Dodge and Roll","floor":1},{"not_picked":["PiercingWail","Well Laid Plans"],"picked":"Blade Dance","floor":2},{"not_picked":["PiercingWail","Deadly Poison"],"picked":"Calculated Gamble","floor":3},{"not_picked":["Escape Plan","Distraction"],"picked":"Cloak And Dagger","floor":6},{"not_picked":["Grand Finale","Acrobatics"],"picked":"PiercingWail","floor":8}],"player_experience":543552,"relics_obtained":[{"floor":6,"key":"Snake Skull"},{"floor":9,"key":"Pantograph"}],"event_choices":[{"cards_removed":["Strike_G"],"damage_healed":0,"gold_gain":0,"player_choice":"Card Removal","damage_taken":7,"max_hp_gain":0,"max_hp_loss":0,"event_name":"Golden Wing","floor":5,"gold_loss":0}],"is_beta":false,"boss_relics":[],"items_purged_floors":[4],"is_endless":false,"potions_floor_spawned":[1,3,8],"killed_by":"Lagavulin","ascension_level":12}}