{"host":"4amcrcg6ktw8dbzk","time":1608297131,"event":{"mods":["BaseMod","Dota2Spire","Minty Spire (QoL Compilation)","MostiFishMod","Robot Space Explorer","Spicy Shops","StSLib","Waifu the Spire"],"gold_per_floor":[109,109,109,133,153,153,103,103,103,103,121,155,155,189,189,309,309,332,332,332,257,58,86,99,131,157,185,185,199,234,246,246,343,343,361,381,232,245,264,299,299,331,331,331,362,362,410,439,439,439],"floor_reached":51,"playtime":1877,"items_purged":["Defend_P","Strike_P"],"score":1899,"play_id":"0a3c87ad-eba0-4b80-ae31-ebfaf8ed8f8e","local_time":"20201218211211","is_ascension_mode":true,"campfire_choices":[{"floor":6,"key":"REST"},{"data":"MostiFishMod:WinterMarkForm","floor":8,"key":"SMITH"},{"data":"MostiFishMod:Adaptation","floor":15,"key":"SMITH"},{"data":"Crescendo","floor":28,"key":"SMITH"},{"data":"DevaForm","floor":32,"key":"SMITH"},{"floor":41,"key":"RECALL"},{"floor":44,"key":"REST"},{"floor":49,"key":"REST"}],"circlet_count":0,"master_deck":["Defend_P+1","Defend_P+1","Defend_P+1","Eruption+1","Vigilance+1","MostiFishMod:FrostNova+1","MostiFishMod:WinterMarkForm+1","Prostrate+1","Sanctity+1","FlurryOfBlows+1","JustLucky+1","LessonLearned+1","MostiFishMod:Adaptation+1","MostiFishMod:StarOceanP+1","Study+1","Crescendo+1","Protect+1","Adaptation+1","Brilliance+1","Wireheading+1","Worship+1","FlyingSleeves+1","DevaForm+1","Prostrate+1","MostiFishMod:ButterFly+1","InnerPeace+1","Collect+1","ClearTheMind+1","Prostrate+1"],"relics":["PureWater","DaveBox","FrostBlade","Dota2Spire:LotusOrb","Question Card","Bloody Idol","FossilizedHelix","Molten Egg 2","Pocketwatch","Dota2Spire:MaskOfMadness","ImportantClient","RhineSuit","Civilization","Boot","Meat on the Bone","Dota2Spire:PowerTreads","Nunchaku","Dota2Spire:BladeMail","HaiYi:Twilight","Smiling Mask","War Paint","Ice Cream","Blue Candle","Unceasing Top","Vajra"],"acts_visited":["Exordium","TheCity","TheBeyond"],"potions_floor_usage":[24],"damage_taken":[{"damage":2,"enemies":"2 Louse","floor":1,"turns":2},{"damage":0,"enemies":"Small Slimes","floor":4,"turns":2},{"damage":3,"enemies":"Jaw Worm","floor":5,"turns":2},{"damage":0,"enemies":"Large Slime","floor":11,"turns":3},{"damage":0,"enemies":"Gremlin Nob","floor":12,"turns":2},{"damage":0,"enemies":"3 Sentries","floor":14,"turns":3},{"damage":0,"enemies":"Hexaghost","floor":16,"turns":3},{"damage":0,"enemies":"Chosen","floor":18,"turns":2},{"damage":7,"enemies":"Book of Stabbing","floor":23,"turns":7},{"damage":0,"enemies":"Shell Parasite","floor":24,"turns":4},{"damage":0,"enemies":"Gremlin Leader","floor":25,"turns":3},{"damage":0,"enemies":"Book of Stabbing","floor":27,"turns":3},{"damage":0,"enemies":"Centurion and Healer","floor":29,"turns":3},{"damage":0,"enemies":"Slavers","floor":30,"turns":3},{"damage":0,"enemies":"3 Cultists","floor":31,"turns":2},{"damage":0,"enemies":"Champ","floor":33,"turns":5},{"damage":9,"enemies":"3 Darklings","floor":35,"turns":7},{"damage":0,"enemies":"3 Shapes","floor":36,"turns":3},{"damage":0,"enemies":"Sphere and 2 Shapes","floor":38,"turns":3},{"damage":0,"enemies":"3 Darklings","floor":39,"turns":1},{"damage":0,"enemies":"Giant Head","floor":40,"turns":3},{"damage":0,"enemies":"Reptomancer","floor":42,"turns":3},{"damage":0,"enemies":"Nemesis","floor":45,"turns":3},{"damage":0,"enemies":"2 Orb Walkers","floor":47,"turns":4},{"damage":0,"enemies":"Giant Head","floor":48,"turns":4},{"damage":0,"enemies":"Time Eater","floor":50,"turns":4}],"seed_played":"-9014263964624930375","potions_obtained":[{"floor":14,"key":"DuplicationPotion"},{"floor":16,"key":"ColorlessPotion"},{"floor":24,"key":"Fruit Juice"},{"floor":25,"key":"Ambrosia"}],"is_trial":false,"path_per_floor":["M","?","?","M","M","R","?","R","T","?","M","E","?","E","R","B",null,"M","?","?","?","$","E","M","E","T","E","R","M","E","M","R","B",null,"M","M","$","M","M","E","R","E","T","R","E","?","?","E","R","B",null],"character_chosen":"WATCHER","items_purchased":["Civilization","Protect","Adaptation","MostiFishMod:ButterFly+1"],"campfire_rested":3,"item_purchase_floors":[22,22,22,37],"current_hp_per_floor":[63,56,38,38,35,56,56,56,56,44,44,44,30,30,30,30,62,62,62,62,62,62,61,73,83,85,91,91,99,110,124,124,139,139,159,190,190,220,256,293,293,334,334,334,376,376,420,465,465,511],"gold":439,"neow_bonus":"RANDOM_COMMON_RELIC","is_daily":false,"chose_seed":false,"campfire_upgraded":4,"win_rate":0.0,"timestamp":1608297131,"path_taken":["M","?","?","M","M","R","?","R","T","?","M","E","?","E","R","BOSS","M","?","?","?","$","E","M","E","T","E","R","M","E","M","R","BOSS","M","M","$","M","M","E","R","E","T","R","E","?","?","E","R","BOSS"],"items_purchased_type":["Relic","Card","Card","Card"],"build_version":"2020-12-13","purchased_purges":2,"victory":true,"max_hp_per_floor":[72,72,72,72,72,72,72,72,72,72,72,72,72,72,72,72,72,72,72,72,72,72,73,80,85,85,91,91,99,110,124,124,139,139,163,190,190,220,256,293,293,334,334,334,376,376,420,465,465,511],"card_choices":[{"not_picked":["ClearTheMind","FollowUp"],"picked":"Prostrate","floor":1},{"not_picked":["Prostrate","Pray","PathToVictory"],"picked":"Sanctity","floor":4},{"not_picked":["EmptyBody","ClearTheMind","Weave"],"picked":"FlurryOfBlows","floor":5},{"not_picked":["Prostrate","Pray","Collect"],"picked":"JustLucky+1","floor":11},{"not_picked":["PathToVictory","Fasting2","Collect"],"picked":"LessonLearned+1","floor":12},{"not_picked":["CarveReality+1","FlyingSleeves+1","FollowUp+1"],"picked":"MostiFishMod:Adaptation","floor":14},{"not_picked":["Blasphemy","MostiFishMod:Zero-Sum+1","Establishment"],"picked":"MostiFishMod:StarOceanP","floor":16},{"not_picked":["Fasting2","PathToVictory+1","Halt"],"picked":"Study","floor":18},{"not_picked":["Nirvana+1","EmptyFist+1","CutThroughFate+1"],"picked":"Brilliance+1","floor":23},{"not_picked":["BowlingBash+1","PathToVictory","SashWhip+1"],"picked":"Wireheading","floor":24},{"not_picked":["Consecrate+1","Perseverance","JustLucky+1"],"picked":"Worship","floor":25},{"not_picked":["ThirdEye","CarveReality+1","Halt","EmptyFist+1"],"picked":"SKIP","floor":27},{"not_picked":["CutThroughFate+1","JustLucky+1","Protect+1"],"picked":"FlyingSleeves+1","floor":29},{"not_picked":["Sanctity","ClearTheMind","SashWhip+1"],"picked":"DevaForm","floor":30},{"not_picked":["EmptyFist+1","Study","Evaluate","JustLucky+1"],"picked":"SKIP","floor":31},{"not_picked":["Swivel+1","CarveReality+1","Crescendo"],"picked":"Prostrate","floor":35},{"not_picked":["ReachHeaven+1","CutThroughFate+1","Evaluate","EmptyFist+1"],"picked":"SKIP","floor":36},{"not_picked":["Consecrate+1","FlyingSleeves+1","Adaptation","Meditate+1"],"picked":"SKIP","floor":38},{"not_picked":["Crescendo","CrushJoints+1","InnerPeace","ForeignInfluence"],"picked":"SKIP","floor":39},{"not_picked":["Crescendo","CrushJoints+1","ForeignInfluence"],"picked":"InnerPeace","floor":39},{"not_picked":["BowlingBash+1","BattleHymn+1","CrushJoints+1","PathToVictory"],"picked":"SKIP","floor":40},{"not_picked":["SashWhip+1","FlurryOfBlows+1","ReachHeaven+1"],"picked":"Collect+1","floor":42},{"not_picked":["MostiFishMod:Adaptation","FearNoEvil+1","EmptyBody"],"picked":"ClearTheMind+1","floor":45},{"not_picked":["Perseverance+1","ThirdEye+1","Evaluate+1"],"picked":"Prostrate+1","floor":47},{"not_picked":["PathToVictory","SashWhip+1","EmptyBody+1","Vengeance"],"picked":"SKIP","floor":48}],"player_experience":266328,"relics_obtained":[{"floor":1,"key":"Question Card"},{"floor":9,"key":"FossilizedHelix"},{"floor":12,"key":"Pocketwatch"},{"floor":14,"key":"Dota2Spire:MaskOfMadness"},{"floor":16,"key":"ImportantClient"},{"floor":23,"key":"Boot"},{"floor":25,"key":"Meat on the Bone"},{"floor":26,"key":"Dota2Spire:PowerTreads"},{"floor":27,"key":"Nunchaku"},{"floor":30,"key":"Dota2Spire:BladeMail"},{"floor":40,"key":"Smiling Mask"},{"floor":42,"key":"War Paint"},{"floor":43,"key":"Ice Cream"},{"floor":45,"key":"Blue Candle"},{"floor":47,"key":"Unceasing Top"},{"floor":48,"key":"Vajra"}],"event_choices":[{"cards_removed":["Strike_P"],"damage_healed":0,"gold_gain":0,"player_choice":"Card Removal","damage_taken":7,"max_hp_gain":0,"max_hp_loss":0,"event_name":"Golden Wing","floor":2,"gold_loss":0},{"damage_healed":0,"gold_gain":0,"player_choice":"Take Damage","damage_taken":18,"relics_obtained":["Golden Idol"],"max_hp_gain":0,"max_hp_loss":0,"event_name":"Golden Idol","floor":3,"gold_loss":0},{"cards_removed":["Strike_P"],"damage_healed":0,"gold_gain":0,"player_choice":"Card Removal","damage_taken":0,"max_hp_gain":0,"max_hp_loss":0,"event_name":"The Cleric","floor":7,"gold_loss":50},{"damage_healed":0,"gold_gain":0,"player_choice":"Success","damage_taken":12,"relics_obtained":["Molten Egg 2"],"max_hp_gain":0,"max_hp_loss":0,"event_name":"Scrap Ooze","floor":10,"gold_loss":0},{"damage_healed":0,"gold_gain":0,"player_choice":"Entered Light","damage_taken":14,"max_hp_gain":0,"max_hp_loss":0,"event_name":"Shining Light","floor":13,"gold_loss":0,"cards_upgraded":["Vigilance","Defend_P"]},{"damage_healed":0,"gold_gain":0,"player_choice":"Gave Idol","damage_taken":0,"relics_obtained":["Bloody Idol"],"max_hp_gain":0,"max_hp_loss":0,"event_name":"Forgotten Altar","floor":19,"relics_lost":["Golden Idol"],"gold_loss":0},{"damage_healed":0,"gold_gain":0,"player_choice":"Read","damage_taken":0,"max_hp_gain":0,"max_hp_loss":0,"event_name":"The Library","floor":20,"gold_loss":0,"cards_obtained":["Crescendo"]},{"cards_removed":["Strike_P"],"damage_healed":0,"gold_gain":0,"player_choice":"Gave Gold","damage_taken":0,"max_hp_gain":0,"max_hp_loss":0,"event_name":"Beggar","floor":21,"gold_loss":75},{"damage_healed":0,"gold_gain":0,"player_choice":"Ignored","damage_taken":0,"max_hp_gain":0,"max_hp_loss":0,"event_name":"Tomb of Lord Red Mask","floor":46,"gold_loss":0},{"damage_healed":0,"gold_gain":0,"player_choice":"Fight","damage_taken":0,"max_hp_gain":0,"max_hp_loss":0,"event_name":"Mysterious Sphere","floor":47,"gold_loss":0}],"is_beta":false,"boss_relics":[{"not_picked":["ExusiaiGun","Cursed Key"],"picked":"RhineSuit"},{"not_picked":["FeatherPendant","Sozu"],"picked":"HaiYi:Twilight"}],"items_purged_floors":[22,37],"is_endless":false,"potions_floor_spawned":[14,16,24,25,27,29,33,38,40,42,45,48],"ascension_level":8}}