{"host":"jkgg7n5hn1slsm35","time":1608283433,"event":{"mods":["Aspiration","BaseMod","BetterRewards","Conspire","Googly Eyes","Gremlin Skip","Halation","Highlight Path","Hubris","Infinite Spire","Minty Spire (QoL Compilation)","Permanent Neow","StSLib","SuperFastMode","vexMod"],"gold_per_floor":[113,38,49,49,61,61,78,90,90,90,155,155,172,172,172,298,298,322,337,214,282,43,43,43,43,43,61,86,161,161,161],"floor_reached":30,"playtime":1949,"items_purged":["Strike_G","Strike_G","Strike_G"],"score":226,"play_id":"f60b8863-3777-42dc-abb7-b0822f3b0e2f","local_time":"20201218102353","is_ascension_mode":false,"campfire_choices":[{"data":"Masterful Stab","floor":6.0,"key":"SMITH"},{"data":"Masterful Stab","floor":10.0,"key":"SMITH"},{"data":"Masterful Stab","floor":12.0,"key":"SMITH"},{"data":"Deflect","floor":15.0,"key":"SMITH"},{"data":"Adrenaline","floor":23,"key":"SMITH"},{"data":"Noxious Fumes","floor":25,"key":"SMITH"}],"circlet_count":0,"master_deck":["Strike_G","Strike_G","Defend_G","Defend_G","Defend_G","Defend_G","Defend_G","Survivor","Neutralize","Masterful Stab+1","Deflect+1","Masterful Stab+1","Masterful Stab+1","Adrenaline+1","Backstab","Backflip","Noxious Fumes+1","Poisoned Stab","Adrenaline+1","Deflect","Poisoned Stab"],"relics":["conspire:SpecialSausage","conspire:Flyswatter","hubris:MobiusCoin","Golden Idol","Philosopher\u0027s Stone","hubris:CrystalStatue"],"acts_visited":["Exordium","TheCity"],"potions_floor_usage":[16,16,16,18,30,30,30],"damage_taken":[{"damage":0.0,"enemies":"Jaw Worm","floor":1.0,"turns":7.0},{"damage":0.0,"enemies":"Cultist","floor":3.0,"turns":4.0},{"damage":0.0,"enemies":"Small Slimes","floor":5.0,"turns":4.0},{"damage":2.0,"enemies":"3 Louse","floor":7.0,"turns":5.0},{"damage":0.0,"enemies":"Lots of Slimes","floor":8.0,"turns":5.0},{"damage":0.0,"enemies":"Exordium Wildlife","floor":11.0,"turns":5.0},{"damage":0.0,"enemies":"Looter","floor":13.0,"turns":1.0},{"damage":11,"enemies":"Hexaghost","floor":16,"turns":11},{"damage":1,"enemies":"2 Thieves","floor":18,"turns":4},{"damage":0,"enemies":"Spheric Guardian","floor":19,"turns":3},{"damage":5,"enemies":"3 Cultists","floor":21,"turns":7},{"damage":10,"enemies":"Cultist and Chosen","floor":27,"turns":7},{"damage":0,"enemies":"Centurion and Healer","floor":28,"turns":6},{"damage":17,"enemies":"Snake Plant","floor":29,"turns":4},{"damage":0,"enemies":"Colosseum Slavers","floor":30,"turns":3},{"damage":42,"enemies":"Colosseum Nobs","floor":30,"turns":4}],"seed_played":"1249942132691462197","potions_obtained":[{"floor":3.0,"key":"EssenceOfSteel"},{"floor":8.0,"key":"SpeedPotion"},{"floor":11.0,"key":"LiquidBronze"},{"floor":13.0,"key":"Swift Potion"},{"floor":16,"key":"Explosive Potion"},{"floor":19,"key":"SneckoOil"},{"floor":27,"key":"Fire Potion"},{"floor":28,"key":"LiquidBronze"}],"is_trial":false,"path_per_floor":["M","$","M","?","M","R","M","M","T","R","M","R","M","?","R","B",null,"M","M","$","M","$","R","?","R","T","M","M","M","?"],"character_chosen":"THE_SILENT","items_purchased":["Backflip","Noxious Fumes","Poisoned Stab"],"campfire_rested":0,"item_purchase_floors":[20,22,22],"current_hp_per_floor":[70,70,70,70,70,70,68,68,68,68,68,68,68,65,65,54,65,64,64,64,59,59,59,59,59,59,49,49,32,0,0],"gold":161,"neow_bonus":"BOSS_RELIC","is_daily":false,"chose_seed":false,"campfire_upgraded":6,"win_rate":0.0,"timestamp":1608283433,"path_taken":["M","$","M","?","?","R","M","?","T","R","M","R","M","?","R","BOSS","M","M","$","M","$","R","?","R","T","?","M","M","?"],"items_purchased_type":["Card","Card","Card"],"build_version":"2020-12-13","purchased_purges":3,"victory":false,"max_hp_per_floor":[70,70,70,70,70,70,70,70,70,70,70,70,70,65,65,65,65,65,65,65,65,65,65,65,65,65,65,65,65,65,65],"card_choices":[{"not_picked":["Dagger Spray","Quick Slash"],"picked":"Masterful Stab","floor":1.0},{"not_picked":["Flechettes","Acrobatics","Tactician"],"picked":"SKIP","floor":3.0},{"not_picked":["PiercingWail","Flechettes","Quick Slash"],"picked":"SKIP","floor":5.0},{"not_picked":["Deadly Poison","Finisher"],"picked":"Deflect","floor":7.0},{"not_picked":["conspire:DoublingDagger","All Out Attack"],"picked":"Masterful Stab","floor":8.0},{"not_picked":["PiercingWail","Outmaneuver"],"picked":"Masterful Stab","floor":11.0},{"not_picked":["Heel Hook","Reflex","Flying Knee"],"picked":"SKIP","floor":13.0},{"not_picked":["Doppelganger","Grand Finale"],"picked":"Adrenaline","floor":16},{"not_picked":["hubris:TrickCloak","Acrobatics","Setup"],"picked":"SKIP","floor":18},{"not_picked":["Dagger Throw","Heel Hook"],"picked":"Backstab","floor":19},{"not_picked":["Setup+1","Deadly Poison","hubris:SlightOfHand"],"picked":"SKIP","floor":21},{"not_picked":["Dagger Throw","Choke"],"picked":"Deflect","floor":27},{"not_picked":["Infinite Blades","hubris:TrickCloak","All Out Attack"],"picked":"SKIP","floor":28},{"not_picked":["Dagger Throw","Heel Hook"],"picked":"Poisoned Stab","floor":29}],"player_experience":1753897,"relics_obtained":[{"floor":9.0,"key":"hubris:MobiusCoin"},{"floor":26,"key":"hubris:CrystalStatue"}],"event_choices":[{"damage_healed":0.0,"max_hp_gain":0.0,"max_hp_loss":0.0,"gold_gain":0.0,"event_name":"WeMeetAgain","player_choice":"Gave Potion","floor":4.0,"gold_loss":0.0,"damage_taken":0.0,"relics_obtained":["conspire:Flyswatter"]},{"damage_healed":0.0,"max_hp_gain":0.0,"max_hp_loss":5.0,"gold_gain":0.0,"event_name":"Golden Idol","player_choice":"Lose Max HP","floor":14.0,"gold_loss":0.0,"damage_taken":0.0,"relics_obtained":["Golden Idol"]},{"damage_healed":0,"gold_gain":0,"player_choice":"Copied","damage_taken":0,"max_hp_gain":0,"max_hp_loss":0,"event_name":"Duplicator","floor":24,"gold_loss":0,"cards_obtained":["Adrenaline"]},{"damage_healed":0,"gold_gain":0,"player_choice":"Fight","damage_taken":0,"max_hp_gain":0,"max_hp_loss":0,"event_name":"Colosseum","floor":30,"gold_loss":0},{"damage_healed":0,"gold_gain":0,"player_choice":"Fought Nobs","damage_taken":0,"max_hp_gain":0,"max_hp_loss":0,"event_name":"Colosseum","floor":30,"gold_loss":0}],"is_beta":false,"boss_relics":[{"not_picked":["hubris:TerracottaHorce","hubris:VirtuousBlindfold"],"picked":"Philosopher\u0027s Stone"}],"items_purged_floors":[2,20,22],"is_endless":false,"potions_floor_spawned":[3,8,11,13,16,19,27,28],"killed_by":"Colosseum Nobs","ascension_level":0}}