{"host":"e4wnmsyty9uvvtwf","time":1608274359,"event":{"mods":["Aspiration","BaseMod","Colored Map","Colored Powertips","Marisa£®ÏF”Í°°ƒß¿Ì…≥£©","Minty Spire (QoL Compilation)","Rare Cards Sparkle","Replay The Spire","StSLib"],"gold_per_floor":[112,131,131,147,147,147,175,175,175,259,334,334,345,358,358,358,358],"floor_reached":16,"playtime":383,"items_purged":[],"score":240,"play_id":"c4b6a508-d6a9-4b9a-a352-d5d07b5918e1","local_time":"20201218145239","is_ascension_mode":true,"campfire_choices":[{"data":"Zap","floor":6,"key":"SMITH"},{"floor":8,"key":"REST"},{"data":"Stack","floor":15,"key":"SMITH"}],"circlet_count":0,"master_deck":["AscendersBane","Strike_B","Strike_B","Strike_B","Strike_B","Defend_B","Defend_B","Defend_B+1","Defend_B","Zap+1","Dualcast","Steam Power","Beam Cell","Flash of Steel","Beam Cell","Conserve Battery","Go for the Eyes","Beam Cell","Stack+1","ReplaySolidLightProjector","Electrodynamics"],"relics":["Cracked Core","aspiration:Nostalgia","aspiration:BabyByrd","Vajra","Meat on the Bone"],"acts_visited":["Exordium"],"potions_floor_usage":[16],"damage_taken":[{"damage":3,"enemies":"2 Louse","floor":1,"turns":3},{"damage":1,"enemies":"Cultist","floor":2,"turns":3},{"damage":5,"enemies":"Small Slimes","floor":4,"turns":3},{"damage":40,"enemies":"3 Sentries","floor":7,"turns":9},{"damage":0,"enemies":"3 Louse","floor":13,"turns":4},{"damage":4,"enemies":"Blue Slaver","floor":14,"turns":3},{"damage":15,"enemies":"The Guardian","floor":16,"turns":7}],"seed_played":"-7201897691519648811","potions_obtained":[{"floor":4,"key":"Swift Potion"},{"floor":13,"key":"Block Potion"}],"is_trial":false,"path_per_floor":["M","M","?","M","?","R","E","R","T","?","?","?","M","M","R","B"],"character_chosen":"DEFECT","items_purchased":[],"campfire_rested":1,"item_purchase_floors":[],"current_hp_per_floor":[65,64,64,59,59,59,19,41,41,41,30,30,42,38,38,23,23],"gold":358,"neow_bonus":"NOSTALGIA","is_daily":false,"chose_seed":false,"campfire_upgraded":2,"win_rate":0.0,"timestamp":1608274359,"path_taken":["M","M","?","?","?","R","E","R","T","?","?","?","?","M","R","BOSS"],"items_purchased_type":[],"build_version":"2020-12-13","purchased_purges":0,"victory":false,"max_hp_per_floor":[75,75,75,75,75,75,75,75,75,75,75,75,75,75,75,75,75],"card_choices":[{"not_picked":["Coolheaded","Static Discharge"],"picked":"Steam Power","floor":1},{"not_picked":["Redo","BasicCrystalCard"],"picked":"Beam Cell","floor":2},{"not_picked":["BootSequence","Ball Lightning"],"picked":"Beam Cell","floor":4},{"not_picked":["Auto Shields","Hologram"],"picked":"Conserve Battery","floor":7},{"not_picked":["Gash","Stack"],"picked":"Go for the Eyes","floor":10},{"not_picked":["Rip and Tear","Heatsinks"],"picked":"Beam Cell","floor":10},{"not_picked":["Hologram","Rebound"],"picked":"Stack","floor":10},{"not_picked":["Panic Button","Barrage"],"picked":"ReplaySolidLightProjector","floor":13},{"not_picked":["Go for the Eyes","Rip and Tear"],"picked":"Electrodynamics","floor":14}],"player_experience":623578,"relics_obtained":[{"floor":7,"key":"Vajra"},{"floor":9,"key":"Meat on the Bone"}],"event_choices":[{"damage_healed":0,"gold_gain":0,"player_choice":"1 cards matched","damage_taken":0,"max_hp_gain":0,"max_hp_loss":0,"event_name":"Match and Keep!","floor":3,"gold_loss":0,"cards_obtained":["Flash of Steel"]},{"damage_healed":0,"gold_gain":75,"player_choice":"Gather Gold","damage_taken":11,"max_hp_gain":0,"max_hp_loss":0,"event_name":"World of Goop","floor":11,"gold_loss":0}],"is_beta":false,"boss_relics":[],"items_purged_floors":[],"is_endless":false,"potions_floor_spawned":[4,13],"killed_by":"The Guardian","ascension_level":12}}