{"host":"9c969dq3azt3tjy5","time":1608279577,"event":{"mods":["AchievementEnabler","BaseMod","Colored Powertips","Minty Spire (QoL Compilation)","Quick Restart","Rare Cards Sparkle","Waifu the Spire"],"gold_per_floor":[117,135,135,147,31,59,59,59,59,10,10,20,20,30,30,132,132,132],"floor_reached":17,"playtime":774,"items_purged":[],"score":155,"play_id":"acee235c-143e-4a62-ae09-2e2557262362","local_time":"20201218201937","is_ascension_mode":false,"campfire_choices":[{"floor":7,"key":"REST"},{"data":"Caltrops","floor":11,"key":"SMITH"},{"data":"Caltrops","floor":13,"key":"SMITH"},{"floor":15,"key":"REST"}],"circlet_count":0,"master_deck":["Survivor","Neutralize","Glass Knife","Dodge and Roll","Terror","Caltrops+1","Caltrops+1","Catalyst","Poisoned Stab","Backflip","Bullet Time","Dash","Setup","Setup","Glass Knife","Tools of the Trade","Calculated Gamble","Die Die Die","Concentrate","Choke","All Out Attack"],"relics":["Ring of the Snake","Sundial","Blood Vial","Pandora\u0027s Box"],"acts_visited":["Exordium","TheCity"],"potions_floor_usage":[6,6,12],"damage_taken":[{"damage":0,"enemies":"2 Louse","floor":1,"turns":2},{"damage":1,"enemies":"Cultist","floor":2,"turns":4},{"damage":3,"enemies":"Small Slimes","floor":4,"turns":3},{"damage":20,"enemies":"3 Sentries","floor":6,"turns":6},{"damage":0,"enemies":"2 Fungi Beasts","floor":12,"turns":3},{"damage":11,"enemies":"Exordium Wildlife","floor":14,"turns":4},{"damage":50,"enemies":"Slime Boss","floor":16,"turns":12}],"seed_played":"4903286026131339887","potions_obtained":[{"floor":1,"key":"DuplicationPotion"},{"floor":2,"key":"DistilledChaos"},{"floor":6,"key":"Block Potion"}],"is_trial":false,"path_per_floor":["M","M","?","M","$","E","R","?","T","$","R","M","R","M","R","B",null],"character_chosen":"THE_SILENT","items_purchased":["Caltrops","Catalyst","Poisoned Stab"],"campfire_rested":2,"item_purchase_floors":[5,5,10],"current_hp_per_floor":[63,62,62,59,59,39,57,45,45,45,45,47,47,38,56,8,63,63],"gold":132,"neow_bonus":"THREE_RARE_CARDS","is_daily":false,"chose_seed":false,"campfire_upgraded":2,"win_rate":0.0,"timestamp":1608279577,"path_taken":["M","M","?","?","$","E","R","?","T","$","R","M","R","M","R","BOSS"],"items_purchased_type":["Card","Card","Card"],"build_version":"2020-12-13","purchased_purges":0,"victory":false,"max_hp_per_floor":[63,63,63,63,63,63,63,63,63,63,63,63,63,63,63,63,63,63],"card_choices":[{"not_picked":["Envenom","Wraith Form v2"],"picked":"Glass Knife","floor":0},{"not_picked":["Prepared","Acrobatics"],"picked":"Dodge and Roll","floor":1},{"not_picked":["Deadly Poison","Dagger Throw"],"picked":"Terror","floor":2},{"not_picked":["Setup","Noxious Fumes"],"picked":"Caltrops","floor":4},{"not_picked":["Cloak And Dagger","Sucker Punch","Tactician"],"picked":"SKIP","floor":6},{"not_picked":["Dagger Throw","Distraction","Dash"],"picked":"SKIP","floor":12},{"not_picked":["Setup","Acrobatics"],"picked":"Backflip","floor":14},{"not_picked":["Night Terror","Adrenaline"],"picked":"Bullet Time","floor":16}],"player_experience":174018,"relics_obtained":[{"floor":6,"key":"Sundial"}],"event_choices":[{"cards_removed":["Strike_G"],"damage_healed":0,"gold_gain":0,"player_choice":"Took Card","damage_taken":0,"max_hp_gain":0,"max_hp_loss":0,"event_name":"NoteForYourself","floor":3,"gold_loss":0,"cards_obtained":["Strike_B"]},{"damage_healed":0,"gold_gain":0,"player_choice":"Success","damage_taken":12,"relics_obtained":["Blood Vial"],"max_hp_gain":0,"max_hp_loss":0,"event_name":"Scrap Ooze","floor":8,"gold_loss":0}],"is_beta":false,"boss_relics":[{"not_picked":["Calling Bell","Fusion Hammer"],"picked":"Pandora\u0027s Box"}],"items_purged_floors":[],"is_endless":false,"potions_floor_spawned":[1,2,6],"ascension_level":0}}