{"host":"3c27c697js19kaoo","time":1608279366,"event":{"mods":["BaseMod","Dota2Spire","Hermit","Minty Spire (QoL Compilation)","Quick Restart","Remilia£®¿Ÿ√◊¿Ú—«£©","Replay The Spire","Robot Space Explorer","Spicy Shops","StSLib","The Alterego","The Cursed","The Servant 0.9.4","vexMod","°æ“≈ŒÔø®≈∆°øREMEMod"],"gold_per_floor":[111,111,111,1,14,14,28,28,28,58,58,86,101,112,112,217,217,230,230,100,119,136,136,162,162,162,179,179,32,32,32,32],"floor_reached":31,"playtime":1257,"items_purged":[],"score":288,"play_id":"c3d73361-c965-405e-8dd1-6f8622264092","local_time":"20201218161606","is_ascension_mode":false,"campfire_choices":[{"data":"REME_CopyPotion","floor":6.0,"key":"SMITH"},{"floor":15,"key":"REST"},{"data":"Tools of the Trade","floor":23,"key":"SMITH"},{"floor":25,"key":"REST"}],"circlet_count":0,"master_deck":["Defend_G","Defend_G","Defend_G","Defend_G","Survivor+1","Neutralize","REME_CopyPotion+1","Dagger Spray","vexMod:UltimateCard","After Image","Neutralize","Tools of the Trade+1","Quick Slash+1","J.A.X.","Blade Dance+1","ReplayTheSpireMod:Scrap Shanks+1","Bite","Bite","Bite","Bite","Bite","Shame"],"relics":["Ring of the Snake","REME_ComplimentaryCards","NeowsBlessing","ReplayTheSpireMod:CursedCoin","Replay:WaspNest","Basket Of Snakes","Dota2Spire:ArcaneBoots","Replay:Accelerometer","HoveringKite","Replay:Bottled Snecko","Dota2Spire:BladeMail","ReplayTheSpireMod:TigerMarble","REME_OnlineShoppingPlatform","ScarletDevilRocket"],"acts_visited":["Exordium","TheCity"],"potions_floor_usage":[10,16,22],"damage_taken":[{"damage":0.0,"enemies":"Small Slimes","floor":1.0,"turns":2.0},{"damage":0.0,"enemies":"Cultist","floor":5.0,"turns":1.0},{"damage":0.0,"enemies":"Jaw Worm","floor":7.0,"turns":1.0},{"damage":18,"enemies":"Gremlin Nob","floor":10,"turns":4},{"damage":21,"enemies":"3 Sentries","floor":12,"turns":5},{"damage":3,"enemies":"Exordium Wildlife","floor":13,"turns":5},{"damage":0,"enemies":"Large Slime","floor":14,"turns":5},{"damage":26,"enemies":"The Guardian","floor":16,"turns":8},{"damage":1,"enemies":"3 Byrds","floor":18,"turns":5},{"damage":20,"enemies":"2 Thieves","floor":21,"turns":4},{"damage":19,"enemies":"3 Cultists","floor":22,"turns":6},{"damage":23,"enemies":"Book of Stabbing","floor":24,"turns":4},{"damage":34,"enemies":"Centurion and Healer","floor":27,"turns":6},{"damage":21,"enemies":"Snake Plant","floor":31,"turns":2}],"seed_played":"1619553089077095984","potions_obtained":[{"floor":1.0,"key":"Poison Potion"},{"floor":10,"key":"Swift Potion"},{"floor":13,"key":"SkillPotion"},{"floor":16,"key":"Regen Potion"},{"floor":18,"key":"SmokeBomb"}],"is_trial":false,"path_per_floor":["M","?","?","$","M","R","M","$","T","E","?","E","M","M","R","B",null,"M","?","$","M","M","R","E","R","T","M","?","$","?","M"],"character_chosen":"THE_SILENT","items_purchased":["ReplayTheSpireMod:CursedCoin","Replay:WaspNest","Replay:Bottled Snecko","REME_OnlineShoppingPlatform"],"campfire_rested":2,"item_purchase_floors":[4,4,20,29],"current_hp_per_floor":[70,56,56,56,56,56,56,56,56,38,38,17,14,14,35,9,70,70,70,70,50,45,45,22,43,43,9,9,9,9,0,0],"gold":32,"neow_bonus":"THREE_ENEMY_KILL","is_daily":false,"chose_seed":false,"campfire_upgraded":2,"win_rate":0.0,"timestamp":1608279366,"path_taken":["M","?","?","$","M","R","?","?","T","E","?","E","M","M","R","BOSS","M","?","$","M","M","R","E","R","T","M","?","?","?","?"],"items_purchased_type":["Relic","Relic","Relic","Relic"],"build_version":"2020-12-13","purchased_purges":0,"victory":false,"max_hp_per_floor":[70,70,70,70,70,70,70,70,70,70,70,70,70,70,70,70,70,70,70,70,70,70,70,70,70,70,70,49,49,49,49,49],"card_choices":[{"not_picked":["Dodge and Roll","Eviscerate"],"picked":"Dagger Spray","floor":1.0},{"not_picked":["Expertise","Choke","Hidden Blade"],"picked":"SKIP","floor":5.0},{"not_picked":["Poisoned Stab","Deadly Poison","Blur"],"picked":"SKIP","floor":7.0},{"not_picked":["Deadly Poison","Footwork","Caltrops"],"picked":"SKIP","floor":10},{"not_picked":["Backflip","Poison Darts","Hidden Blade"],"picked":"SKIP","floor":12},{"not_picked":["PiercingWail","Reflex","Endless Agony"],"picked":"SKIP","floor":13},{"not_picked":["Dagger Spray","Acrobatics","Outmaneuver"],"picked":"SKIP","floor":14},{"not_picked":["Night Terror","REME_SpectralBlade"],"picked":"Tools of the Trade","floor":16},{"not_picked":["Prepared","PiercingWail"],"picked":"Quick Slash+1","floor":18},{"not_picked":["Acrobatics","PiercingWail+1","Sucker Punch+1"],"picked":"SKIP","floor":21},{"not_picked":["Prepared","Underhanded Strike"],"picked":"Blade Dance+1","floor":22},{"not_picked":["Blade Dance","PiercingWail+1","Envenom"],"picked":"SKIP","floor":24},{"not_picked":["Dagger Spray","Deadly Poison"],"picked":"ReplayTheSpireMod:Scrap Shanks+1","floor":27}],"player_experience":133869,"relics_obtained":[{"floor":9.0,"key":"Basket Of Snakes"},{"floor":10,"key":"Dota2Spire:ArcaneBoots"},{"floor":12,"key":"Replay:Accelerometer"},{"floor":24,"key":"Dota2Spire:BladeMail"},{"floor":26,"key":"ReplayTheSpireMod:TigerMarble"}],"event_choices":[{"damage_healed":0.0,"max_hp_gain":0.0,"max_hp_loss":0.0,"gold_gain":0.0,"event_name":"Shining Light","player_choice":"Entered Light","floor":2.0,"gold_loss":0.0,"damage_taken":14.0,"cards_upgraded":["Survivor","Strike_G"]},{"cards_removed":["Defend_G"],"damage_healed":0.0,"max_hp_gain":0.0,"max_hp_loss":0.0,"gold_gain":0.0,"event_name":"Purifier","player_choice":"Purged","floor":3.0,"gold_loss":0.0,"damage_taken":0.0},{"damage_healed":0,"gold_gain":0,"player_choice":"2 cards matched","damage_taken":0,"max_hp_gain":0,"max_hp_loss":0,"event_name":"Match and Keep!","floor":11,"gold_loss":0,"cards_obtained":["After Image","Neutralize"]},{"damage_healed":0,"gold_gain":0,"player_choice":"Obtain J.A.X.","damage_taken":0,"max_hp_gain":0,"max_hp_loss":0,"event_name":"Drug Dealer","floor":19,"gold_loss":0,"cards_obtained":["J.A.X."]},{"damage_healed":0,"gold_gain":0,"player_choice":"Became a vampire","damage_taken":0,"max_hp_gain":0,"max_hp_loss":21,"event_name":"Vampires","floor":28,"gold_loss":0,"cards_obtained":["Bite","Bite","Bite","Bite","Bite"]},{"damage_healed":0,"gold_gain":0,"player_choice":"Stole Relic","damage_taken":0,"relics_obtained":["ScarletDevilRocket"],"max_hp_gain":0,"max_hp_loss":0,"event_name":"Addict","floor":30,"gold_loss":0,"cards_obtained":["Shame"]}],"is_beta":false,"boss_relics":[{"not_picked":["Runic Dome","Sozu"],"picked":"HoveringKite"}],"items_purged_floors":[],"is_endless":false,"potions_floor_spawned":[1,10,13,16,18],"killed_by":"Snake Plant","ascension_level":0}}