{"host":"wonp23fsqqcu31ie","time":1608267907,"event":{"mods":["2.2 Compatiblity","AchievementEnabler","Aspiration","BaseMod","Bestiary","Better Altar","Better Match","Better Sensory Stone","Better Skull","Better Third Choice","BetterRewards","Block Reminder","Colored Map","Colored Powertips","Conspire","DeckTracker","Displayed Cursed Tome","Downfall","Hermit","Highlight Path","Hubris","Minty Spire (QoL Compilation)","Permanent Neow","Quick Restart","Rare Cards Sparkle","Relic Stats","Replay The Spire","Shade Mod","Shop Mod","StSLib","SuperFastMode","The Animator","The Cursed","The Gatherer","The Necromancer","The Runesmith","The Servant 0.9.4"],"gold_per_floor":[129,129,29,29,29,64,74,2,73,93,93,128,147,177,177,300,300,315,350,253,261,261],"floor_reached":21,"playtime":818,"items_purged":[],"score":199,"play_id":"ca7af067-859e-4940-b245-3db601f86406","local_time":"20201218160507","is_ascension_mode":true,"campfire_choices":[{"floor":15.0,"key":"REST"}],"circlet_count":0,"master_deck":["animator:Strike_Konosuba","animator:Defend_Konosuba","animator:Strike","animator:Strike+1","animator:Strike","animator:Defend","animator:Defend","animator:Defend+1","animator:Kazuma","animator:Aqua+1","animator:Darkness","Ghostly","animator:Shuna","animator:Lancer","animator:Megumin+5","Injury","animator:MaesHughes","animator:Scar","animator:Mitsurugi","animator:HigakiRinne","animator:YunYun","animator:ChaikaTrabant"],"relics":["animator:LivingPicture","animator:TheMissingPiece","Art of War","Happy Flower","ReplayTheSpireMod:Lightbulb","Golden Idol","aspiration:MobileForge","Replay:Bandana"],"acts_visited":["Exordium","TheCity"],"potions_floor_usage":[],"damage_taken":[{"damage":3.0,"enemies":"Small Slimes","floor":1.0,"turns":6.0},{"damage":16.0,"enemies":"3 Sentries","floor":6.0,"turns":15.0},{"damage":0.0,"enemies":"Jaw Worm","floor":7.0,"turns":6.0},{"damage":0.0,"enemies":"2 Louse","floor":10.0,"turns":3.0},{"damage":4.0,"enemies":"Gremlin Gang","floor":12.0,"turns":5.0},{"damage":10.0,"enemies":"Exordium Thugs","floor":13.0,"turns":6.0},{"damage":5.0,"enemies":"Looter","floor":14.0,"turns":3.0},{"damage":35.0,"enemies":"Fading Forest","floor":16.0,"turns":11.0},{"damage":21.0,"enemies":"conspire:FuzzyDice","floor":18.0,"turns":5.0},{"damage":22.0,"enemies":"Chosen","floor":19.0,"turns":5.0},{"damage":40,"enemies":"Snecko","floor":21,"turns":4}],"seed_played":"6134648281736037376","potions_obtained":[{"floor":1.0,"key":"Doom Potion"},{"floor":6.0,"key":"DistilledChaos"},{"floor":12.0,"key":"BlessingOfTheForge"},{"floor":13.0,"key":"Fire Potion"},{"floor":16.0,"key":"sneckomod:MuddlingPotion"},{"floor":19.0,"key":"Guardian:BlockOnCardUsePotion"}],"is_trial":false,"path_per_floor":["M","?","?","?","?","E","M","$","T","M","?","M","M","M","R","B",null,"M","M","?","M"],"character_chosen":"THE_ANIMATOR","items_purchased":["animator:Lancer"],"campfire_rested":1,"item_purchase_floors":[8],"current_hp_per_floor":[64,69,69,55,26,13,16,16,16,20,20,19,13,11,32,14,73,56,37,37,0,0],"gold":261,"neow_bonus":"UPGRADE_CARD","is_daily":false,"chose_seed":false,"campfire_upgraded":0,"win_rate":0.0,"timestamp":1608267907,"path_taken":["M","?","?","?","?","E","?","?","T","?","?","M","M","M","R","BOSS","M","M","?","?"],"items_purchased_type":["Card"],"build_version":"2020-12-13","purchased_purges":0,"victory":false,"max_hp_per_floor":[66,71,71,71,71,71,71,71,71,72,72,72,73,73,73,73,73,74,74,74,74,74],"relic_stats":{"Happy Flower":[21],"counters":[11,69],"Golden Idol":46,"Art of War":[7],"obtain_stats":[{"Replay:Bandana":20,"Happy Flower":5,"Golden Idol":11,"aspiration:MobileForge":17,"animator:TheMissingPiece":0,"animator:LivingPicture":0,"Art of War":5,"ReplayTheSpireMod:Lightbulb":6},{"Replay:Bandana":10,"Happy Flower":1,"Golden Idol":4,"aspiration:MobileForge":8,"animator:TheMissingPiece":0,"animator:LivingPicture":0,"Art of War":1,"ReplayTheSpireMod:Lightbulb":2},{"Replay:Bandana":65,"Happy Flower":6,"Golden Idol":30,"aspiration:MobileForge":55,"animator:TheMissingPiece":0,"animator:LivingPicture":0,"Art of War":6,"ReplayTheSpireMod:Lightbulb":21}]},"card_choices":[{"not_picked":["animator:Togame","animator:Sonic"],"picked":"animator:Darkness","floor":1.0},{"not_picked":["animator:MumenRider","animator:SilverFang"],"picked":"animator:Shuna","floor":6.0},{"not_picked":["animator:UneriGinkaku","animator:Hitei","animator:MumenRider"],"picked":"SKIP","floor":7.0},{"not_picked":["animator:YunYun","animator:Chomusuke"],"picked":"animator:Megumin","floor":10.0},{"not_picked":["animator:Shion","animator:Berserker"],"picked":"animator:MaesHughes","floor":12.0},{"not_picked":["animator:Darkness","animator:GazelDwargon"],"picked":"animator:Scar","floor":13.0},{"not_picked":["animator:TsurugaMeisai","animator:ShinjiMatou"],"picked":"animator:Mitsurugi","floor":14.0},{"not_picked":["animator:Saitama","animator:Biyorigo"],"picked":"animator:HigakiRinne","floor":16.0},{"not_picked":["animator:Kazuma","animator:Mitsurugi"],"picked":"animator:YunYun","floor":18.0},{"not_picked":["animator:Berserker+1","animator:ElricAlphonse"],"picked":"animator:ChaikaTrabant","floor":19.0}],"player_experience":633096,"relics_obtained":[{"floor":6.0,"key":"ReplayTheSpireMod:Lightbulb"}],"event_choices":[{"damage_healed":0.0,"max_hp_gain":5.0,"max_hp_loss":0.0,"gold_gain":0.0,"event_name":"Big Fish","player_choice":"Donut","floor":2.0,"gold_loss":0.0,"damage_taken":0.0},{"damage_healed":0.0,"max_hp_gain":0.0,"max_hp_loss":0.0,"gold_gain":0.0,"event_name":"conspire:LoneGhost","player_choice":"Argue","floor":3.0,"gold_loss":0.0,"damage_taken":0.0},{"damage_healed":69.0,"max_hp_gain":0.0,"max_hp_loss":71.0,"gold_gain":0.0,"event_name":"betterThird:BetterShining","player_choice":"Upgrade","floor":4.0,"gold_loss":0.0,"damage_taken":14.0,"cards_upgraded":["animator:Defend","animator:Strike"]},{"damage_healed":0.0,"max_hp_gain":0.0,"max_hp_loss":0.0,"gold_gain":0.0,"event_name":"betterSkull:BetterSkull","player_choice":"RE RE ","floor":5.0,"gold_loss":0.0,"damage_taken":33.0,"cards_upgraded":[],"relics_obtained":["Art of War","Happy Flower"]},{"damage_healed":0.0,"max_hp_gain":0.0,"max_hp_loss":0.0,"gold_gain":0.0,"event_name":"Golden Idol","player_choice":"Take Wound","floor":11.0,"gold_loss":0.0,"damage_taken":0.0,"relics_obtained":["Golden Idol"],"cards_obtained":["Injury"]},{"damage_healed":0.0,"max_hp_gain":0.0,"max_hp_loss":0.0,"gold_gain":0.0,"event_name":"WeMeetAgain","player_choice":"Paid Gold","floor":20.0,"gold_loss":97.0,"damage_taken":0.0,"relics_obtained":["Replay:Bandana"]}],"is_beta":false,"boss_relics":[{"not_picked":["animator:RacePiece","aspiration:SecretTechniqueScroll"],"picked":"aspiration:MobileForge"}],"items_purged_floors":[],"is_endless":false,"potions_floor_spawned":[1,6,12,13,16,19],"killed_by":"Snecko","ascension_level":2}}