{"host":"w7o06k3e8uel8euj","time":1608286219,"event":{"mods":["AchievementEnabler","BaseMod","Colored Powertips","Custom Start","DeckTracker","Keyboard Shortcuts","Minty Spire (QoL Compilation)","Quick Restart","Relic Stats","StSLib","SuperFastMode","everything is the same but u backflip on backflip"],"gold_per_floor":[118,135,60,60,74,102,102,102,102],"floor_reached":8,"playtime":175,"items_purged":["Defend_P"],"score":92,"play_id":"8b7ba4ee-8f20-466c-b308-94a4b017191d","local_time":"20201218191019","is_ascension_mode":true,"campfire_choices":[{"data":"Eruption","floor":7.0,"key":"SMITH"}],"circlet_count":0,"master_deck":["AscendersBane","Strike_P","Strike_P","Strike_P","Defend_P","Defend_P","Eruption+1","Vigilance","Consecrate","Perseverance","EmptyFist"],"relics":["PureWater","Shuriken","Blue Candle"],"acts_visited":["Exordium"],"potions_floor_usage":[],"damage_taken":[{"damage":0.0,"enemies":"Jaw Worm","floor":1.0,"turns":3.0},{"damage":0.0,"enemies":"2 Louse","floor":2.0,"turns":3.0},{"damage":0.0,"enemies":"Cultist","floor":5.0,"turns":3.0},{"damage":30.0,"enemies":"3 Sentries","floor":6.0,"turns":7.0},{"damage":19,"enemies":"Lagavulin","floor":8,"turns":3}],"seed_played":"6696367434342825880","potions_obtained":[{"floor":2.0,"key":"PowerPotion"}],"is_trial":false,"path_per_floor":["M","M","$","?","M","E","R","E"],"character_chosen":"WATCHER","items_purchased":[],"campfire_rested":0,"item_purchase_floors":[],"current_hp_per_floor":[47,47,47,44,44,14,14,0,0],"gold":102,"neow_bonus":"REMOVE_TWO","is_daily":false,"chose_seed":false,"campfire_upgraded":1,"win_rate":0.0,"timestamp":1608286219,"path_taken":["M","M","$","?","M","E","R","E"],"items_purchased_type":[],"build_version":"2020-12-13","purchased_purges":1,"victory":false,"max_hp_per_floor":[72,72,72,72,72,72,72,72,72],"relic_stats":{"counters":[5,19],"Shuriken":[2],"Blue Candle":[0],"obtain_stats":[{"Shuriken":4,"Blue Candle":6,"PureWater":0},{"Shuriken":2,"Blue Candle":4,"PureWater":0},{"Shuriken":6,"Blue Candle":16,"PureWater":0}]},"card_choices":[{"not_picked":["JustLucky","ForeignInfluence","FollowUp"],"picked":"SKIP","floor":1.0},{"not_picked":["BowlingBash","Worship"],"picked":"Consecrate","floor":2.0},{"not_picked":["Crescendo","Vengeance"],"picked":"Perseverance","floor":5.0},{"not_picked":["Collect","ThirdEye"],"picked":"EmptyFist","floor":6.0}],"player_experience":557946,"relics_obtained":[{"floor":6.0,"key":"Blue Candle"}],"event_choices":[{"damage_healed":0.0,"max_hp_gain":0.0,"max_hp_loss":0.0,"gold_gain":0.0,"event_name":"Scrap Ooze","player_choice":"Success","floor":4.0,"gold_loss":0.0,"damage_taken":3.0,"relics_obtained":["Shuriken"]}],"is_beta":false,"boss_relics":[],"items_purged_floors":[3],"is_endless":false,"potions_floor_spawned":[2],"killed_by":"Lagavulin","ascension_level":13}}