{"host":"21cpix1xyksoaq27","time":1608269367,"event":{"mods":["BaseMod","Minty Spire (QoL Compilation)","StSLib","The Forsaken","The Hierophant","The Judge","The Necromancer","The Showman","The Spell Scribe"],"gold_per_floor":[109,127,141,129,144,144,144,144,144,161,161,161,161,178,178,282,332,345,360,360,380,394,394,406,406,488,488,488,488],"floor_reached":28,"playtime":1481,"items_purged":[],"score":214,"play_id":"0e2c5c75-0bb9-4b22-a428-ae4901be35f2","local_time":"20201218002927","daily_mods":["Draft","Heirloom"],"is_ascension_mode":false,"campfire_choices":[{"data":"Summon_Undead","floor":6,"key":"SMITH"},{"data":"Plague_Bolt","floor":8,"key":"SMITH"},{"data":"Summon_Death_Knight","floor":13,"key":"SMITH"},{"data":"Negative_Energy_Shield","floor":15,"key":"SMITH"},{"floor":23,"key":"REST"},{"floor":27,"key":"REST"}],"circlet_count":0,"master_deck":["Summon_Undead+1","Negative_Energy_Sphere","Bone_Armor+1","Chill_Blood","Shackles_Of_Pain","Bone_Bullets","Negative_Energy_Shield","Bone_Armor","Life_Drain","Scare","Negative_Energy_Sphere","Plague_Bolt+1","Bone_Armor","Finger_Of_Death","Epidemic","Negative_Energy_Javelin","Spectral_Armor","Finger_Of_Death","Negative_Energy_Shield+1","Pandemic","Decay","Acid_Javelin","Summon_Death_Knight+1","Necrotic_Claws","Requiem","Necrotic_Claws","Negative_Energy_Burst","Toxic_Smoke_Screen","Defend_W","Negative_Energy_Javelin+1","Negative_Energy_Shield","Summon_Death_Knight"],"relics":["Vampire_Amulet","Dead Branch","The Courier","Tiny House","Bottled Tornado"],"acts_visited":["Exordium","TheCity"],"potions_floor_usage":[],"damage_taken":[{"damage":7,"enemies":"Small Slimes","floor":1,"turns":4},{"damage":0,"enemies":"2 Louse","floor":2,"turns":2},{"damage":2,"enemies":"Cultist","floor":3,"turns":4},{"damage":11,"enemies":"Exordium Thugs","floor":4,"turns":5},{"damage":0,"enemies":"Lots of Slimes","floor":5,"turns":2},{"damage":12,"enemies":"2 Fungi Beasts","floor":10,"turns":3},{"damage":0,"enemies":"Exordium Thugs","floor":14,"turns":4},{"damage":6,"enemies":"Hexaghost","floor":16,"turns":10},{"damage":25,"enemies":"Spheric Guardian","floor":18,"turns":4},{"damage":2,"enemies":"3 Byrds","floor":19,"turns":4},{"damage":0,"enemies":"Snecko","floor":21,"turns":5},{"damage":23,"enemies":"Sentry and Sphere","floor":22,"turns":6},{"damage":32,"enemies":"Centurion and Healer","floor":24,"turns":9},{"damage":16,"enemies":"3 Cultists","floor":28,"turns":4}],"seed_played":"1749700141187176080","potions_obtained":[{"floor":1,"key":"Regen Potion"},{"floor":4,"key":"SteroidPotion"},{"floor":10,"key":"Ancient Potion"}],"is_trial":true,"path_per_floor":["M","M","M","M","M","R","?","R","T","M","?","?","R","M","R","B",null,"M","M","?","M","M","R","M","?","T","R","M"],"character_chosen":"NECROMANCER","items_purchased":[],"campfire_rested":2,"item_purchase_floors":[],"current_hp_per_floor":[75,75,75,66,75,75,75,75,75,70,70,70,70,74,74,73,80,57,61,61,69,50,74,52,52,52,76,60,60],"gold":488,"neow_bonus":"","is_daily":false,"chose_seed":false,"campfire_upgraded":4,"win_rate":0.0,"timestamp":1608269367,"path_taken":["M","M","M","M","M","R","?","R","T","M","?","?","R","?","R","BOSS","M","M","?","M","M","R","?","?","T","R","M"],"items_purchased_type":[],"build_version":"2020-12-13","purchased_purges":0,"victory":false,"max_hp_per_floor":[75,75,75,75,75,75,75,75,75,75,75,75,75,75,75,75,80,80,80,80,80,80,80,80,80,80,80,80,80],"card_choices":[{"not_picked":["Violent_Necrosis","Blood_Whip"],"picked":"Summon_Undead","floor":0},{"not_picked":["Finger_Of_Death","Death_March_Dance"],"picked":"Negative_Energy_Sphere","floor":0},{"not_picked":["Plague_Bolt","Bone_Bullets"],"picked":"Bone_Armor","floor":0},{"not_picked":["Uncharnel","Bone_Spikes"],"picked":"Chill_Blood","floor":0},{"not_picked":["Spectral_Walk","Blood_Whip"],"picked":"Shackles_Of_Pain","floor":0},{"not_picked":["Shackles_Of_Pain","Vampiric_Strike"],"picked":"Bone_Bullets","floor":0},{"not_picked":["Shackles_Of_Pain","Bone_Armor"],"picked":"Negative_Energy_Shield","floor":0},{"not_picked":["Consume_Illness","Blood_Curse"],"picked":"Bone_Armor","floor":0},{"not_picked":["Spectral_Walk","Toxic_Smoke_Screen"],"picked":"Life_Drain","floor":0},{"not_picked":["Bone_Armor","Shackles_Of_Pain"],"picked":"Scare","floor":0},{"not_picked":["Bone_Armor","Shackles_Of_Pain"],"picked":"Finger_Of_Death","floor":0},{"not_picked":["Whirlwind_of_Bones","Bone_Spikes"],"picked":"Negative_Energy_Sphere","floor":0},{"not_picked":["Finger_Of_Death","Bone_Armor"],"picked":"Plague_Bolt","floor":0},{"not_picked":["Death_March_Dance","Death_Coil"],"picked":"Bone_Armor","floor":0},{"not_picked":["Blood_Is_Power","Corrupt"],"picked":"Finger_Of_Death","floor":0},{"not_picked":["Bone_Armor","Uncharnel"],"picked":"Epidemic","floor":1},{"not_picked":["Thousand_Bone_Knives","Acid_Javelin"],"picked":"Negative_Energy_Javelin","floor":2},{"not_picked":["Deaths_Shadow","Bone_Shift"],"picked":"Spectral_Armor","floor":3},{"not_picked":["Epidemic","Bone_Armor"],"picked":"Finger_Of_Death","floor":4},{"not_picked":["Acid_Javelin","Death_Coil"],"picked":"Negative_Energy_Shield","floor":5},{"not_picked":["Detonate_Bones","Blood_Whip"],"picked":"Pandemic","floor":10},{"not_picked":["Chill_Blood","Negative_Energy_Javelin"],"picked":"Necrotic_Claws","floor":14},{"not_picked":["Skeleton_Dragon","Summon_Vampire_Lady"],"picked":"Requiem","floor":16},{"not_picked":["Negative_Energy_Javelin","Scare"],"picked":"Necrotic_Claws","floor":17},{"not_picked":["Bone_Armor+1","Pandemic"],"picked":"Negative_Energy_Burst","floor":18},{"not_picked":["Bone_Bullets","Death_March_Dance"],"picked":"Toxic_Smoke_Screen","floor":19},{"not_picked":["Plague_Bolt","Bone_Spikes"],"picked":"Negative_Energy_Javelin+1","floor":21},{"not_picked":["Bone_Spikes","Spectral_Walk","Shackles_Of_Pain"],"picked":"SKIP","floor":22},{"not_picked":["Negative_Energy_Javelin","Blood_Curse"],"picked":"Negative_Energy_Shield","floor":24}],"player_experience":78817,"relics_obtained":[{"floor":9,"key":"The Courier"},{"floor":26,"key":"Bottled Tornado"}],"event_choices":[{"damage_healed":0,"gold_gain":0,"player_choice":"Searched \u00270\u0027 times","damage_taken":0,"max_hp_gain":0,"max_hp_loss":0,"event_name":"Dead Adventurer","floor":7,"gold_loss":0},{"damage_healed":0,"gold_gain":0,"player_choice":"Fled","damage_taken":0,"max_hp_gain":0,"max_hp_loss":0,"event_name":"Scrap Ooze","floor":11,"gold_loss":0},{"damage_healed":0,"gold_gain":0,"player_choice":"3 cards matched","damage_taken":0,"max_hp_gain":0,"max_hp_loss":0,"event_name":"Match and Keep!","floor":12,"gold_loss":0,"cards_obtained":["Decay","Acid_Javelin","Summon_Death_Knight"]},{"cards_removed":["Finger_Of_Death"],"damage_healed":0,"gold_gain":0,"player_choice":"Took Card","damage_taken":0,"max_hp_gain":0,"max_hp_loss":0,"event_name":"NoteForYourself","floor":20,"gold_loss":0,"cards_obtained":["Defend_W"]},{"damage_healed":0,"gold_gain":0,"player_choice":"1 cards matched","damage_taken":0,"max_hp_gain":0,"max_hp_loss":0,"event_name":"Match and Keep!","floor":25,"gold_loss":0,"cards_obtained":["Summon_Death_Knight"]}],"is_beta":false,"boss_relics":[{"not_picked":["SacredBark","Velvet Choker"],"picked":"Tiny House"}],"items_purged_floors":[],"is_endless":false,"potions_floor_spawned":[1,4,10,24],"killed_by":"3 Cultists","ascension_level":0}}