{"host":"sh8ot41fo7a0kahq","time":1608283067,"event":{"mods":["BaseMod","Better Third Choice","Colored Powertips","Minty Spire (QoL Compilation)","Quick Restart","Spicy Shops","StSLib","UnlockEverythingMod"],"gold_per_floor":[111,0,13,13,27,27,63,63,88,88,132,132,132,132],"floor_reached":13,"playtime":342,"items_purged":[],"score":114,"play_id":"5c623046-bdaf-4c81-9a66-88b4b134e48f","local_time":"20201218171747","is_ascension_mode":true,"campfire_choices":[{"data":"Enlightenment","floor":6.0,"key":"SMITH"},{"data":"Vault","floor":10.0,"key":"SMITH"},{"data":"Eruption","floor":12.0,"key":"SMITH"}],"circlet_count":0,"master_deck":["Strike_P","Strike_P","Strike_P","Strike_P","Defend_P","Defend_P","Defend_P","Defend_P","Eruption+1","Vigilance","FlurryOfBlows","Enlightenment+1","Crescendo","Vault+1","CutThroughFate","Devotion"],"relics":["Black Star","Golden Idol","MealTicket","Happy Flower","Juzu Bracelet","Lantern","Omamori"],"acts_visited":["Exordium"],"potions_floor_usage":[13,13],"damage_taken":[{"damage":5.0,"enemies":"Cultist","floor":1.0,"turns":4.0},{"damage":0.0,"enemies":"Small Slimes","floor":3.0,"turns":3.0},{"damage":3.0,"enemies":"2 Louse","floor":5.0,"turns":2.0},{"damage":37.0,"enemies":"Lagavulin","floor":7.0,"turns":6.0},{"damage":32.0,"enemies":"3 Sentries","floor":11.0,"turns":11.0},{"damage":20,"enemies":"Lagavulin","floor":13,"turns":4}],"seed_played":"5215403173172680466","potions_obtained":[{"floor":5.0,"key":"LiquidBronze"},{"floor":7.0,"key":"Weak Potion"},{"floor":11.0,"key":"Energy Potion"}],"is_trial":false,"path_per_floor":["M","?","M","?","M","R","E","$","T","R","E","R","E"],"character_chosen":"WATCHER","items_purchased":[],"campfire_rested":0,"item_purchase_floors":[],"current_hp_per_floor":[67,73,73,72,69,69,32,47,47,47,15,15,0,0],"gold":132,"neow_bonus":"BOSS_RELIC","is_daily":false,"chose_seed":false,"campfire_upgraded":3,"win_rate":0.0,"timestamp":1608283067,"path_taken":["M","?","M","?","M","R","E","$","T","R","E","R","E"],"items_purchased_type":[],"build_version":"2020-12-13","purchased_purges":0,"victory":false,"max_hp_per_floor":[72,78,78,72,72,72,72,72,72,72,72,72,72,72],"card_choices":[{"not_picked":["FollowUp","Consecrate"],"picked":"FlurryOfBlows","floor":1.0},{"not_picked":["CutThroughFate","EmptyBody"],"picked":"Crescendo","floor":3.0},{"not_picked":["EmptyBody","Swivel"],"picked":"Vault","floor":5.0},{"not_picked":["Alpha","EmptyFist"],"picked":"CutThroughFate","floor":7.0},{"not_picked":["BattleHymn","FlyingSleeves"],"picked":"Devotion","floor":11.0}],"player_experience":272594,"relics_obtained":[{"floor":7.0,"key":"MealTicket"},{"floor":7.0,"key":"Happy Flower"},{"floor":9.0,"key":"Juzu Bracelet"},{"floor":11.0,"key":"Lantern"},{"floor":11.0,"key":"Omamori"}],"event_choices":[{"damage_healed":0.0,"max_hp_gain":0.0,"max_hp_loss":0.0,"gold_gain":0.0,"event_name":"betterThird:BetterSerpent","player_choice":"RENOUNCE","floor":2.0,"gold_loss":111.0,"damage_taken":111.0,"cards_obtained":["Enlightenment"]},{"damage_healed":0.0,"max_hp_gain":0.0,"max_hp_loss":6.0,"gold_gain":0.0,"event_name":"Golden Idol","player_choice":"Lose Max HP","floor":4.0,"gold_loss":0.0,"damage_taken":0.0,"relics_obtained":["Golden Idol"]}],"is_beta":false,"boss_relics":[],"items_purged_floors":[],"is_endless":false,"potions_floor_spawned":[5,7,11],"killed_by":"Lagavulin","ascension_level":5}}