{"host":"ocy7z4248lncoz2b","time":1608277965,"event":{"mods":["BaseMod","Beaked The Cultist","Better Match","Better Sensory Stone","Better Third Choice","BetterRewards","Clockwork Mod","Colored Powertips","Conspire","Downfall","Friendly Minions","Highlight Path","Hubris","Infinite Spire","Marisa????????","Mimic Mod","Minty Spire (QoL Compilation)","READ ME - Guardian Mod","Replay The Spire","Shop Mod","Spicy Shops","Spikes Relics","StSLib","SuperFastMode","The Blue Laboratory","The Construct","The Jungle"],"gold_per_floor":[0,13,113,146,146,157,157,157,30,65,85,10,0,100,116,116,116],"floor_reached":16,"playtime":464,"items_purged":[],"score":124,"play_id":"b9bc8481-5589-4ecb-8ffc-bacc1f85c8e4","local_time":"20201218165245","is_ascension_mode":true,"campfire_choices":[{"data":"UpSweep","floor":1,"key":"SMITH"},{"data":"EarthLightRay","floor":5,"key":"SMITH"},{"data":"SuperNova","floor":8,"key":"SMITH"}],"circlet_count":0,"master_deck":["Strike_MRS","Strike_MRS","Strike_MRS","Strike_MRS","Defend_MRS","Defend_MRS","Defend_MRS","Defend_MRS","MasterSpark","UpSweep+1","EarthLightRay+1","SuperNova+1","PulseMagic","MeteoricShower","OpenUniverse","DragonMeteor","SuperPerseids","MagicChant","ManaRampage","WitchOfGreed"],"relics":["MiniHakkero","CherryCoatedStake","Gambling Chip","Matryoshka","Vajra"],"acts_visited":["Exordium"],"potions_floor_usage":[13,13],"damage_taken":[{"damage":8,"enemies":"Small Slimes","floor":2,"turns":4},{"damage":34,"enemies":"Gremlin Nob","floor":4,"turns":4},{"damage":6,"enemies":"Cultist","floor":6,"turns":3},{"damage":5,"enemies":"downfall:FleeingMerchant","floor":9,"turns":4},{"damage":30,"enemies":"Lagavulin","floor":10,"turns":4},{"damage":15,"enemies":"2 Louse","floor":11,"turns":3},{"damage":0,"enemies":"downfall:FleeingMerchant","floor":13,"turns":4},{"damage":0,"enemies":"Blue Slaver","floor":15,"turns":2},{"damage":20,"enemies":"downfall:Defect","floor":16,"turns":3}],"seed_played":"-8141044749165339213","potions_obtained":[{"floor":6,"key":"LifebloodPotion"},{"floor":10,"key":"Swift Potion"}],"is_trial":false,"path_per_floor":["R","M","?","E","R","M","T","R","$","E","M","?","$","?","M","B"],"character_chosen":"MARISA","items_purchased":["OpenUniverse","DragonMeteor"],"campfire_rested":0,"item_purchase_floors":[9,9],"current_hp_per_floor":[75,70,70,40,40,40,40,40,41,17,8,8,14,14,20,0,0],"gold":116,"neow_bonus":"ONE_RARE_RELIC","is_daily":false,"chose_seed":false,"campfire_upgraded":3,"win_rate":0.0,"timestamp":1608277965,"path_taken":["R","M","?","E","R","M","T","R","?","E","M","?","$","?","M","BOSS"],"items_purchased_type":["Card","Card"],"build_version":"2020-12-13","purchased_purges":0,"victory":false,"max_hp_per_floor":[75,75,75,75,75,75,75,75,75,75,75,75,75,75,75,75,75],"card_choices":[{"not_picked":["EnergyFlow","MilkyWay"],"picked":"EarthLightRay","floor":2},{"not_picked":["ChargeUpSpray","MilkyWay"],"picked":"SuperNova","floor":4},{"not_picked":["SporeBomb","MysteriousBeam"],"picked":"PulseMagic","floor":6},{"not_picked":["DoubleSpark","WitchOfGreed"],"picked":"MeteoricShower","floor":9},{"not_picked":["NonDirectionalLaser","LuminesStrike"],"picked":"SuperPerseids","floor":10},{"not_picked":["JA","6A","MysteriousBeam"],"picked":"SKIP","floor":11},{"not_picked":["EventHorizon","StarlightTyphoon"],"picked":"MagicChant","floor":12},{"not_picked":["BigCrunch","FinalSpark"],"picked":"ManaRampage","floor":12},{"not_picked":["DoubleSpark","AsteroidBelt","IllusionStar"],"picked":"SKIP","floor":13},{"not_picked":["ShootingEcho","AlicesGift"],"picked":"WitchOfGreed","floor":15}],"player_experience":260314,"relics_obtained":[{"floor":4,"key":"Gambling Chip"},{"floor":7,"key":"Matryoshka"},{"floor":10,"key":"Vajra"}],"event_choices":[{"damage_healed":0,"gold_gain":0,"player_choice":"1","damage_taken":0,"max_hp_gain":0,"max_hp_loss":0,"event_name":"betterMatch:BetterMatch","floor":12,"gold_loss":0,"cards_obtained":["betterMatch:UncommonCard","betterMatch:RareCard"]}],"is_beta":false,"boss_relics":[],"items_purged_floors":[],"is_endless":false,"potions_floor_spawned":[6,10],"killed_by":"downfall:Defect","ascension_level":3}}