{"host":"urcd10ipogtopotm","time":1608254132,"event":{"mods":["2.2 Compatiblity","AchievementEnabler","Act Like it!","Bard","BaseMod","Beaked The Cultist","Better Third Choice","Block Reminder","Colored Map","Colored Powertips","Downfall","Hallownest","Hermit","Highlight Path","Infinite Spire","Minty Spire (QoL Compilation)","Permanent Neow","Quick Restart","Random Character Button","Relic Stats","Replay The Spire","Shade Mod","Shop Mod","StSLib","The Blackbeard","The Bug Knight","The Construct","The Cursed","The Disciple","The Forsaken","The Hierophant","The Necromancer","The Runesmith","The Senshi","The Servant 0.9.4"],"gold_per_floor":[111,123,60,72,95,134,199,241,265,127,157,74,74,21,38,38,38],"floor_reached":16,"playtime":7884,"items_purged":[],"score":108,"play_id":"0067ecb7-f1eb-47c6-8db0-14488e3ff6db","local_time":"20201217201532","is_ascension_mode":false,"campfire_choices":[{"floor":1,"key":"RECALL"},{"data":"Guardian:TwinSlam","floor":3,"key":"SMITH"},{"data":"Guardian:PrimingBeam","floor":10,"key":"SMITH"}],"circlet_count":0,"master_deck":["Guardian:Strike_Guardian","Guardian:Strike_Guardian","Guardian:Strike_Guardian","Guardian:Strike_Guardian","Guardian:Defend_Guardian","Guardian:Defend_Guardian","Guardian:Defend_Guardian","Guardian:Defend_Guardian","Guardian:CurlUp","Guardian:TwinSlam+1","Guardian:PrimingBeam+1","Guardian:Gem_Lightblue","Guardian:Gem_Cyan","Guardian:BronzeOrb","Guardian:Gem_Crimson","Guardian:SentryBeam"],"relics":["Guardian:ModeShifter","MawBank","downfall:BrokenWingStatue","downfall:HeartBlessingRed","Potion Belt","Toy Ornithopter","downfall:HeartBlessingGreen","downfall:HeartBlessingBlue","Runesmith:AutoHammer"],"acts_visited":["Exordium"],"potions_floor_usage":[9],"damage_taken":[{"damage":0,"enemies":"Small Slimes","floor":5,"turns":4},{"damage":38,"enemies":"Lagavulin","floor":6,"turns":8},{"damage":20,"enemies":"Replay:BlueRogue","floor":8,"turns":7},{"damage":0,"enemies":"2 Louse","floor":9,"turns":1},{"damage":1,"enemies":"infinitespire:Voidling","floor":11,"turns":3},{"damage":0,"enemies":"downfall:FleeingMerchant","floor":12,"turns":4},{"damage":3,"enemies":"downfall:FleeingMerchant","floor":14,"turns":4},{"damage":0,"enemies":"Red Slaver","floor":15,"turns":2},{"damage":23,"enemies":"downfall:Defect","floor":16,"turns":5}],"seed_played":"5370115487659564658","potions_obtained":[{"floor":8,"key":"Explosive Potion"},{"floor":9,"key":"SpeedPotion"},{"floor":15,"key":"Languid Potion"}],"is_trial":false,"path_per_floor":["R_BF","?","R","?","M","E","T","E","M","R","M","$","?","$","M","B"],"character_chosen":"GUARDIAN","items_purchased":["Guardian:BronzeOrb","Guardian:SentryBeam"],"campfire_rested":0,"item_purchase_floors":[12,14],"current_hp_per_floor":[80,80,80,80,80,42,42,22,27,37,36,36,24,21,21,0,0],"gold":38,"neow_bonus":"RANDOM_COMMON_RELIC","is_daily":false,"chose_seed":false,"campfire_upgraded":2,"win_rate":0.0,"timestamp":1608254132,"path_taken":["R_BF","?","R","?","M","E","T","E","M","R","?","?","?","?","M","BOSS"],"items_purchased_type":["Card","Card"],"build_version":"2020-12-13","purchased_purges":0,"victory":false,"max_hp_per_floor":[80,80,80,80,80,80,80,80,80,90,90,90,90,90,90,90,90],"relic_stats":{"counters":[9,38],"MawBank":144,"obtain_stats":[{"Potion Belt":6,"downfall:BrokenWingStatue":2,"downfall:HeartBlessingRed":3,"downfall:HeartBlessingBlue":10,"Guardian:ModeShifter":0,"downfall:HeartBlessingGreen":10,"Runesmith:AutoHammer":13,"MawBank":0,"Toy Ornithopter":8},{"Potion Belt":2,"downfall:BrokenWingStatue":0,"downfall:HeartBlessingRed":0,"downfall:HeartBlessingBlue":4,"Guardian:ModeShifter":0,"downfall:HeartBlessingGreen":4,"Runesmith:AutoHammer":6,"MawBank":0,"Toy Ornithopter":3},{"Potion Belt":12,"downfall:BrokenWingStatue":0,"downfall:HeartBlessingRed":0,"downfall:HeartBlessingBlue":20,"Guardian:ModeShifter":0,"downfall:HeartBlessingGreen":20,"Runesmith:AutoHammer":27,"MawBank":0,"Toy Ornithopter":19}],"Toy Ornithopter":5},"card_choices":[{"not_picked":["Guardian:ShieldSpikes","Guardian:TimeCapacitor"],"picked":"Guardian:Gem_Lightblue","floor":5},{"not_picked":["Guardian:Clone","Guardian:WalkerClaw","Guardian:ConstructionForm"],"picked":"SKIP","floor":6},{"not_picked":["Guardian:RollAttack","Guardian:Emergency"],"picked":"Guardian:PrimingBeam","floor":8},{"not_picked":["Guardian:RollAttack","Guardian:MultiBeam","Guardian:HyperBeam_Guardian"],"picked":"SKIP","floor":9},{"not_picked":["Guardian:RefractedBeam","Guardian:PiercingHide"],"picked":"Guardian:Gem_Lightblue","floor":11},{"not_picked":["Guardian:RefractedBeam","Guardian:Recover"],"picked":"Guardian:Gem_Cyan","floor":12},{"not_picked":["Guardian:PrimingBeam","Guardian:CrystalBeam"],"picked":"Guardian:Gem_Crimson","floor":14},{"not_picked":["Guardian:Gem_Green","Guardian:CrystalBeam","Guardian:StasisStrike"],"picked":"SKIP","floor":15}],"player_experience":77023,"relics_obtained":[{"floor":6,"key":"Potion Belt"},{"floor":8,"key":"Toy Ornithopter"}],"event_choices":[{"damage_healed":0,"gold_gain":0,"player_choice":"Relic ","damage_taken":12,"max_hp_gain":0,"max_hp_loss":0,"event_name":"betterThird:BetterScrap","floor":13,"gold_loss":0,"cards_obtained":["Judgement"]}],"is_beta":false,"boss_relics":[],"items_purged_floors":[],"is_endless":false,"potions_floor_spawned":[8,9,15],"killed_by":"downfall:Defect","ascension_level":0}}