{"host":"dvpvhz1t6etneyb3","time":1608259501,"event":{"mods":["AchievementEnabler","BaseMod","Colored Map","Highlight Path","Minty Spire (QoL Compilation)","Permanent Neow","Quick Restart"],"gold_per_floor":[18,29,42,42,42,70,70,98,122,135,149,149,161,193,193,193,193],"floor_reached":16,"playtime":529,"items_purged":[],"score":244,"play_id":"cde57661-9155-410e-ae1c-abe9fd2f1f31","local_time":"20201217214501","is_ascension_mode":true,"campfire_choices":[{"data":"Glass Knife","floor":7,"key":"SMITH"},{"floor":12,"key":"REST"},{"floor":15,"key":"REST"}],"circlet_count":0,"master_deck":["AscendersBane","Strike_G","Strike_G","Strike_G","Strike_G","Defend_G","Defend_G","Defend_G","Defend_G","Defend_G","Survivor","Neutralize","Glass Knife+1","Backstab","Deadly Poison","Endless Agony","Dodge and Roll","Dagger Spray","Bouncing Flask"],"relics":["Ring of the Snake","Happy Flower","Tiny Chest","Oddly Smooth Stone","Nunchaku"],"acts_visited":["Exordium"],"potions_floor_usage":[6,8,13,14,16],"damage_taken":[{"damage":0,"enemies":"Cultist","floor":1,"turns":3},{"damage":0,"enemies":"2 Louse","floor":2,"turns":2},{"damage":0,"enemies":"Jaw Worm","floor":3,"turns":3},{"damage":20,"enemies":"Lagavulin","floor":6,"turns":8},{"damage":29,"enemies":"Gremlin Nob","floor":8,"turns":4},{"damage":0,"enemies":"3 Louse","floor":10,"turns":3},{"damage":0,"enemies":"2 Fungi Beasts","floor":11,"turns":3},{"damage":0,"enemies":"Blue Slaver","floor":13,"turns":1},{"damage":23,"enemies":"3 Sentries","floor":14,"turns":8},{"damage":49,"enemies":"Slime Boss","floor":16,"turns":8}],"seed_played":"5337641746310064448","potions_obtained":[{"floor":1,"key":"DistilledChaos"},{"floor":3,"key":"Dexterity Potion"},{"floor":11,"key":"AttackPotion"},{"floor":13,"key":"Regen Potion"},{"floor":14,"key":"Explosive Potion"}],"is_trial":false,"path_per_floor":["M","M","M","?","$","E","R","E","T","M","M","R","M","E","R","B"],"character_chosen":"THE_SILENT","items_purchased":[],"campfire_rested":2,"item_purchase_floors":[],"current_hp_per_floor":[59,59,59,59,59,39,39,10,10,10,10,29,29,21,40,0,0],"gold":193,"neow_bonus":"THREE_RARE_CARDS","is_daily":false,"chose_seed":false,"campfire_upgraded":1,"win_rate":0.0,"timestamp":1608259501,"path_taken":["M","M","?","?","$","E","R","E","T","M","M","R","M","E","R","BOSS"],"items_purchased_type":[],"build_version":"2020-12-13","purchased_purges":0,"victory":false,"max_hp_per_floor":[66,66,66,66,66,66,66,66,66,66,66,66,66,66,66,66,66],"card_choices":[{"not_picked":["A Thousand Cuts","Grand Finale"],"picked":"Glass Knife","floor":0},{"not_picked":["Tactician","Deflect"],"picked":"Backstab","floor":1},{"not_picked":["Deflect","Cloak And Dagger"],"picked":"Deadly Poison","floor":2},{"not_picked":["Deflect","Masterful Stab","Eviscerate"],"picked":"SKIP","floor":3},{"not_picked":["Distraction","Outmaneuver"],"picked":"Endless Agony","floor":6},{"not_picked":["Calculated Gamble","Choke","Distraction"],"picked":"SKIP","floor":8},{"not_picked":["Backflip","Calculated Gamble"],"picked":"Dodge and Roll","floor":10},{"not_picked":["Distraction","Endless Agony"],"picked":"Dagger Spray","floor":11},{"not_picked":["All Out Attack","Escape Plan"],"picked":"Bouncing Flask","floor":13},{"not_picked":["Quick Slash","Finisher","Sucker Punch"],"picked":"SKIP","floor":14}],"player_experience":1872237,"relics_obtained":[{"floor":6,"key":"Happy Flower"},{"floor":8,"key":"Tiny Chest"},{"floor":9,"key":"Oddly Smooth Stone"},{"floor":14,"key":"Nunchaku"}],"event_choices":[{"cards_removed":["Strike_G"],"damage_healed":0,"gold_gain":0,"player_choice":"Purged","damage_taken":0,"max_hp_gain":0,"max_hp_loss":0,"event_name":"Purifier","floor":4,"gold_loss":0}],"is_beta":false,"boss_relics":[],"items_purged_floors":[],"is_endless":false,"potions_floor_spawned":[1,3,11,13,14],"killed_by":"Slime Boss","ascension_level":20}}