{"host":"m9i7qe3hvz6jihjh","time":1608304913,"event":{"mods":["BaseMod","Colored Powertips","Infinite Spire","Minty Spire (QoL Compilation)","Quick Restart","StSLib","The Animator","Waifu the Spire"],"gold_per_floor":[109,119,119,119,119,147,160,160,212,212,212,212,251,216,216,323,323,348,348,389,398,8,8,50,75,102,125,144,166,166,166],"floor_reached":30,"playtime":1049,"items_purged":["Writhe"],"score":306,"play_id":"59c77b7d-cb0f-46c2-b759-9663bc449a7d","local_time":"20201218162153","is_ascension_mode":false,"campfire_choices":[{"data":"Eruption","floor":8,"key":"SMITH"},{"floor":11,"key":"REST"},{"data":"Vigilance","floor":15,"key":"SMITH"},{"floor":23,"key":"REST"}],"circlet_count":0,"master_deck":["Strike_P","Strike_P","Strike_P+1","Strike_P+1","Defend_P","Defend_P","Defend_P","Defend_P","Eruption+1","Vigilance+1","WindmillStrike+1","Prostrate","EmptyBody+1","Pray","FollowUp","Devotion","FlurryOfBlows","Perseverance+1","EmptyFist","Nirvana","PathToVictory","Halt","WaveOfTheHand","Nirvana","FearNoEvil+1","EmptyBody","JustLucky+1","Judgement"],"relics":["HolyWater","NeowsBlessing","Mercury Hourglass","CeramicFish","Question Card","Red Mask","Smiling Mask","Orrery","infinitespire:Eraser","Molten Egg 2","Akabeko"],"acts_visited":["Exordium","TheCity"],"potions_floor_usage":[13,18,18,20,29],"damage_taken":[{"damage":0,"enemies":"Small Slimes","floor":1,"turns":1},{"damage":0,"enemies":"2 Louse","floor":2,"turns":2},{"damage":0,"enemies":"Lagavulin","floor":6,"turns":1},{"damage":1,"enemies":"Jaw Worm","floor":7,"turns":3},{"damage":0,"enemies":"Gremlin Nob","floor":13,"turns":2},{"damage":9,"enemies":"Slime Boss","floor":16,"turns":8},{"damage":14,"enemies":"3 Byrds","floor":18,"turns":4},{"damage":3,"enemies":"Masked Bandits","floor":20,"turns":4},{"damage":15,"enemies":"Gremlin Leader","floor":24,"turns":5},{"damage":6,"enemies":"Chosen","floor":25,"turns":8},{"damage":0,"enemies":"Centurion and Healer","floor":27,"turns":4},{"damage":25,"enemies":"Snake Plant","floor":28,"turns":4},{"damage":4,"enemies":"Snecko","floor":29,"turns":4},{"damage":22,"enemies":"Shelled Parasite and Fungi","floor":30,"turns":4}],"seed_played":"7157262600285043465","potions_obtained":[{"floor":1,"key":"ColorlessPotion"},{"floor":13,"key":"SteroidPotion"},{"floor":16,"key":"SteroidPotion"},{"floor":18,"key":"Swift Potion"},{"floor":27,"key":"BottledMiracle"}],"is_trial":false,"path_per_floor":["M","M","?","?","T","E","M","R","T","?","R","?","E","?","R","B",null,"M","?","?","?","$","R","E","M","T","M","M","M","M"],"character_chosen":"WATCHER","items_purchased":["Orrery","infinitespire:Eraser"],"campfire_rested":2,"item_purchase_floors":[22,22],"current_hp_per_floor":[72,72,72,58,58,58,57,57,57,57,72,77,77,77,77,68,77,63,49,46,46,46,70,55,49,49,49,24,20,0,0],"gold":166,"neow_bonus":"THREE_ENEMY_KILL","is_daily":false,"chose_seed":false,"campfire_upgraded":2,"win_rate":0.0,"timestamp":1608304913,"path_taken":["M","M","?","?","?","E","?","R","T","?","R","?","E","?","R","BOSS","M","?","?","?","?","R","E","M","T","M","M","?","M"],"items_purchased_type":["Relic","Relic"],"build_version":"2020-12-13","purchased_purges":1,"victory":false,"max_hp_per_floor":[72,72,72,72,72,72,72,72,72,72,72,77,77,77,77,77,77,77,82,82,82,82,82,82,82,82,82,82,82,82,82],"card_choices":[{"not_picked":["WreathOfFlame","ThirdEye"],"picked":"WindmillStrike","floor":1},{"not_picked":["EmptyFist","WreathOfFlame"],"picked":"Prostrate","floor":2},{"not_picked":["Scrawl","JustLucky"],"picked":"EmptyBody","floor":6},{"not_picked":["Protect","JustLucky"],"picked":"Pray","floor":7},{"not_picked":["Worship","Halt"],"picked":"FollowUp","floor":13},{"not_picked":["Wish","Vault","Scrawl"],"picked":"Devotion","floor":16},{"not_picked":["Consecrate","Adaptation","Conclude"],"picked":"FlurryOfBlows","floor":18},{"not_picked":["Consecrate","Weave","FlyingSleeves+1"],"picked":"Perseverance+1","floor":20},{"not_picked":["Meditate","Sanctity","CrushJoints"],"picked":"EmptyFist","floor":22},{"not_picked":["Protect+1","Prostrate","Meditate"],"picked":"Nirvana","floor":22},{"not_picked":["Study","ForeignInfluence","WreathOfFlame"],"picked":"PathToVictory","floor":22},{"not_picked":["EmptyFist","Wallop","Vault"],"picked":"Halt","floor":22},{"not_picked":["EmptyMind","SashWhip+1","JustLucky"],"picked":"WaveOfTheHand","floor":22},{"not_picked":["EmptyFist+1","Prostrate","EmptyBody"],"picked":"Nirvana","floor":24},{"not_picked":["SashWhip+1","LikeWater+1","SignatureMove+1"],"picked":"FearNoEvil+1","floor":25},{"not_picked":["Evaluate","Consecrate+1","Meditate"],"picked":"EmptyBody","floor":27},{"not_picked":["MentalFortress","EmptyBody","Nirvana+1"],"picked":"JustLucky+1","floor":28},{"not_picked":["Evaluate","ClearTheMind","Wallop+1"],"picked":"Judgement","floor":29}],"player_experience":871037,"relics_obtained":[{"floor":6,"key":"Mercury Hourglass"},{"floor":9,"key":"CeramicFish"},{"floor":13,"key":"Question Card"},{"floor":20,"key":"Red Mask"},{"floor":24,"key":"Molten Egg 2"},{"floor":26,"key":"Akabeko"}],"event_choices":[{"damage_healed":0,"gold_gain":0,"player_choice":"Entered Light","damage_taken":14,"max_hp_gain":0,"max_hp_loss":0,"event_name":"Shining Light","floor":4,"gold_loss":0,"cards_upgraded":["Strike_P","Strike_P"]},{"damage_healed":0,"gold_gain":0,"player_choice":"Grow","damage_taken":0,"max_hp_gain":0,"max_hp_loss":0,"event_name":"Living Wall","floor":10,"gold_loss":0,"cards_upgraded":["EmptyBody"]},{"damage_healed":0,"gold_gain":0,"player_choice":"Donut","damage_taken":0,"max_hp_gain":5,"max_hp_loss":0,"event_name":"Big Fish","floor":12,"gold_loss":0},{"damage_healed":0,"gold_gain":0,"player_choice":"Left Gold","damage_taken":0,"max_hp_gain":0,"max_hp_loss":0,"event_name":"World of Goop","floor":14,"gold_loss":35},{"damage_healed":0,"gold_gain":0,"player_choice":"Shed Blood","damage_taken":19,"max_hp_gain":5,"max_hp_loss":0,"event_name":"Forgotten Altar","floor":19,"gold_loss":0},{"damage_healed":0,"gold_gain":0,"player_choice":"Fought Bandits","damage_taken":0,"max_hp_gain":0,"max_hp_loss":0,"event_name":"Masked Bandits","floor":20,"gold_loss":0},{"damage_healed":0,"gold_gain":0,"player_choice":"Opened","damage_taken":0,"relics_obtained":["Smiling Mask"],"max_hp_gain":0,"max_hp_loss":0,"event_name":"The Mausoleum","floor":21,"gold_loss":0,"cards_obtained":["Writhe"]}],"is_beta":false,"boss_relics":[{"not_picked":["SacredBark","Runic Dome"],"picked":"HolyWater"}],"items_purged_floors":[22],"is_endless":false,"potions_floor_spawned":[1,13,16,18,27],"killed_by":"Shelled Parasite and Fungi","ascension_level":0}}