{"host":"1bqbj1s4pyvm9utn","time":1608332086,"event":{"mods":["AchievementEnabler","Aspiration","Bard","BaseMod","Beaked The Cultist","Better Altar","Better Match","Better Note","Better Sensory Stone","Better Skull","Better Third Choice","BetterRewards","CCEM","Clawfect","Colored Map","Conspire","Downfall","GifTheSpireLib","Halation","Hermit","Highlight Path","Hubris","Humility","Infinite Spire","Jedi Mod","Jorbs\u0027s Wanderer Trilogy","Mad Scientist","Marisa????????","Mimic Mod","Minty Spire (QoL Compilation)","Permanent Neow","Replay The Spire","Shade Mod","Shop Mod","Spicy Shops","StSLib","Stuff the Spire","The Bug Knight","The Construct","The Cursed","The Disciple","The Gatherer","The Hierophant","The Jungle","The Mystic","The Necromancer","The Runesmith","The Servant 0.9.4","The Spell Scribe","The Witch","Unceasing Turn Reminder","everything is the same but u backflip on backflip","slay the spire mod where everything is the same but ironclad has a cowboy hat","vexMod"],"gold_per_floor":[119,119,138,253,22,22,22,22,22,22,22,22,22,22,22],"floor_reached":14,"playtime":1697,"items_purged":[],"score":90,"play_id":"c9129237-d64e-40a4-8418-390121a12be7","local_time":"20201218145446","is_ascension_mode":false,"campfire_choices":[{"floor":12,"key":"REST"}],"circlet_count":0,"master_deck":["Strike_MRS","Strike_MRS","Strike_MRS","Defend_MRS","Defend_MRS","Defend_MRS","Defend_MRS","MasterSpark","UpSweep","Chrysalis","MilkyWay","MysteriousBeam","WitchOfGreed","LuminesStrike","MagicChant","PropBag","MillisecondPulsars","UltimateShortwave","NonDirectionalLaser","Singularity","MagicAbsorber","Parasite","Parasite","AsteroidBelt"],"relics":["MiniHakkero","Singing Bowl","jedi:ominousloannote","StuffTheSpire:Tea","StuffTheSpire:Rhapsscallions","Orrery","CCEMRelics:WhiteRose","ShroomBag"],"acts_visited":["Exordium"],"potions_floor_usage":[7,10,13,14,14],"damage_taken":[{"damage":0,"enemies":"Small Slimes","floor":1,"turns":3},{"damage":4,"enemies":"Jaw Worm","floor":3,"turns":3},{"damage":18,"enemies":"Lagavulin","floor":6,"turns":6},{"damage":2,"enemies":"2 Louse","floor":7,"turns":2},{"damage":4,"enemies":"Gremlin Gang","floor":10,"turns":4},{"damage":11,"enemies":"Large Slime","floor":13,"turns":5},{"damage":33,"enemies":"3 Sentries","floor":14,"turns":3}],"seed_played":"-1821123795102140349","potions_obtained":[{"floor":6,"key":"Elixir"},{"floor":6,"key":"Fire Potion"},{"floor":7,"key":"Elixir"},{"floor":7,"key":"Adrenaline Potion"},{"floor":10,"key":"Swift Potion"},{"floor":13,"key":"infinitespire:BlackPotion"}],"is_trial":false,"path_per_floor":["M","?","M","?","$","E","M","R","T","M","?","R","M","E"],"character_chosen":"MARISA","items_purchased":["jedi:ominousloannote","StuffTheSpire:Tea","StuffTheSpire:Rhapsscallions","Orrery"],"campfire_rested":1,"item_purchase_floors":[5,5,5,5],"current_hp_per_floor":[54,36,32,32,38,22,20,20,20,16,16,40,33,0,0],"gold":22,"neow_bonus":"RANDOM_COLORLESS_2","is_daily":false,"chose_seed":false,"campfire_upgraded":0,"win_rate":0.0,"timestamp":1608332086,"path_taken":["M","?","M","?","$","E","M","R","T","?","?","R","M","E"],"items_purchased_type":["Relic","Relic","Relic","Relic"],"build_version":"2020-12-13","purchased_purges":0,"victory":false,"max_hp_per_floor":[75,75,75,75,81,83,83,83,83,83,83,83,83,83,83],"card_choices":[{"not_picked":["Violence","Secret Technique"],"picked":"Chrysalis","floor":0},{"not_picked":["GrandCross","DragonMeteor"],"picked":"MilkyWay","floor":1},{"not_picked":["GravityBeat","StarlightTyphoon"],"picked":"MysteriousBeam","floor":3},{"not_picked":["SuperPerseids","ChargingUp"],"picked":"WitchOfGreed","floor":4},{"not_picked":["DeepEcoloBomb","StarlightTyphoon"],"picked":"LuminesStrike","floor":4},{"not_picked":["AsteroidBelt","WitchOfGreed"],"picked":"MagicChant","floor":4},{"not_picked":["SprinkleStarSeal","SporeBomb"],"picked":"PropBag","floor":5},{"not_picked":["DC","SporeBomb"],"picked":"MillisecondPulsars","floor":5},{"not_picked":["DeepEcoloBomb","DarkSpark","SprinkleStarSeal"],"picked":"Singing Bowl","floor":5},{"not_picked":["6A","StarBarrage"],"picked":"UltimateShortwave","floor":5},{"not_picked":["MilkyWay","MysteriousBeam"],"picked":"NonDirectionalLaser","floor":5},{"not_picked":["SprinkleStarSeal","FinalSpark","ShootingEcho"],"picked":"Singing Bowl","floor":6},{"not_picked":["DarkSpark","AsteroidBelt"],"picked":"Singularity","floor":7},{"not_picked":["ShootTheMoon","LuminesStrike"],"picked":"MagicAbsorber","floor":10},{"not_picked":["ChargeUpSpray","Acceleration"],"picked":"AsteroidBelt","floor":13}],"player_experience":840359,"relics_obtained":[{"floor":6,"key":"CCEMRelics:WhiteRose"}],"event_choices":[{"damage_healed":0,"gold_gain":1,"player_choice":"Relic ","damage_taken":18,"max_hp_gain":0,"max_hp_loss":0,"event_name":"betterThird:BetterScrap","floor":2,"gold_loss":0,"cards_obtained":["jedi:markofdeath"]},{"damage_healed":0,"gold_gain":0,"player_choice":"Gave Potion","damage_taken":0,"relics_obtained":["ShroomBag"],"max_hp_gain":0,"max_hp_loss":0,"event_name":"WeMeetAgain","floor":11,"gold_loss":0}],"is_beta":false,"boss_relics":[],"items_purged_floors":[],"is_endless":false,"potions_floor_spawned":[6,7],"killed_by":"3 Sentries","ascension_level":0}}