{"host":"9373kjg5yrouhim6","time":1608278248,"event":{"mods":["2.2 Compatiblity","AchievementEnabler","Aspiration","BaseMod","Beaked The Cultist","Better Altar","Better Match","Better Note","Better Sensory Stone","Better Skull","Better Third Choice","Colored Map","Colored Powertips","Conspire","Downfall","Friendly Minions","Highlight Path","Hubris","Infinite Spire","Mimic Mod","Minty Spire (QoL Compilation)","Replay The Spire","Spicy Shops","StSLib","The Construct","The Disciple","vexMod"],"gold_per_floor":[99,158,170,183,93,93,168,179,179,213,213,227,227,307,327,327,327],"floor_reached":16,"playtime":673,"items_purged":["champ:Execute"],"score":100,"play_id":"703d515a-6c11-41bc-8c98-ae4866e82d80","local_time":"20201218025728","is_ascension_mode":false,"campfire_choices":[{"data":"champ:Taunt","floor":1,"key":"SMITH"},{"data":"champ:BringItOn","floor":6,"key":"SMITH"},{"data":"champ:Circumvent","floor":9,"key":"SMITH"}],"circlet_count":0,"master_deck":["champ:Strike","champ:Strike","champ:Strike","champ:Strike","champ:Defend+1","champ:Defend","champ:Defend","champ:Defend","champ:Taunt+1","champ:BringItOn+1","champ:Circumvent+1","Delirium"],"relics":["champ:ChampionCrown","Akabeko","infinitespire:Bottled Soul","hubris:FunFungus"],"acts_visited":["Exordium"],"potions_floor_usage":[10,16,16],"damage_taken":[{"damage":30,"enemies":"Lagavulin Event","floor":2,"turns":6},{"damage":1,"enemies":"Jaw Worm","floor":3,"turns":5},{"damage":0,"enemies":"2 Louse","floor":4,"turns":2},{"damage":10,"enemies":"downfall:FleeingMerchant","floor":5,"turns":4},{"damage":0,"enemies":"Small Slimes","floor":8,"turns":3},{"damage":5,"enemies":"Lagavulin","floor":10,"turns":5},{"damage":0,"enemies":"Blue Slaver","floor":12,"turns":3},{"damage":5,"enemies":"Exordium Thugs","floor":15,"turns":5},{"damage":69,"enemies":"downfall:Defect","floor":16,"turns":11}],"seed_played":"6866587463743899953","potions_obtained":[{"floor":8,"key":"DistilledChaos"},{"floor":10,"key":"SteroidPotion"},{"floor":15,"key":"Elixir"}],"is_trial":false,"path_per_floor":["R","?","M","M","$","R","T","M","R","E","?","M","?","?","M","B"],"character_chosen":"THE_CHAMP","items_purchased":[],"campfire_rested":0,"item_purchase_floors":[],"current_hp_per_floor":[90,70,69,69,69,69,69,69,69,64,64,64,73,73,68,0,0],"gold":327,"neow_bonus":"THREE_CARDS","is_daily":false,"chose_seed":false,"campfire_upgraded":3,"win_rate":0.0,"timestamp":1608278248,"path_taken":["R","?","M","M","$","R","T","M","R","E","?","M","?","?","M","BOSS"],"items_purchased_type":[],"build_version":"2020-12-13","purchased_purges":1,"victory":false,"max_hp_per_floor":[90,90,90,90,90,90,90,90,90,90,90,90,90,90,90,90,90],"card_choices":[{"not_picked":["champ:PerfectedStrike","champ:Backstep"],"picked":"champ:BringItOn","floor":0},{"not_picked":["champ:FanOfKnives","champ:AdrenalArmor"],"picked":"champ:Circumvent","floor":2},{"not_picked":["champ:SteelEdge","champ:AdrenalArmor","champ:StanceDance"],"picked":"SKIP","floor":3},{"not_picked":["champ:Haymaker","champ:GladiatorsShout","champ:StanceDance"],"picked":"SKIP","floor":4},{"not_picked":["champ:BerserkersShout","champ:PerfectForm","champ:FlashCut"],"picked":"SKIP","floor":5},{"not_picked":["champ:RecklessLeap","champ:FlashCut","champ:Shatter"],"picked":"SKIP","floor":8},{"not_picked":["champ:GladiatorsShout","champ:FanOfKnives","champ:BladeFlurry"],"picked":"SKIP","floor":10},{"not_picked":["champ:StanceDance","champ:BladeFlurry","champ:Backstep"],"picked":"SKIP","floor":12},{"not_picked":["champ:BerserkersShout","champ:PerfectedStrike","champ:ShieldWall"],"picked":"SKIP","floor":15}],"player_experience":335370,"relics_obtained":[{"floor":2,"key":"Akabeko"},{"floor":7,"key":"infinitespire:Bottled Soul"},{"floor":10,"key":"hubris:FunFungus"}],"event_choices":[],"is_beta":false,"boss_relics":[],"items_purged_floors":[5],"is_endless":false,"potions_floor_spawned":[8,10,15],"killed_by":"downfall:Defect","ascension_level":0}}