{"host":"12piqfhmdln9x2la","time":1608316882,"event":{"mods":["2.2 Compatiblity","AchievementEnabler","BaseMod","BetterRewards","Colored Powertips","Minty Spire (QoL Compilation)","Quick Restart","SuperFastMode"],"gold_per_floor":[118,118,118,138,46,80,80,121,157,119,152,164,43,83,83,83,83],"floor_reached":16,"playtime":207,"items_purged":[],"score":141,"play_id":"7cb1dd06-33af-47b4-a3d3-9f7b0db0a036","local_time":"20201219034122","is_ascension_mode":false,"campfire_choices":[{"data":"Poisoned Stab","floor":7,"key":"SMITH"},{"data":"Bandage Up","floor":12,"key":"SMITH"},{"data":"Noxious Fumes","floor":15,"key":"SMITH"}],"circlet_count":0,"master_deck":["Strike_G","Strike_G","Strike_G","Strike_G","Defend_G","Defend_G","Defend_G","Defend_G","Defend_G","Survivor","Neutralize","Poisoned Stab+1","Noxious Fumes+1","Bandage Up+1","Bane","Catalyst","Concentrate","Deadly Poison","Footwork","Dodge and Roll"],"relics":["Ring of the Snake","NeowsBlessing","Golden Idol","Darkstone Periapt","Bronze Scales","MawBank","Oddly Smooth Stone","Potion Belt"],"acts_visited":["Exordium"],"potions_floor_usage":[8,16],"damage_taken":[{"damage":0,"enemies":"Cultist","floor":1,"turns":1},{"damage":0,"enemies":"Jaw Worm","floor":4,"turns":1},{"damage":0,"enemies":"Lagavulin","floor":6,"turns":1},{"damage":28,"enemies":"Gremlin Nob","floor":8,"turns":3},{"damage":7,"enemies":"2 Louse","floor":11,"turns":3},{"damage":6,"enemies":"Lagavulin","floor":14,"turns":5},{"damage":34,"enemies":"The Guardian","floor":16,"turns":5}],"seed_played":"-6045908512144685837","potions_obtained":[{"floor":6,"key":"Poison Potion"},{"floor":11,"key":"LiquidBronze"}],"is_trial":false,"path_per_floor":["M","?","T","M","$","E","R","E","T","?","M","R","$","E","R","B"],"character_chosen":"THE_SILENT","items_purchased":["Bandage Up","Deadly Poison","Footwork"],"campfire_rested":0,"item_purchase_floors":[5,13,13],"current_hp_per_floor":[70,53,53,53,53,53,53,29,29,29,26,26,26,26,26,0,0],"gold":83,"neow_bonus":"THREE_ENEMY_KILL","is_daily":false,"chose_seed":false,"campfire_upgraded":3,"win_rate":0.0,"timestamp":1608316882,"path_taken":["M","?","?","M","$","E","R","E","T","?","M","R","?","E","R","BOSS"],"items_purchased_type":["Card","Card","Card"],"build_version":"2020-12-13","purchased_purges":0,"victory":false,"max_hp_per_floor":[70,70,70,70,70,70,70,70,70,70,70,70,70,70,70,70,70],"card_choices":[{"not_picked":["Deadly Poison","Infinite Blades"],"picked":"Poisoned Stab","floor":1},{"not_picked":["Quick Slash","Underhanded Strike"],"picked":"Noxious Fumes","floor":4},{"not_picked":["Flechettes","Sucker Punch"],"picked":"Bane","floor":6},{"not_picked":["Backflip","Crippling Poison"],"picked":"Catalyst","floor":8},{"not_picked":["Slice","Heel Hook"],"picked":"Concentrate","floor":11},{"not_picked":["Dagger Throw","Accuracy"],"picked":"Dodge and Roll","floor":14}],"player_experience":97008,"relics_obtained":[{"floor":3,"key":"Darkstone Periapt"},{"floor":6,"key":"Bronze Scales"},{"floor":8,"key":"MawBank"},{"floor":9,"key":"Oddly Smooth Stone"},{"floor":14,"key":"Potion Belt"}],"event_choices":[{"damage_healed":0,"gold_gain":0,"player_choice":"Take Damage","damage_taken":17,"relics_obtained":["Golden Idol"],"max_hp_gain":0,"max_hp_loss":0,"event_name":"Golden Idol","floor":2,"gold_loss":0},{"cards_removed":["Strike_G"],"damage_healed":0,"gold_gain":0,"player_choice":"Card Removal","damage_taken":0,"max_hp_gain":0,"max_hp_loss":0,"event_name":"The Cleric","floor":10,"gold_loss":50}],"is_beta":false,"boss_relics":[],"items_purged_floors":[],"is_endless":false,"potions_floor_spawned":[6,11],"killed_by":"The Guardian","ascension_level":0}}