{"host":"qg7fj05lalo09o61","time":1608327571,"event":{"mods":["Act Like it!","Always Whale","BaseMod","CapriCore","Gensokyo","Minty Spire (QoL Compilation)","StSLib","Yuyuko"],"gold_per_floor":[109,139,139,239,252,252,267,267,267,267,267,267,279,289,289,389,389,407,407,407,407,417,417,417,417,443,443,453,453,486,499,499,598,598,616,616,473,527,527,527,527,527,599,599,389,389,439,439,439,439],"floor_reached":49,"playtime":2967,"items_purged":[],"score":676,"play_id":"113ccc21-ef72-4658-9015-b601e8437036","local_time":"20201219003931","is_ascension_mode":true,"campfire_choices":[{"floor":6.0,"key":"REST"},{"floor":8.0,"key":"REST"},{"floor":10.0,"key":"REST"},{"floor":11.0,"key":"REST"},{"floor":12.0,"key":"REST"},{"floor":15.0,"key":"REST"},{"floor":23.0,"key":"REST"},{"floor":24.0,"key":"REST"},{"floor":25.0,"key":"REST"},{"floor":29.0,"key":"REST"},{"floor":32.0,"key":"REST"},{"floor":39,"key":"DIG"},{"floor":44,"key":"DIG"},{"floor":48,"key":"DIG"}],"circlet_count":0,"master_deck":["Fantasy Butterflies","Fantasy Butterflies","Fantasy Butterflies","Fantasy Butterflies","Fantasy Butterflies","Dreamy Sakura","Dreamy Sakura","Dreamy Sakura","Dreamy Sakura","Deathly Ground","Faramita\u0027s Temptation","Dancing Butterflies","Home of Suicide","Ghostdom Sakura","Nihility","Fondling of Papilio","Gensokyo:ManorOfTheDishes","Dying Butterflies+1","Open The Fan+1","Remain Here","Become Phantom+1","Serene Spring+1","Final of Final+1","PanicButton","Become Phantom+1"],"relics":["Coronal","Yuyuko\u0027s fan","TungstenRod","White Beast Statue","Gensokyo:PortableGap","Meat on the Bone","Fusion Hammer","Gensokyo:ConquerorOfFear","Pen Nib","Gensokyo:DirgeOfMelancholy","Vajra","Runic Pyramid","Juzu Bracelet","Shovel","Bag of Preparation","Darkstone Periapt","Molten Egg 2","Strawberry","Ginger","Obi"],"acts_visited":["Exordium","Gensokyo:Gensokyo","TheBeyond"],"potions_floor_usage":[49,49,49,49,49,49],"damage_taken":[{"damage":3.0,"enemies":"Gensokyo:2_Kodama","floor":1.0,"turns":2.0},{"damage":65.0,"enemies":"Gensokyo:Mamizou","floor":2.0,"turns":11.0},{"damage":13.0,"enemies":"Gensokyo:Python","floor":5.0,"turns":4.0},{"damage":10.0,"enemies":"Gensokyo:3_Fairies","floor":7.0,"turns":3.0},{"damage":2.0,"enemies":"Gensokyo:LivingMonolith","floor":13.0,"turns":3.0},{"damage":16.0,"enemies":"Gensokyo:Kitsune","floor":14.0,"turns":3.0},{"damage":53.0,"enemies":"Gensokyo:Yukari","floor":16.0,"turns":9.0},{"damage":6.0,"enemies":"Gensokyo:3_Dogs","floor":18.0,"turns":4.0},{"damage":14.0,"enemies":"Gensokyo:Chomper","floor":22.0,"turns":5.0},{"damage":4.0,"enemies":"Gensokyo:Monolith_and_Dog","floor":28.0,"turns":3.0},{"damage":1.0,"enemies":"Gensokyo:Reisen","floor":30.0,"turns":2.0},{"damage":6.0,"enemies":"Gensokyo:Chomper_and_Gloop","floor":31.0,"turns":3.0},{"damage":0.0,"enemies":"Gensokyo:Eternal_Rivals","floor":33.0,"turns":8.0},{"damage":11.0,"enemies":"3 Shapes","floor":35.0,"turns":2.0},{"damage":24.0,"enemies":"2 Orb Walkers","floor":38.0,"turns":3.0},{"damage":3,"enemies":"Mind Bloom Boss Battle","floor":47,"turns":4},{"damage":28,"enemies":"Time Eater","floor":49,"turns":2}],"seed_played":"6423044741881114761","potions_obtained":[{"floor":1.0,"key":"DuplicationPotion"},{"floor":2.0,"key":"Keine"},{"floor":5.0,"key":"Block Potion"},{"floor":7.0,"key":"SteroidPotion"},{"floor":22.0,"key":"EssenceOfSteel"},{"floor":38.0,"key":"Regen Potion"},{"floor":47,"key":"GamblersBrew"}],"is_trial":false,"path_per_floor":["M","?","?","?","M","R","M","R","T","R","R","R","M","M","R","B",null,"M","?","?","?","M","R","R","R","T","?","M","R","E","M","R","B",null,"M","?","$","?","R","?","?","T","T","R","$","?","?","R","B"],"character_chosen":"YUYOKO","items_purchased":["Juzu Bracelet","Final of Final+1","PanicButton","EntropicBrew"],"campfire_rested":11,"item_purchase_floors":[37,45,45,45],"current_hp_per_floor":[35,9,9,9,18,28,32,36,36,33,30,30,28,26,30,22,30,27,27,27,27,23,24,21,21,21,21,21,21,20,19,21,21,21,14,14,14,18,18,17,17,17,14,21,21,21,18,18,0,0],"gold":439,"neow_bonus":"ONE_RARE_RELIC","is_daily":false,"chose_seed":false,"campfire_upgraded":0,"win_rate":0.0,"timestamp":1608327571,"path_taken":["M","?","?","?","?","R","M","R","T","R","R","R","M","M","R","BOSS","M","?","?","?","?","R","R","R","T","?","?","R","E","M","R","BOSS","M","?","$","?","R","?","?","T","?","R","$","?","?","R","BOSS"],"items_purchased_type":["Relic","Card","Card","Potion"],"build_version":"2020-12-13","purchased_purges":0,"victory":false,"max_hp_per_floor":[40,40,36,36,36,36,36,36,36,33,30,30,30,30,30,30,30,30,27,27,27,27,24,21,21,21,21,21,21,21,21,21,21,21,21,21,21,18,18,17,17,17,14,21,21,21,21,21,21,21],"card_choices":[{"not_picked":["Song of Papilio","Butterflies Rainbow"],"picked":"Dancing Butterflies","floor":1.0},{"not_picked":["Spear of Papilio","Phantom Village"],"picked":"Home of Suicide","floor":2.0},{"not_picked":["Song of Papilio","Ghostdom Sakura","Wandering Soul"],"picked":"SKIP","floor":5.0},{"not_picked":["Snow","Showy Withering"],"picked":"Ghostdom Sakura","floor":7.0},{"not_picked":["Mini Ghostdom","Final of Final"],"picked":"Nihility","floor":13.0},{"not_picked":["Unpaved Way","Unknown Petal"],"picked":"Fondling of Papilio","floor":14.0},{"not_picked":["Open The Fan","Monster Cherry Tree+1","Become Phantom"],"picked":"SKIP","floor":18.0},{"not_picked":["Gensokyo:MonkeysPaw","Gensokyo:LochNessMonster"],"picked":"Gensokyo:ManorOfTheDishes","floor":19.0},{"not_picked":["Mini Ghostdom","Song of Papilio"],"picked":"Dying Butterflies+1","floor":22.0},{"not_picked":["The Forgotten Winter","Gauzy Sakura","Trap Lamp"],"picked":"SKIP","floor":28.0},{"not_picked":["Home of Suicide","Linger over Flower+1"],"picked":"Open The Fan+1","floor":30.0},{"not_picked":["Monster Cherry Tree+1","Dying Sakura+1","Dancing Soul+1"],"picked":"SKIP","floor":31.0},{"not_picked":["The Inky Sakura","Ghost Lead"],"picked":"Remain Here","floor":33.0},{"not_picked":["Dying Butterflies","Trap Lamp"],"picked":"Become Phantom+1","floor":35.0},{"not_picked":["Sakura Ward","Ghostdom Sakura+1"],"picked":"Serene Spring+1","floor":38.0},{"not_picked":["Phantom Butterflies","Serene Spring+1"],"picked":"Become Phantom+1","floor":47}],"player_experience":206810,"relics_obtained":[{"floor":2.0,"key":"White Beast Statue"},{"floor":9.0,"key":"Meat on the Bone"},{"floor":22.0,"key":"Gensokyo:ConquerorOfFear"},{"floor":26.0,"key":"Pen Nib"},{"floor":30.0,"key":"Vajra"},{"floor":38.0,"key":"Shovel"},{"floor":39,"key":"Bag of Preparation"},{"floor":42,"key":"Darkstone Periapt"},{"floor":43,"key":"Molten Egg 2"},{"floor":44,"key":"Strawberry"},{"floor":47,"key":"Ginger"},{"floor":48,"key":"Obi"}],"event_choices":[{"damage_healed":0.0,"max_hp_gain":0.0,"max_hp_loss":0.0,"gold_gain":0.0,"event_name":"SensoryStone","player_choice":"Memory 1","floor":36.0,"gold_loss":0.0,"damage_taken":0.0},{"damage_healed":0.0,"max_hp_gain":0.0,"max_hp_loss":0.0,"gold_gain":0.0,"event_name":"Mysterious Sphere","player_choice":"Fight","floor":38.0,"gold_loss":0.0,"damage_taken":0.0},{"damage_healed":0,"gold_gain":0,"player_choice":"Max HP","damage_taken":0,"max_hp_gain":0,"max_hp_loss":1,"event_name":"Winding Halls","floor":40,"gold_loss":0},{"damage_healed":0,"gold_gain":0,"player_choice":"Ignored","damage_taken":0,"max_hp_gain":0,"max_hp_loss":0,"event_name":"Tomb of Lord Red Mask","floor":41,"gold_loss":0},{"cards_removed":["Dreamy Sakura"],"damage_healed":0,"gold_gain":0,"player_choice":"Removed Skill","damage_taken":0,"max_hp_gain":0,"max_hp_loss":0,"event_name":"Falling","floor":46,"gold_loss":0},{"damage_healed":0,"gold_gain":0,"player_choice":"Fight","damage_taken":0,"max_hp_gain":0,"max_hp_loss":0,"event_name":"MindBloom","floor":47,"gold_loss":0}],"is_beta":false,"boss_relics":[{"not_picked":["Runic Dome","Calling Bell"],"picked":"Fusion Hammer"},{"not_picked":["Black Star","Philosopher\u0027s Stone"],"picked":"Runic Pyramid"}],"items_purged_floors":[],"is_endless":false,"potions_floor_spawned":[1,2,5,7,13,14,16,18,22,28,30,31,33,35,38,47],"killed_by":"Time Eater","ascension_level":3}}