{"host":"f5gffvlv6a66yqkd","time":1608293400,"event":{"mods":["2.2 Compatiblity","BaseMod","Colored Map","DeckTracker","Keyboard Shortcuts","Minty Spire (QoL Compilation)","Permanent Neow","Quick Restart","Relic Stats","StSLib","SuperFastMode"],"gold_per_floor":[118,137,212,93,110,110,139,139,194,194,211,266,266,266,266,341,341,351,351,351,361,86,111,130,130,157,157,172,189,189,208,208,280,280,291,6,24,370,388,388,413,429,454,480,507,25,25,53,53,53,53,53,53,3,42,42,42],"floor_reached":56,"playtime":1776,"items_purged":["Strike_B","Strike_B","Strike_B","Parasite","Defend_B"],"score":2031,"play_id":"fc6d300b-aeec-4103-994d-c3203a533c67","local_time":"20201218211000","is_ascension_mode":true,"campfire_choices":[{"data":"Zap","floor":6.0,"key":"SMITH"},{"floor":8.0,"key":"REST"},{"data":"Dualcast","floor":10.0,"key":"SMITH"},{"data":"Biased Cognition","floor":13.0,"key":"SMITH"},{"data":"Beam Cell","floor":15.0,"key":"SMITH"},{"floor":25.0,"key":"REST"},{"data":"Defragment","floor":27.0,"key":"SMITH"},{"floor":32.0,"key":"REST"},{"floor":40.0,"key":"RECALL"},{"data":"Deep Breath","floor":49.0,"key":"SMITH"},{"data":"Coolheaded","floor":53.0,"key":"SMITH"}],"circlet_count":0,"master_deck":["AscendersBane","Defend_B","Defend_B","Defend_B","Zap+1","Dualcast+1","Compile Driver","Sweeping Beam","Sunder","Hologram","Ball Lightning","Beam Cell+1","Biased Cognition+1","Glacier","Defragment+1","FTL+1","FTL+1","Core Surge+1","Cold Snap+1","Coolheaded+1","Electrodynamics","Lockon+1","Chill+1","Deep Breath+1","Impatience","Madness","Skim+1"],"relics":["FrozenCore","DataDisk","Happy Flower","Lantern","Cursed Key","Molten Egg 2","Bronze Scales","Centennial Puzzle","OrangePellets","Old Coin","Bottled Tornado","CeramicFish","Runic Capacitor","Strawberry","Smiling Mask","Vajra"],"acts_visited":["Exordium","TheCity","TheBeyond","TheEnding"],"potions_floor_usage":[56],"damage_taken":[{"damage":0.0,"enemies":"Small Slimes","floor":1.0,"turns":3.0},{"damage":0.0,"enemies":"2 Louse","floor":2.0,"turns":2.0},{"damage":2.0,"enemies":"Jaw Worm","floor":5.0,"turns":4.0},{"damage":32.0,"enemies":"Gremlin Nob","floor":7.0,"turns":4.0},{"damage":6.0,"enemies":"Exordium Thugs","floor":11.0,"turns":3.0},{"damage":4.0,"enemies":"Gremlin Nob","floor":12.0,"turns":3.0},{"damage":26.0,"enemies":"The Guardian","floor":16.0,"turns":6.0},{"damage":12.0,"enemies":"3 Byrds","floor":18.0,"turns":4.0},{"damage":0.0,"enemies":"Spheric Guardian","floor":21.0,"turns":3.0},{"damage":19.0,"enemies":"Gremlin Leader","floor":23.0,"turns":6.0},{"damage":8.0,"enemies":"Cultist and Chosen","floor":24.0,"turns":5.0},{"damage":10.0,"enemies":"Sentry and Sphere","floor":28.0,"turns":3.0},{"damage":19.0,"enemies":"Snake Plant","floor":29.0,"turns":2.0},{"damage":12.0,"enemies":"3 Cultists","floor":31.0,"turns":4.0},{"damage":15.0,"enemies":"Collector","floor":33.0,"turns":6.0},{"damage":0.0,"enemies":"Orb Walker","floor":35.0,"turns":3.0},{"damage":0.0,"enemies":"3 Darklings","floor":37.0,"turns":3.0},{"damage":15.0,"enemies":"2 Orb Walkers","floor":38.0,"turns":4.0},{"damage":8.0,"enemies":"Spire Growth","floor":39.0,"turns":4.0},{"damage":7.0,"enemies":"Giant Head","floor":41.0,"turns":10.0},{"damage":0.0,"enemies":"Sphere and 2 Shapes","floor":42.0,"turns":5.0},{"damage":3.0,"enemies":"Reptomancer","floor":44.0,"turns":4.0},{"damage":0.0,"enemies":"Nemesis","floor":48.0,"turns":7.0},{"damage":17.0,"enemies":"Time Eater","floor":50.0,"turns":14.0},{"damage":0.0,"enemies":"Donu and Deca","floor":51.0,"turns":9.0},{"damage":36.0,"enemies":"Shield and Spear","floor":55.0,"turns":8.0},{"damage":29,"enemies":"The Heart","floor":56,"turns":6}],"seed_played":"4446629053948164540","potions_obtained":[{"floor":5.0,"key":"CultistPotion"},{"floor":12.0,"key":"FearPotion"},{"floor":16.0,"key":"Weak Potion"},{"floor":24.0,"key":"BlessingOfTheForge"},{"floor":33.0,"key":"SpeedPotion"},{"floor":35.0,"key":"EntropicBrew"},{"floor":38.0,"key":"Regen Potion"},{"floor":41.0,"key":"Weak Potion"},{"floor":44.0,"key":"BlessingOfTheForge"}],"is_trial":false,"path_per_floor":["M","M","?","$","M","R","E","R","T","R","M","?","R","?","R","B",null,"M","?","?","M","$","E","M","R","T","R","M","M","?","M","R","B",null,"M","$","M","?","M","R","E","M","T","E","?","$","?","E","R","B","B",null,"R","$","E","B"],"character_chosen":"DEFECT","items_purchased":["Sunder","Defragment","FTL+1","OrangePellets","Runic Capacitor","Strawberry"],"campfire_rested":3,"item_purchase_floors":[4,22,22,36,46,46],"current_hp_per_floor":[64,64,53,53,51,51,19,40,40,40,34,30,30,35,35,9,59,47,47,47,47,47,28,20,42,42,42,32,13,13,1,23,8,59,59,59,59,44,41,41,34,34,34,43,33,40,66,66,66,49,49,62,62,62,26,0,0],"gold":42,"neow_bonus":"REMOVE_CARD","is_daily":false,"chose_seed":false,"campfire_upgraded":7,"win_rate":0.0,"timestamp":1608293400,"path_taken":["M","M","?","$","M","R","E","R","T","R","M","?","R","?","R","BOSS","M","?","?","M","$","E","M","R","T","R","?","M","?","M","R","BOSS","M","$","?","?","M","R","E","M","T","E","?","$","?","E","R","BOSS","BOSS","R","$","E","BOSS"],"items_purchased_type":["Card","Card","Card","Relic","Relic","Relic"],"build_version":"2020-12-13","purchased_purges":5,"victory":false,"max_hp_per_floor":[71,71,71,71,71,71,71,71,71,71,71,71,71,76,76,76,76,76,76,76,76,76,76,76,76,76,76,76,76,76,76,76,76,76,76,76,76,76,76,76,76,76,76,76,76,80,66,66,66,66,66,66,66,66,66,66,66],"relic_stats":{"OrangePellets":[15],"Centennial Puzzle":[33],"Happy Flower":[40],"counters":[27,135],"Bronze Scales":[339],"CeramicFish":36,"Cursed Key":2,"Smiling Mask":125,"obtain_stats":[{"Lantern":12,"Happy Flower":9,"CeramicFish":44,"Vajra":55,"Runic Capacitor":46,"Bottled Tornado":41,"Cursed Key":17,"Smiling Mask":48,"FrozenCore":34,"Old Coin":38,"OrangePellets":36,"DataDisk":7,"Centennial Puzzle":26,"Bronze Scales":23,"Strawberry":46,"Molten Egg 2":19,"Cracked Core":0},{"Lantern":5,"Happy Flower":4,"CeramicFish":22,"Vajra":26,"Runic Capacitor":22,"Bottled Tornado":20,"Cursed Key":7,"Smiling Mask":23,"FrozenCore":15,"Old Coin":18,"OrangePellets":16,"DataDisk":4,"Centennial Puzzle":11,"Bronze Scales":10,"Strawberry":22,"Molten Egg 2":8,"Cracked Core":0},{"Lantern":16,"Happy Flower":13,"CeramicFish":91,"Vajra":129,"Runic Capacitor":91,"Bottled Tornado":82,"Cursed Key":25,"Smiling Mask":98,"FrozenCore":58,"Old Coin":68,"OrangePellets":61,"DataDisk":13,"Centennial Puzzle":43,"Bronze Scales":38,"Strawberry":91,"Molten Egg 2":29,"Cracked Core":0}],"FrozenCore":[20]},"card_choices":[{"not_picked":["Streamline","Static Discharge"],"picked":"Compile Driver","floor":1.0},{"not_picked":["Streamline","Chill"],"picked":"Sweeping Beam","floor":2.0},{"not_picked":["Leap","Streamline"],"picked":"Hologram","floor":5.0},{"not_picked":["Stack","Reboot"],"picked":"Ball Lightning","floor":7.0},{"not_picked":["Beam Cell","Sweeping Beam","Sunder"],"picked":"SKIP","floor":11.0},{"not_picked":["Sweeping Beam","Sunder"],"picked":"Beam Cell","floor":11.0},{"not_picked":["Cold Snap","Steam"],"picked":"Biased Cognition","floor":12.0},{"not_picked":["Lockon","Rebound"],"picked":"Glacier","floor":18.0},{"not_picked":["Stack","Streamline+1","Sweeping Beam+1"],"picked":"SKIP","floor":21.0},{"not_picked":["Blizzard+1","Ball Lightning+1"],"picked":"FTL+1","floor":23.0},{"not_picked":["Rebound+1","Hologram"],"picked":"Core Surge+1","floor":24.0},{"not_picked":["Gash+1","Compile Driver+1","Stack"],"picked":"SKIP","floor":28.0},{"not_picked":["Auto Shields","Redo"],"picked":"Cold Snap+1","floor":29.0},{"not_picked":["Meteor Strike+1","Conserve Battery"],"picked":"Coolheaded","floor":31.0},{"not_picked":["Reboot","Buffer"],"picked":"Electrodynamics","floor":33.0},{"not_picked":["Coolheaded","Tempest"],"picked":"Lockon+1","floor":35.0},{"not_picked":["Conserve Battery","Fusion","Ball Lightning+1"],"picked":"SKIP","floor":37.0},{"not_picked":["Compile Driver+1","Leap"],"picked":"Chill+1","floor":39.0},{"not_picked":["Go for the Eyes+1","Hologram","Conserve Battery"],"picked":"SKIP","floor":41.0},{"not_picked":["Compile Driver+1","Hyperbeam+1","Reinforced Body"],"picked":"SKIP","floor":42.0},{"not_picked":["Stack","All For One+1","Leap"],"picked":"SKIP","floor":44.0},{"not_picked":["Dramatic Entrance+1","Purity"],"picked":"Deep Breath","floor":45.0},{"not_picked":["Trip","Blind"],"picked":"Impatience","floor":45.0},{"not_picked":["Panacea","Jack Of All Trades"],"picked":"Madness","floor":45.0},{"not_picked":["Beam Cell+1","Leap","Force Field"],"picked":"SKIP","floor":48.0},{"not_picked":["Doom and Gloom+1","Force Field"],"picked":"Skim+1","floor":55.0}],"player_experience":1464286,"relics_obtained":[{"floor":7.0,"key":"DataDisk"},{"floor":9.0,"key":"Happy Flower"},{"floor":23.0,"key":"Bronze Scales"},{"floor":26.0,"key":"Centennial Puzzle"},{"floor":38.0,"key":"Old Coin"},{"floor":41.0,"key":"Bottled Tornado"},{"floor":44.0,"key":"CeramicFish"},{"floor":48.0,"key":"Smiling Mask"},{"floor":55.0,"key":"Vajra"}],"event_choices":[{"damage_healed":0.0,"max_hp_gain":0.0,"max_hp_loss":0.0,"gold_gain":75.0,"event_name":"World of Goop","player_choice":"Gather Gold","floor":3.0,"gold_loss":0.0,"damage_taken":11.0},{"damage_healed":0.0,"max_hp_gain":0.0,"max_hp_loss":0.0,"gold_gain":30.0,"event_name":"Dead Adventurer","player_choice":"Searched \u00273\u0027 times","floor":12.0,"gold_loss":0.0,"damage_taken":0.0,"relics_obtained":["Lantern"]},{"damage_healed":0.0,"max_hp_gain":5.0,"max_hp_loss":0.0,"gold_gain":0.0,"event_name":"Big Fish","player_choice":"Donut","floor":14.0,"gold_loss":0.0,"damage_taken":0.0},{"damage_healed":0.0,"max_hp_gain":0.0,"max_hp_loss":0.0,"gold_gain":0.0,"event_name":"The Mausoleum","player_choice":"Opened","floor":19.0,"gold_loss":0.0,"damage_taken":0.0,"relics_obtained":["Molten Egg 2"],"cards_obtained":["Writhe"]},{"cards_removed":["Writhe"],"damage_healed":0.0,"max_hp_gain":0.0,"max_hp_loss":0.0,"gold_gain":0.0,"event_name":"Purifier","player_choice":"Purged","floor":20.0,"gold_loss":0.0,"damage_taken":0.0},{"cards_removed":["Pain"],"damage_healed":0.0,"max_hp_gain":0.0,"max_hp_loss":0.0,"gold_gain":0.0,"event_name":"Wheel of Change","player_choice":"Card Removal","floor":30.0,"gold_loss":0.0,"damage_taken":0.0},{"damage_healed":0.0,"max_hp_gain":0.0,"max_hp_loss":0.0,"gold_gain":0.0,"event_name":"Mysterious Sphere","player_choice":"Fight","floor":38.0,"gold_loss":0.0,"damage_taken":0.0},{"damage_healed":0.0,"max_hp_gain":0.0,"max_hp_loss":0.0,"gold_gain":0.0,"event_name":"SensoryStone","player_choice":"Memory 3","floor":45.0,"gold_loss":0.0,"damage_taken":10.0},{"damage_healed":66.0,"max_hp_gain":0.0,"max_hp_loss":14.0,"gold_gain":0.0,"event_name":"The Moai Head","player_choice":"Heal","floor":47.0,"gold_loss":0.0,"damage_taken":0.0}],"is_beta":false,"boss_relics":[{"not_picked":["Calling Bell","Philosopher\u0027s Stone"],"picked":"Cursed Key"},{"not_picked":["Fusion Hammer","SacredBark"],"picked":"FrozenCore"}],"items_purged_floors":[4,22,36,46,54],"is_endless":false,"potions_floor_spawned":[5,12,16,24,31,33,35,37,38,41,44],"killed_by":"The Heart","ascension_level":20}}