{"host":"63rwe7p34ct1i0qu","time":1608309849,"event":{"mods":["BaseMod","Colored Map","DeckTracker","Minty Spire (QoL Compilation)","Permanent Neow","Quick Restart","StSLib"],"gold_per_floor":[115,133,58,58,78,112,129,129,153,172,182,182,182,192,192,294,294,311,311,311,328,344,344,344,360,360,32,60,22,22,22,22],"floor_reached":31,"playtime":1281,"items_purged":["Shame","Perfected Strike"],"score":423,"play_id":"a797b7f6-3199-4450-8a48-f820269c8178","local_time":"20201219014409","is_ascension_mode":true,"campfire_choices":[{"data":"Bash","floor":8.0,"key":"SMITH"},{"data":"Feed","floor":13.0,"key":"SMITH"},{"floor":15.0,"key":"REST"},{"data":"Armaments","floor":23.0,"key":"SMITH"}],"circlet_count":0,"master_deck":["Bash+1","Feed+1","Power Through","Power Through","Carnage","Wild Strike+1","Second Wind","Immolate","Thunderclap","Perfected Strike","Armaments+1","Warcry","Anger","Sword Boomerang","Havoc+1","Body Slam+1","Battle Trance","Disarm","Shrug It Off"],"relics":["Burning Blood","Toy Ornithopter","Strawberry","Pandora\u0027s Box","Shuriken","Brimstone","MawBank"],"acts_visited":["Exordium","TheCity"],"potions_floor_usage":[25,28,30],"damage_taken":[{"damage":23.0,"enemies":"Cultist","floor":1.0,"turns":6.0},{"damage":14.0,"enemies":"Small Slimes","floor":2.0,"turns":4.0},{"damage":0.0,"enemies":"2 Louse","floor":5.0,"turns":3.0},{"damage":13.0,"enemies":"Gremlin Nob","floor":6.0,"turns":4.0},{"damage":1.0,"enemies":"Looter","floor":7.0,"turns":4.0},{"damage":6.0,"enemies":"Exordium Thugs","floor":10.0,"turns":4.0},{"damage":7.0,"enemies":"Exordium Wildlife","floor":11.0,"turns":6.0},{"damage":19.0,"enemies":"Blue Slaver","floor":14.0,"turns":7.0},{"damage":66.0,"enemies":"Slime Boss","floor":16.0,"turns":13.0},{"damage":16.0,"enemies":"Chosen","floor":18.0,"turns":5.0},{"damage":9.0,"enemies":"3 Byrds","floor":21.0,"turns":4.0},{"damage":41.0,"enemies":"3 Cultists","floor":22.0,"turns":5.0},{"damage":29,"enemies":"Snecko","floor":25,"turns":6},{"damage":45,"enemies":"Slavers","floor":28,"turns":4},{"damage":24,"enemies":"Colosseum Slavers","floor":30,"turns":3},{"damage":10,"enemies":"Sentry and Sphere","floor":31,"turns":3}],"seed_played":"-1734169335883246679","potions_obtained":[{"floor":2.0,"key":"Fire Potion"},{"floor":6.0,"key":"Weak Potion"},{"floor":7.0,"key":"AttackPotion"},{"floor":21.0,"key":"Regen Potion"},{"floor":22.0,"key":"SkillPotion"},{"floor":28,"key":"AttackPotion"}],"is_trial":false,"path_per_floor":["M","M","$","?","M","E","M","R","T","M","M","?","R","M","R","B",null,"M","?","?","M","M","R","?","M","T","$","E","$","?","M"],"character_chosen":"IRONCLAD","items_purchased":["Battle Trance","Brimstone","Shrug It Off"],"campfire_rested":1,"item_purchase_floors":[27,27,29],"current_hp_per_floor":[58,53,53,53,62,55,60,60,67,75,77,57,57,48,79,23,88,82,82,87,88,72,72,72,54,54,54,20,20,7,0,0],"gold":22,"neow_bonus":"THREE_RARE_CARDS","is_daily":false,"chose_seed":false,"campfire_upgraded":3,"win_rate":0.0,"timestamp":1608309849,"path_taken":["M","?","$","?","M","E","M","R","T","M","M","?","R","M","R","BOSS","M","?","?","M","?","R","?","M","T","$","E","$","?","M"],"items_purchased_type":["Card","Relic","Card"],"build_version":"2020-12-13","purchased_purges":2,"victory":false,"max_hp_per_floor":[83,86,86,86,89,89,89,89,96,99,102,102,102,106,106,110,110,114,114,114,118,118,118,118,118,118,118,118,118,118,118,118],"card_choices":[{"not_picked":["Offering","Limit Break"],"picked":"Feed","floor":0.0},{"not_picked":["Sword Boomerang","Clash"],"picked":"Power Through","floor":1.0},{"not_picked":["Intimidate","True Grit","Armaments"],"picked":"SKIP","floor":2.0},{"not_picked":["Rupture","True Grit"],"picked":"Power Through","floor":5.0},{"not_picked":["Barricade","Thunderclap"],"picked":"Carnage","floor":6.0},{"not_picked":["Spot Weakness","Iron Wave"],"picked":"Wild Strike","floor":7.0},{"not_picked":["Flame Barrier","Carnage"],"picked":"Second Wind","floor":10.0},{"not_picked":["Spot Weakness","Anger","Wild Strike"],"picked":"SKIP","floor":11.0},{"not_picked":["Armaments","Sword Boomerang","Wild Strike"],"picked":"SKIP","floor":14.0},{"not_picked":["Offering","Barricade"],"picked":"Immolate","floor":16.0},{"not_picked":["Cleave","Iron Wave+1"],"picked":"Havoc+1","floor":18.0},{"not_picked":["Dual Wield","Clothesline","Wild Strike"],"picked":"SKIP","floor":21.0},{"not_picked":["True Grit","Inflame"],"picked":"Body Slam+1","floor":22.0},{"not_picked":["Thunderclap+1","Havoc","Cleave+1"],"picked":"SKIP","floor":25},{"not_picked":["Perfected Strike+1","Flame Barrier"],"picked":"Disarm","floor":28}],"player_experience":797418,"relics_obtained":[{"floor":6.0,"key":"Toy Ornithopter"},{"floor":9.0,"key":"Strawberry"},{"floor":26,"key":"Shuriken"},{"floor":28,"key":"MawBank"}],"event_choices":[{"damage_healed":0.0,"max_hp_gain":0.0,"max_hp_loss":0.0,"gold_gain":0.0,"event_name":"Liars Game","player_choice":"Ignored","floor":4.0,"gold_loss":0.0,"damage_taken":0.0},{"damage_healed":0.0,"max_hp_gain":0.0,"max_hp_loss":0.0,"gold_gain":0.0,"event_name":"Shining Light","player_choice":"Entered Light","floor":12.0,"gold_loss":0.0,"damage_taken":20.0,"cards_upgraded":["Wild Strike","Strike_R"]},{"cards_removed":["Barricade"],"damage_healed":0.0,"max_hp_gain":0.0,"max_hp_loss":0.0,"gold_gain":0.0,"event_name":"Back to Basics","player_choice":"Elegance","floor":19.0,"gold_loss":0.0,"damage_taken":0.0},{"cards_removed":["Heavy Blade"],"damage_healed":5.0,"max_hp_gain":0.0,"max_hp_loss":0.0,"gold_gain":0.0,"event_name":"Bonfire Elementals","player_choice":"Offered Common","floor":20.0,"gold_loss":0.0,"damage_taken":0.0},{"cards_removed":["Heavy Blade"],"damage_healed":5.0,"max_hp_gain":0.0,"max_hp_loss":0.0,"gold_gain":0.0,"event_name":"Bonfire Elementals","player_choice":"Offered Special","floor":20.0,"gold_loss":0.0,"damage_taken":0.0},{"damage_healed":0,"gold_gain":0,"player_choice":"Ignored","damage_taken":0,"max_hp_gain":0,"max_hp_loss":0,"event_name":"The Mausoleum","floor":24,"gold_loss":0},{"damage_healed":0,"gold_gain":0,"player_choice":"Fight","damage_taken":0,"max_hp_gain":0,"max_hp_loss":0,"event_name":"Colosseum","floor":30,"gold_loss":0},{"damage_healed":0,"gold_gain":0,"player_choice":"Fled From Nobs","damage_taken":0,"max_hp_gain":0,"max_hp_loss":0,"event_name":"Colosseum","floor":30,"gold_loss":0}],"is_beta":false,"boss_relics":[{"not_picked":["Tiny House","Runic Pyramid"],"picked":"Pandora\u0027s Box"}],"items_purged_floors":[3,27],"is_endless":false,"potions_floor_spawned":[2,6,7,21,22,28,30],"killed_by":"Sentry and Sphere","ascension_level":9}}