{"host":"vcmmzzj6okc5j399","time":1608299237,"event":{"mods":["BaseMod","Minty Spire (QoL Compilation)","StSLib","The Poker Player"],"gold_per_floor":[119,138,138,138,157,157,183,193,267,298,308,308,326,337,337,435,435,451,366,466,484,409,409,427,427,427,446,446,446,446],"floor_reached":28,"playtime":2028,"items_purged":[],"score":257,"play_id":"f4c5ada7-fcdf-4ac3-9106-b76da09e695e","local_time":"20201218224717","is_ascension_mode":false,"metric_token":274,"campfire_choices":[{"data":"PokerPlayerMod:TrumpStrike","floor":6,"key":"SMITH"},{"data":"PokerPlayerMod:ClubShade","floor":15,"key":"SMITH"},{"data":"PokerPlayerMod:Mulligan","floor":23,"key":"SMITH"},{"data":"PokerPlayerMod:ItsShowtime","floor":25,"key":"SMITH"}],"circlet_count":0,"master_deck":["PokerPlayerMod:Diamond2","PokerPlayerMod:Diamond3","PokerPlayerMod:Diamond4","PokerPlayerMod:Diamond5","PokerPlayerMod:Spade1","PokerPlayerMod:Spade2","PokerPlayerMod:Spade3","PokerPlayerMod:Spade4","PokerPlayerMod:Club1","PokerPlayerMod:Club2","PokerPlayerMod:Heart2","PokerPlayerMod:TrumpStrike+1","PokerPlayerMod:BadJoker","PokerPlayerMod:Mulligan+1","PokerPlayerMod:SpadeStrike+1","PokerPlayerMod:CloakAndDiamond","PokerPlayerMod:ClubShade+1","PokerPlayerMod:VarietyAttack","PokerPlayerMod:Club4","PokerPlayerMod:Spade4","PokerPlayerMod:Club4","PokerPlayerMod:ItsShowtime+1","PokerPlayerMod:Spade5"],"relics":["PokerPlayerMod:DeckCase","Ancient Tea Set","Thread and Needle","Whetstone","HornCleat","Bag of Marbles","Black Star","PokerPlayerMod:JackpotMachine","TungstenRod"],"acts_visited":["Exordium","TheCity"],"potions_floor_usage":[],"damage_taken":[{"damage":0,"enemies":"2 Louse","floor":1,"turns":1},{"damage":8,"enemies":"Jaw Worm","floor":2,"turns":3},{"damage":0,"enemies":"Cultist","floor":5,"turns":3},{"damage":0,"enemies":"3 Sentries","floor":7,"turns":4},{"damage":2,"enemies":"Large Slime","floor":8,"turns":3},{"damage":7,"enemies":"Lagavulin","floor":10,"turns":6},{"damage":0,"enemies":"Lots of Slimes","floor":11,"turns":1},{"damage":0,"enemies":"Blue Slaver","floor":13,"turns":2},{"damage":0,"enemies":"Exordium Wildlife","floor":14,"turns":3},{"damage":15,"enemies":"The Guardian","floor":16,"turns":8},{"damage":0,"enemies":"Chosen","floor":18,"turns":4},{"damage":0,"enemies":"2 Thieves","floor":21,"turns":3},{"damage":0,"enemies":"Centurion and Healer","floor":24,"turns":4},{"damage":0,"enemies":"Snake Plant","floor":27,"turns":3},{"damage":0,"enemies":"Shelled Parasite and Fungi","floor":28,"turns":1}],"seed_played":"5101632671479427153","potions_obtained":[{"floor":8,"key":"Strength Potion"},{"floor":10,"key":"GamblersBrew"},{"floor":11,"key":"Dexterity Potion"},{"floor":14,"key":"DuplicationPotion"},{"floor":16,"key":"BlessingOfTheForge"},{"floor":27,"key":"BlessingOfTheForge"}],"is_trial":false,"path_per_floor":["M","M","?","$","M","R","E","M","T","E","M","?","M","M","R","B",null,"M","?","?","M","?","R","M","R","T","M","M"],"character_chosen":"THE_POKER_PLAYER","items_purchased":[],"campfire_rested":0,"item_purchase_floors":[],"current_hp_per_floor":[52,46,39,39,41,41,45,45,45,41,41,41,44,44,44,33,52,52,52,52,52,52,52,52,52,52,52,52,52,52],"gold":446,"neow_bonus":"RANDOM_COMMON_RELIC","is_daily":false,"chose_seed":false,"campfire_upgraded":4,"win_rate":0.0,"timestamp":1608299237,"path_taken":["M","M","?","?","M","R","E","M","T","E","M","?","?","M","R","BOSS","M","?","?","?","?","R","M","R","T","M","M"],"items_purchased_type":[],"build_version":"2020-12-13","purchased_purges":0,"victory":false,"max_hp_per_floor":[52,52,52,52,52,52,52,52,52,52,52,52,52,52,52,52,52,52,52,52,52,52,52,52,52,52,52,52,52,52],"card_choices":[{"not_picked":["PokerPlayerMod:Diamond2","PokerPlayerMod:Diamond4","PokerPlayerMod:Club2"],"picked":"SKIP","floor":1},{"not_picked":["PokerPlayerMod:Trickery","PokerPlayerMod:Fold"],"picked":"PokerPlayerMod:SpadeStrike","floor":2},{"not_picked":["PokerPlayerMod:MagicTrick","PokerPlayerMod:Spade6"],"picked":"PokerPlayerMod:CloakAndDiamond","floor":5},{"not_picked":["PokerPlayerMod:Spade5","PokerPlayerMod:PoorCopy"],"picked":"PokerPlayerMod:ClubShade","floor":7},{"not_picked":["PokerPlayerMod:CardBurn","PokerPlayerMod:Club4"],"picked":"PokerPlayerMod:VarietyAttack","floor":8},{"not_picked":["PokerPlayerMod:Heart2","PokerPlayerMod:Trickery"],"picked":"PokerPlayerMod:Club4","floor":10},{"not_picked":["PokerPlayerMod:PoorCopy","PokerPlayerMod:Diamond2","PokerPlayerMod:CardPrinter"],"picked":"SKIP","floor":11},{"not_picked":["PokerPlayerMod:Diamond2","PokerPlayerMod:Club3"],"picked":"PokerPlayerMod:Spade4","floor":13},{"not_picked":["PokerPlayerMod:SpadeStrike","PokerPlayerMod:Trickery"],"picked":"PokerPlayerMod:Club4","floor":14},{"not_picked":["PokerPlayerMod:Diamond7","PokerPlayerMod:Spade7"],"picked":"PokerPlayerMod:ItsShowtime","floor":16},{"not_picked":["PokerPlayerMod:Overdeal","PokerPlayerMod:Diamond3"],"picked":"PokerPlayerMod:Spade5","floor":18},{"not_picked":["PokerPlayerMod:Spade1","PokerPlayerMod:Club3","PokerPlayerMod:Diamond1"],"picked":"SKIP","floor":21},{"not_picked":["PokerPlayerMod:CloakAndDiamond","PokerPlayerMod:Diamond2","PokerPlayerMod:Club1"],"picked":"SKIP","floor":24},{"not_picked":["PokerPlayerMod:Diamond3","PokerPlayerMod:DiamondStrike","PokerPlayerMod:Club2"],"picked":"SKIP","floor":27}],"player_experience":138811,"relics_obtained":[{"floor":7,"key":"Whetstone"},{"floor":9,"key":"HornCleat"},{"floor":10,"key":"Bag of Marbles"},{"floor":26,"key":"TungstenRod"}],"event_choices":[{"damage_healed":0,"gold_gain":0,"player_choice":"Success","damage_taken":7,"relics_obtained":["Thread and Needle"],"max_hp_gain":0,"max_hp_loss":0,"event_name":"Scrap Ooze","floor":3,"gold_loss":0},{"damage_healed":0,"gold_gain":0,"player_choice":"Ignored","damage_taken":0,"max_hp_gain":0,"max_hp_loss":0,"event_name":"NoteForYourself","floor":12,"gold_loss":0},{"damage_healed":0,"gold_gain":0,"player_choice":"Obtained Relic","damage_taken":0,"relics_obtained":["PokerPlayerMod:JackpotMachine"],"max_hp_gain":0,"max_hp_loss":0,"event_name":"Addict","floor":19,"gold_loss":85},{"damage_healed":0,"gold_gain":100,"player_choice":"Pray","damage_taken":0,"max_hp_gain":0,"max_hp_loss":0,"event_name":"Golden Shrine","floor":20,"gold_loss":0},{"cards_removed":["PokerPlayerMod:Diamond1"],"damage_healed":0,"gold_gain":0,"player_choice":"Gave Gold","damage_taken":0,"max_hp_gain":0,"max_hp_loss":0,"event_name":"Beggar","floor":22,"gold_loss":75}],"is_beta":false,"boss_relics":[{"not_picked":["Coffee Dripper","Fusion Hammer"],"picked":"Black Star"}],"items_purged_floors":[],"is_endless":false,"potions_floor_spawned":[8,10,11,14,16,18,21,27],"killed_by":"Shelled Parasite and Fungi","ascension_level":0}}