{"host":"t0dtoggyaif518ut","time":1608326990,"event":{"mods":["BaseMod","Best Route Mod","Bestiary","Better Altar","Better Match","Better Note","Better Sensory Stone","Better Silent Start","Better Skull","Better Synergies","Better Third Choice","Better Vampires","BetterRewards","Block Reminder","Colored Powertips","Displayed Cursed Tome","Minty Spire (QoL Compilation)","RNG Fix","Random Character Button","StSLib"],"gold_per_floor":[118,183,18,35,35,35,67,67,91,105,105,121,149,164,164,260,260,270,270,286,31,49,49,49,49,49,75,75,89,89,89,89,89,89],"floor_reached":33,"playtime":1934,"items_purged":["Strike_R"],"score":672,"play_id":"1ea6fb65-2349-4e8f-ad5e-c6bd67223e3a","local_time":"20201219042950","is_ascension_mode":true,"campfire_choices":[{"data":"Rampage","floor":6.0,"key":"SMITH"},{"floor":8.0,"key":"REST"},{"data":"Trip","floor":11.0,"key":"SMITH"},{"data":"Pommel Strike","floor":15.0,"key":"SMITH"},{"data":"Pommel Strike","floor":23,"key":"SMITH"},{"data":"Pommel Strike","floor":28,"key":"SMITH"},{"data":"Shrug It Off","floor":30,"key":"SMITH"},{"floor":32,"key":"REST"}],"circlet_count":0,"master_deck":["AscendersBane","Strike_R","Strike_R","Strike_R","Strike_R","Defend_R","Defend_R","Defend_R","Defend_R","Bash","Headbutt","Fire Breathing","Clash","Iron Wave","Rampage+1","Trip+1","Pommel Strike+1","Flame Barrier","Pommel Strike+1","Pommel Strike+1","Immolate","Shrug It Off+1","Writhe","Warcry","Cleave+1"],"relics":["Burning Blood","Happy Flower","Gremlin Horn","Letter Opener","Potion Belt","Tiny Chest","SlaversCollar","Matryoshka","Bag of Marbles","Boot","Pantograph","Dead Branch","Sundial","Red Skull"],"acts_visited":["Exordium","TheCity"],"potions_floor_usage":[20,33],"damage_taken":[{"damage":7.0,"enemies":"2 Louse","floor":1.0,"turns":2.0},{"damage":0.0,"enemies":"Cultist","floor":4.0,"turns":3.0},{"damage":32.0,"enemies":"Gremlin Nob","floor":7.0,"turns":4.0},{"damage":8.0,"enemies":"Small Slimes","floor":10.0,"turns":2.0},{"damage":0.0,"enemies":"3 Louse","floor":12.0,"turns":2.0},{"damage":23.0,"enemies":"Lagavulin","floor":13.0,"turns":4.0},{"damage":1.0,"enemies":"Looter","floor":14.0,"turns":2.0},{"damage":0.0,"enemies":"Slime Boss","floor":16.0,"turns":6.0},{"damage":26,"enemies":"Shell Parasite","floor":18,"turns":5},{"damage":2,"enemies":"Chosen","floor":20,"turns":2},{"damage":18,"enemies":"Snecko","floor":22,"turns":3},{"damage":0,"enemies":"Gremlin Leader","floor":27,"turns":4},{"damage":39,"enemies":"Snake Plant","floor":29,"turns":4},{"damage":71,"enemies":"Automaton","floor":33,"turns":8}],"seed_played":"1517145281222742790","potions_obtained":[{"floor":1.0,"key":"CultistPotion"},{"floor":4.0,"key":"Strength Potion"},{"floor":14.0,"key":"AttackPotion"},{"floor":18,"key":"DuplicationPotion"},{"floor":27,"key":"Explosive Potion"}],"is_trial":false,"path_per_floor":["M","?","$","M","?","R","E","R","T","M","R","M","E","M","R","B",null,"M","?","M","$","M","R","?","$","T","E","R","M","R","T","R","B"],"character_chosen":"IRONCLAD","items_purchased":["Headbutt","Happy Flower","Fire Breathing","Clash","Rampage","Trip","Matryoshka"],"campfire_rested":2,"item_purchase_floors":[0,0,0,0,3,3,21],"current_hp_per_floor":[71,71,71,77,59,59,33,57,57,55,55,61,44,49,49,55,74,54,54,58,58,46,46,46,46,46,52,52,19,19,19,43,0,0],"gold":89,"neow_bonus":"","is_daily":false,"chose_seed":false,"campfire_upgraded":6,"win_rate":0.0,"timestamp":1608326990,"path_taken":["M","?","$","M","?","R","E","R","T","M","R","M","E","M","R","BOSS","M","?","M","$","M","R","?","?","T","E","R","M","R","?","R","BOSS"],"items_purchased_type":["Card","Relic","Card","Card","Card","Card","Relic"],"build_version":"2020-12-13","purchased_purges":1,"victory":false,"max_hp_per_floor":[80,80,80,80,80,80,80,80,80,80,80,80,80,80,80,80,80,80,80,80,80,80,80,80,80,80,80,80,80,80,80,80,80,80],"card_choices":[{"not_picked":["Pommel Strike","Body Slam"],"picked":"Iron Wave","floor":1.0},{"not_picked":["Armaments","Body Slam"],"picked":"Pommel Strike","floor":4.0},{"not_picked":["Seeing Red","Body Slam"],"picked":"Flame Barrier","floor":7.0},{"not_picked":["Metallicize","Entrench"],"picked":"Pommel Strike","floor":10.0},{"not_picked":["Brutality","Flex"],"picked":"Pommel Strike","floor":12.0},{"not_picked":["Sword Boomerang","Bloodletting","Flex"],"picked":"SKIP","floor":13.0},{"not_picked":["Sever Soul","True Grit","Heavy Blade"],"picked":"SKIP","floor":14.0},{"not_picked":["Offering","Juggernaut"],"picked":"Immolate","floor":16.0},{"not_picked":["Armaments","Iron Wave"],"picked":"Shrug It Off","floor":18},{"not_picked":["Metallicize","Blood for Blood","Thunderclap"],"picked":"SKIP","floor":20},{"not_picked":["Havoc","Clash","Armaments"],"picked":"SKIP","floor":22},{"not_picked":["Thunderclap","Bloodletting"],"picked":"Warcry","floor":27},{"not_picked":["Pummel","Ghostly Armor+1"],"picked":"Cleave+1","floor":29}],"player_experience":261382,"relics_obtained":[{"floor":7.0,"key":"Letter Opener"},{"floor":9.0,"key":"Potion Belt"},{"floor":13.0,"key":"Tiny Chest"},{"floor":26,"key":"Boot"},{"floor":26,"key":"Pantograph"},{"floor":27,"key":"Dead Branch"},{"floor":31,"key":"Sundial"},{"floor":31,"key":"Red Skull"}],"event_choices":[{"damage_healed":0.0,"max_hp_gain":0.0,"max_hp_loss":0.0,"gold_gain":65.0,"event_name":"Golden Wing","player_choice":"Gained Gold","floor":2.0,"gold_loss":0.0,"damage_taken":0.0},{"damage_healed":0.0,"max_hp_gain":0.0,"max_hp_loss":0.0,"gold_gain":0.0,"event_name":"betterThird:BetterScrap","player_choice":"Relic ","floor":5.0,"gold_loss":0.0,"damage_taken":18.0,"cards_obtained":["Reflex"]},{"cards_removed":["Strike_R"],"damage_healed":0,"gold_gain":0,"player_choice":"Give","damage_taken":0,"max_hp_gain":0,"max_hp_loss":0,"event_name":"betterNote:BetterNote","floor":19,"gold_loss":0,"cards_obtained":["Strike_G"]},{"damage_healed":0,"gold_gain":0,"player_choice":"Opened","damage_taken":0,"relics_obtained":["Bag of Marbles"],"max_hp_gain":0,"max_hp_loss":0,"event_name":"The Mausoleum","floor":24,"gold_loss":0,"cards_obtained":["Writhe"]}],"is_beta":false,"boss_relics":[{"not_picked":["Black Blood","Runic Cube"],"picked":"SlaversCollar"}],"items_purged_floors":[0],"is_endless":false,"potions_floor_spawned":[1,4,14,18,27],"killed_by":"Automaton","ascension_level":10}}