{"host":"970o1nclt6rqqnly","time":1608322257,"event":{"mods":["AchievementEnabler","Act Like it!","Aspiration","Bard","BaseMod","Better Altar","Better Match","Better Note","Better Sensory Stone","Better Skull","Better Third Choice","BetterRewards","CCEM","Clawfect","Conspire","Downfall","GifTheSpireLib","Halation","Hallownest","Hermit","Highlight Path","Hubris","Hunter ??","Infinite Spire","Mad Scientist","Mimic Mod","Minty Spire (QoL Compilation)","Permanent Neow","Replay The Spire","Shade Mod","Shop Mod","Spicy Shops","StSLib","Stuff the Spire","The Bug Knight","The Construct","The Cursed","The Disciple","The Hierophant","The Jungle","The Necromancer","The Problem Sleuth","The Runesmith","The Spell Scribe","The Witch","Unceasing Turn Reminder","everything is the same but u backflip on backflip"],"gold_per_floor":[99,113,141,160,160,174,208,49,49,77,88,98,98,112,124,124,124],"floor_reached":16,"playtime":1491,"items_purged":["Slimebound:Strike_Slimebound"],"score":114,"play_id":"1493a05a-b4e6-4640-8af8-9e350e1106f0","local_time":"20201218181057","is_ascension_mode":false,"campfire_choices":[{"data":"Slimebound:CorrosiveSpit","floor":1,"key":"SMITH"},{"floor":5,"key":"REST"}],"circlet_count":0,"master_deck":["Slimebound:Strike_Slimebound","Slimebound:Strike_Slimebound","Slimebound:Tackle","Slimebound:Defend_Slimebound","Slimebound:Defend_Slimebound","Slimebound:Defend_Slimebound","Slimebound:Defend_Slimebound","Slimebound:Split","Slimebound:CorrosiveSpit+1","Slimebound:SplitAcid","Slimebound:Overexert","Slimebound:HauntingLick","Slimebound:ForwardTackle","Slimebound:FinishingTackle","Slimebound:LeadByExample+1","Slimebound:SplitBruiser","Slimebound:SlimeSpikes","Slimebound:LeechEnergy","Slimebound:LeadByExample","Slimebound:RallyTheTroops","Slimebound:SplitBruiser"],"relics":["Slimebound:AbsorbEndCombat","Dream Catcher","CCEMRelics:TechnogenicHelmet","Bag of Marbles","StuffTheSpire:ForceGauntlet","hubris:Icosahedron"],"acts_visited":["Exordium"],"potions_floor_usage":[14,16],"damage_taken":[{"damage":7,"enemies":"Small Slimes","floor":2,"turns":3},{"damage":44,"enemies":"3 Sentries","floor":3,"turns":9},{"damage":8,"enemies":"Cultist","floor":4,"turns":3},{"damage":9,"enemies":"Jaw Worm","floor":6,"turns":2},{"damage":16,"enemies":"Blue Slaver","floor":7,"turns":4},{"damage":18,"enemies":"downfall:FleeingMerchant","floor":8,"turns":4},{"damage":25,"enemies":"Gremlin Nob","floor":10,"turns":3},{"damage":16,"enemies":"Blue Slaver","floor":11,"turns":3},{"damage":14,"enemies":"Gremlin Gang","floor":12,"turns":3},{"damage":6,"enemies":"Red Slaver","floor":14,"turns":1},{"damage":7,"enemies":"Lots of Slimes","floor":15,"turns":1},{"damage":39,"enemies":"downfall:Ironclad","floor":16,"turns":3}],"seed_played":"9075871525177060375","potions_obtained":[{"floor":4,"key":"Explosive Potion"},{"floor":10,"key":"Toxic Potion"},{"floor":11,"key":"Energy Potion"},{"floor":15,"key":"construct:ShiftPotion"}],"is_trial":false,"path_per_floor":["R","M","E","M","R","M","MIM","$","?","E","M","M","?","M","M","B"],"character_chosen":"SLIMEBOUND","items_purchased":["Slimebound:SlimeSpikes"],"campfire_rested":1,"item_purchase_floors":[8],"current_hp_per_floor":[60,60,28,32,50,53,53,51,51,42,34,36,36,30,27,0,0],"gold":124,"neow_bonus":"RANDOM_COMMON_RELIC","is_daily":false,"chose_seed":false,"campfire_upgraded":1,"win_rate":0.0,"timestamp":1608322257,"path_taken":["R","M","E","M","R","M","MIM","$","?","E","M","M","?","M","M","BOSS"],"items_purchased_type":["Card"],"build_version":"2020-12-13","purchased_purges":1,"victory":false,"max_hp_per_floor":[60,60,60,60,60,60,60,60,60,60,60,60,60,60,60,60,60],"card_choices":[{"not_picked":["Slimebound:Schlurp","Slimebound:SamplingLick"],"picked":"Slimebound:SplitAcid","floor":2},{"not_picked":["Slimebound:LeechingTouch","Slimebound:SplitLeeching"],"picked":"Slimebound:Overexert","floor":3},{"not_picked":["Slimebound:LeechingTouch","Slimebound:ComboTackle"],"picked":"Slimebound:HauntingLick","floor":4},{"not_picked":["Slimebound:AcidTongue","Slimebound:RollThrough"],"picked":"Slimebound:ForwardTackle","floor":5},{"not_picked":["Slimebound:Schlurp","Slimebound:SplitLeeching"],"picked":"Slimebound:FinishingTackle","floor":6},{"not_picked":["Slimebound:LeechingTouch","Slimebound:GrowthPunch"],"picked":"Slimebound:LeadByExample","floor":7},{"not_picked":["Slimebound:SelfFormingGoo","Slimebound:Schlurp"],"picked":"Slimebound:SplitBruiser","floor":8},{"not_picked":["Slimebound:PressTheAttack","Slimebound:SlimeBrawl"],"picked":"Slimebound:LeechEnergy","floor":10},{"not_picked":["Slimebound:SplitBruiser","Slimebound:FinishingTackle"],"picked":"Slimebound:LeadByExample","floor":11},{"not_picked":["Slimebound:SlimeSpikes","Slimebound:AcidTongue","Slimebound:GrowthPunch"],"picked":"SKIP","floor":12},{"not_picked":["Slimebound:GoopSpray","Slimebound:SlimeSpikes"],"picked":"Slimebound:RallyTheTroops","floor":14},{"not_picked":["Slimebound:SplitLeeching","Slimebound:GoopSpray"],"picked":"Slimebound:SplitBruiser","floor":15}],"player_experience":15889,"relics_obtained":[{"floor":3,"key":"CCEMRelics:TechnogenicHelmet"},{"floor":7,"key":"Bag of Marbles"},{"floor":10,"key":"StuffTheSpire:ForceGauntlet"}],"event_choices":[{"damage_healed":0,"gold_gain":0,"player_choice":"Grow","damage_taken":0,"max_hp_gain":0,"max_hp_loss":0,"event_name":"Living Wall","floor":9,"gold_loss":0,"cards_upgraded":["Slimebound:LeadByExample"]}],"is_beta":false,"boss_relics":[],"items_purged_floors":[8],"is_endless":false,"potions_floor_spawned":[4,10,11,12,15],"killed_by":"downfall:Ironclad","ascension_level":0}}