{"host":"1ivxh6f0wtekmpqo","time":1608312940,"event":{"mods":["AchievementEnabler","BaseMod","Colored Map","Minty Spire (QoL Compilation)","Rare Cards Sparkle","StSLib","SuperFastMode","everything is the same but u backflip on backflip"],"gold_per_floor":[110,110,110,285,299,299,299,299],"floor_reached":7,"playtime":192,"items_purged":[],"score":39,"play_id":"a45e8cf3-9bc5-4a36-8c87-728c32ae4a80","local_time":"20201219013540","is_ascension_mode":false,"campfire_choices":[{"floor":6,"key":"RECALL"}],"circlet_count":0,"master_deck":["Strike_P","Strike_P","Strike_P","Strike_P","Defend_P","Defend_P","Defend_P","Eruption","Vigilance","Protect","Injury","Doubt","Protect"],"relics":["PureWater","Golden Idol"],"acts_visited":["Exordium"],"potions_floor_usage":[7],"damage_taken":[{"damage":0,"enemies":"Jaw Worm","floor":1,"turns":3},{"damage":0,"enemies":"2 Louse","floor":5,"turns":3},{"damage":95,"enemies":"Gremlin Nob","floor":7,"turns":5}],"seed_played":"-6872468018184480227","potions_obtained":[{"floor":5,"key":"LiquidMemories"}],"is_trial":false,"path_per_floor":["M","?","?","?","M","R","E"],"character_chosen":"WATCHER","items_purchased":[],"campfire_rested":0,"item_purchase_floors":[],"current_hp_per_floor":[79,72,72,72,72,72,0,0],"gold":299,"neow_bonus":"TEN_PERCENT_HP_BONUS","is_daily":false,"chose_seed":false,"campfire_upgraded":0,"win_rate":0.0,"timestamp":1608312940,"path_taken":["M","?","?","?","M","R","E"],"items_purchased_type":[],"build_version":"2020-12-13","purchased_purges":0,"victory":false,"max_hp_per_floor":[79,79,79,79,79,79,79,79],"card_choices":[{"not_picked":["EmptyFist","CrushJoints"],"picked":"Protect","floor":1},{"not_picked":["Indignation","BowlingBash"],"picked":"Protect","floor":5}],"player_experience":215387,"relics_obtained":[],"event_choices":[{"cards_removed":["Defend_P"],"damage_healed":0,"gold_gain":0,"player_choice":"Card Removal","damage_taken":7,"max_hp_gain":0,"max_hp_loss":0,"event_name":"Golden Wing","floor":2,"gold_loss":0},{"damage_healed":0,"gold_gain":0,"player_choice":"Take Wound","damage_taken":0,"relics_obtained":["Golden Idol"],"max_hp_gain":0,"max_hp_loss":0,"event_name":"Golden Idol","floor":3,"gold_loss":0,"cards_obtained":["Injury"]},{"damage_healed":0,"gold_gain":175,"player_choice":"AGREE","damage_taken":0,"max_hp_gain":0,"max_hp_loss":0,"event_name":"Liars Game","floor":4,"gold_loss":0,"cards_obtained":["Doubt"]}],"is_beta":false,"boss_relics":[],"items_purged_floors":[],"is_endless":false,"potions_floor_spawned":[5],"killed_by":"Gremlin Nob","ascension_level":0}}