{"host":"bjyhe453g0o3w47y","time":1608289733,"event":{"mods":["AchievementEnabler","BaseMod","Colored Map","Colored Powertips","Highlight Path","Keyboard Shortcuts","Minty Spire (QoL Compilation)","Permanent Neow","Quick Restart","Rare Cards Sparkle","StSLib","SuperFastMode"],"gold_per_floor":[116,116,135,147,167,197,197,42,66,66,100,111,186,186,186,186,186],"floor_reached":16,"playtime":308,"items_purged":["Strike_R"],"score":193,"play_id":"31aab6bd-0bbc-4242-8ee8-67743bd4e782","local_time":"20201218200853","is_ascension_mode":true,"campfire_choices":[{"data":"Wild Strike","floor":7,"key":"SMITH"},{"data":"Barricade","floor":10,"key":"SMITH"},{"floor":15,"key":"REST"}],"circlet_count":0,"master_deck":["AscendersBane","Strike_R","Strike_R","Strike_R","Strike_R","Defend_R","Defend_R","Defend_R","Defend_R","Bash","Rampage","Barricade+1","Bash","Cleave","Inflame","Wild Strike+1","Entrench","Pommel Strike","Metallicize","Feel No Pain"],"relics":["Burning Blood","Du-Vu Doll","Smiling Mask","Vajra","Art of War"],"acts_visited":["Exordium"],"potions_floor_usage":[16,16],"damage_taken":[{"damage":7,"enemies":"Jaw Worm","floor":1,"turns":3},{"damage":6,"enemies":"Cultist","floor":3,"turns":3},{"damage":0,"enemies":"Small Slimes","floor":4,"turns":3},{"damage":9,"enemies":"3 Louse","floor":5,"turns":2},{"damage":25,"enemies":"Lagavulin","floor":6,"turns":6},{"damage":16,"enemies":"Gremlin Nob","floor":11,"turns":3},{"damage":11,"enemies":"Looter","floor":12,"turns":2},{"damage":35,"enemies":"Hexaghost","floor":16,"turns":11}],"seed_played":"900351704279791581","potions_obtained":[{"floor":4,"key":"SteroidPotion"},{"floor":5,"key":"SkillPotion"},{"floor":11,"key":"GamblersBrew"}],"is_trial":false,"path_per_floor":["M","?","M","M","M","E","R","$","T","R","E","M","?","?","R","B"],"character_chosen":"IRONCLAD","items_purchased":["Entrench","Pommel Strike"],"campfire_rested":1,"item_purchase_floors":[8,8],"current_hp_per_floor":[67,67,67,68,65,46,46,46,46,46,36,31,20,15,35,0,0],"gold":186,"neow_bonus":"ONE_RARE_RELIC","is_daily":false,"chose_seed":false,"campfire_upgraded":2,"win_rate":0.0,"timestamp":1608289733,"path_taken":["M","?","M","M","M","E","R","?","T","R","E","M","?","?","R","BOSS"],"items_purchased_type":["Card","Card"],"build_version":"2020-12-13","purchased_purges":1,"victory":false,"max_hp_per_floor":[68,68,68,68,68,68,68,68,68,68,68,68,68,68,68,68,68],"card_choices":[{"not_picked":["Havoc","Clash"],"picked":"Rampage","floor":1},{"not_picked":["Rage","Headbutt"],"picked":"Cleave","floor":3},{"not_picked":["Warcry","Flex"],"picked":"Inflame","floor":4},{"not_picked":["Anger","Fire Breathing"],"picked":"Wild Strike","floor":5},{"not_picked":["Dropkick","Cleave","Clothesline"],"picked":"SKIP","floor":6},{"not_picked":["Heavy Blade","Dual Wield"],"picked":"Metallicize","floor":11},{"not_picked":["Searing Blow","Warcry"],"picked":"Feel No Pain","floor":12}],"player_experience":114591,"relics_obtained":[{"floor":6,"key":"Smiling Mask"},{"floor":9,"key":"Vajra"},{"floor":11,"key":"Art of War"}],"event_choices":[{"damage_healed":0,"gold_gain":0,"player_choice":"2 cards matched","damage_taken":0,"max_hp_gain":0,"max_hp_loss":0,"event_name":"Match and Keep!","floor":2,"gold_loss":0,"cards_obtained":["Barricade","Bash"]},{"damage_healed":0,"gold_gain":75,"player_choice":"Gather Gold","damage_taken":11,"max_hp_gain":0,"max_hp_loss":0,"event_name":"World of Goop","floor":13,"gold_loss":0},{"damage_healed":0,"gold_gain":0,"player_choice":"Fled","damage_taken":5,"max_hp_gain":0,"max_hp_loss":0,"event_name":"Scrap Ooze","floor":14,"gold_loss":0}],"is_beta":false,"boss_relics":[],"items_purged_floors":[8],"is_endless":false,"potions_floor_spawned":[4,5,6,11],"killed_by":"Hexaghost","ascension_level":15}}