{"host":"dvpvhz1t6etneyb3","time":1608258099,"event":{"mods":["AchievementEnabler","BaseMod","Colored Map","Highlight Path","Minty Spire (QoL Compilation)","Permanent Neow","Quick Restart"],"gold_per_floor":[366,7,27,27,41,41,41,71,71,82,106,106,106,123,123,199,199,199,61,61,61,61,61,61,61,61,61,61,61,61,61,61,61,61,61,61,61,61,61,61,61,61,61,61,61,61,61,61,61,61,61,61],"floor_reached":51,"playtime":6075,"items_purged":[],"score":1482,"play_id":"434e2a1f-a046-4a0d-ada1-e434ef26351e","local_time":"20201217212139","is_ascension_mode":true,"campfire_choices":[{"data":"Predator","floor":6.0,"key":"SMITH"},{"data":"Catalyst","floor":12.0,"key":"SMITH"},{"data":"Deadly Poison","floor":15.0,"key":"SMITH"},{"data":"Wraith Form v2","floor":23.0,"key":"SMITH"},{"floor":28.0,"key":"REST"},{"floor":32.0,"key":"REST"},{"data":"Well Laid Plans","floor":40.0,"key":"SMITH"},{"data":"Leg Sweep","floor":44.0,"key":"SMITH"},{"data":"PiercingWail","floor":47.0,"key":"SMITH"},{"data":"Crippling Poison","floor":49.0,"key":"SMITH"}],"circlet_count":0,"master_deck":["AscendersBane","Strike_G+1","Strike_G+1","Strike_G+1","Defend_G+1","Defend_G+1","Defend_G+1","Defend_G+1","Defend_G+1","Survivor","Neutralize","Predator+1","Noxious Fumes+1","Flying Knee","All Out Attack","Poisoned Stab","Catalyst+1","Deadly Poison+1","Wraith Form v2+1","Cloak And Dagger+1","Well Laid Plans+1","PiercingWail+1","Crippling Poison+1","Backflip","Cloak And Dagger","Leg Sweep+1","Adrenaline","Leg Sweep+1","Decay","Injury"],"relics":["Ring of the Snake","Letter Opener","The Specimen","Calipers","Odd Mushroom","Matryoshka","Ectoplasm","Anchor","Smiling Mask","Art of War","Ninja Scroll","Cursed Key","Unceasing Top","CaptainsWheel","Blue Candle","Frozen Egg 2","Singing Bowl","Prayer Wheel","Sundial"],"acts_visited":["Exordium","TheCity","TheBeyond"],"potions_floor_usage":[50,50],"damage_taken":[{"damage":5.0,"enemies":"Jaw Worm","floor":1.0,"turns":7.0},{"damage":1.0,"enemies":"Cultist","floor":3.0,"turns":4.0},{"damage":1.0,"enemies":"2 Louse","floor":5.0,"turns":3.0},{"damage":12.0,"enemies":"3 Sentries","floor":8.0,"turns":5.0},{"damage":6.0,"enemies":"Looter","floor":10.0,"turns":4.0},{"damage":0.0,"enemies":"The Mushroom Lair","floor":11.0,"turns":2.0},{"damage":9.0,"enemies":"Red Slaver","floor":14.0,"turns":3.0},{"damage":16.0,"enemies":"Hexaghost","floor":16.0,"turns":5.0},{"damage":4.0,"enemies":"Chosen","floor":18.0,"turns":3.0},{"damage":5.0,"enemies":"Shell Parasite","floor":24.0,"turns":5.0},{"damage":17.0,"enemies":"Slavers","floor":25.0,"turns":4.0},{"damage":5.0,"enemies":"Shelled Parasite and Fungi","floor":27.0,"turns":5.0},{"damage":0.0,"enemies":"Snake Plant","floor":29.0,"turns":4.0},{"damage":9.0,"enemies":"Sentry and Sphere","floor":30.0,"turns":4.0},{"damage":13.0,"enemies":"Gremlin Leader","floor":31.0,"turns":5.0},{"damage":1.0,"enemies":"Champ","floor":33.0,"turns":10.0},{"damage":0.0,"enemies":"Orb Walker","floor":35.0,"turns":3.0},{"damage":0.0,"enemies":"3 Darklings","floor":37.0,"turns":5.0},{"damage":2.0,"enemies":"Mind Bloom Boss Battle","floor":39.0,"turns":5.0},{"damage":12.0,"enemies":"2 Orb Walkers","floor":41.0,"turns":5.0},{"damage":0.0,"enemies":"Nemesis","floor":42.0,"turns":7.0},{"damage":4.0,"enemies":"Reptomancer","floor":45.0,"turns":6.0},{"damage":2.0,"enemies":"Writhing Mass","floor":46.0,"turns":7.0},{"damage":31,"enemies":"Time Eater","floor":50,"turns":11},{"damage":8,"enemies":"Donu and Deca","floor":51,"turns":2}],"seed_played":"575718155586182666","potions_obtained":[{"floor":1.0,"key":"SteroidPotion"},{"floor":3.0,"key":"AttackPotion"},{"floor":11.0,"key":"DuplicationPotion"},{"floor":16.0,"key":"LiquidBronze"},{"floor":25.0,"key":"Explosive Potion"},{"floor":27.0,"key":"Block Potion"},{"floor":30.0,"key":"Energy Potion"},{"floor":33.0,"key":"Strength Potion"},{"floor":46.0,"key":"SneckoOil"}],"is_trial":false,"path_per_floor":["M","$","M","?","M","R","$","E","T","M","?","R","T","M","R","B",null,"M","$","?","?","?","R","M","E","T","M","R","M","M","E","R","B",null,"M","?","M","?","?","R","?","E","T","R","E","M","R","T","R","B","B"],"character_chosen":"THE_SILENT","items_purchased":["Letter Opener","Noxious Fumes","Well Laid Plans","PiercingWail"],"campfire_rested":2,"item_purchase_floors":[2,2,19,19],"current_hp_per_floor":[54,54,53,53,52,52,52,40,40,34,34,34,34,25,25,9,47,43,43,43,43,43,43,38,21,21,16,34,34,25,12,30,29,52,52,52,52,52,50,50,38,38,38,38,36,38,38,38,38,7,0,0],"gold":61,"neow_bonus":"TWO_FIFTY_GOLD","is_daily":false,"chose_seed":false,"campfire_upgraded":8,"win_rate":0.0,"timestamp":1608258099,"path_taken":["M","$","M","?","M","R","?","E","T","M","?","R","?","M","R","BOSS","M","$","?","?","?","R","M","E","T","M","R","?","M","E","R","BOSS","M","?","M","?","?","R","?","E","T","R","E","M","R","?","R","BOSS","BOSS"],"items_purchased_type":["Relic","Card","Card","Card"],"build_version":"2020-12-13","purchased_purges":0,"victory":false,"max_hp_per_floor":[60,60,60,60,60,60,60,60,60,60,60,60,60,60,60,60,60,60,60,60,60,60,60,60,60,60,60,60,60,60,60,60,60,60,60,60,60,60,60,60,60,60,60,60,62,66,66,66,66,66,66,66],"card_choices":[{"not_picked":["Dagger Throw","Sucker Punch"],"picked":"Predator","floor":1.0},{"not_picked":["Flechettes","Accuracy"],"picked":"Flying Knee","floor":3.0},{"not_picked":["Escape Plan","Blur"],"picked":"All Out Attack","floor":5.0},{"not_picked":["Grand Finale","Acrobatics"],"picked":"Poisoned Stab","floor":8.0},{"not_picked":["Concentrate","Noxious Fumes"],"picked":"Catalyst","floor":10.0},{"not_picked":["Quick Slash","Concentrate"],"picked":"Deadly Poison","floor":11.0},{"not_picked":["Masterful Stab","Poisoned Stab","Underhanded Strike"],"picked":"SKIP","floor":14.0},{"not_picked":["Storm of Steel","Night Terror"],"picked":"Wraith Form v2","floor":16.0},{"not_picked":["Terror","Flying Knee"],"picked":"Cloak And Dagger+1","floor":18.0},{"not_picked":["Bane","Choke"],"picked":"Crippling Poison","floor":24.0},{"not_picked":["Bane","Crippling Poison"],"picked":"Backflip","floor":25.0},{"not_picked":["Deflect+1","Storm of Steel","Slice"],"picked":"SKIP","floor":27.0},{"not_picked":["Infinite Blades+1","Flechettes"],"picked":"Cloak And Dagger","floor":29.0},{"not_picked":["Bane","Well Laid Plans","Acrobatics"],"picked":"SKIP","floor":30.0},{"not_picked":["Well Laid Plans","Cloak And Dagger+1"],"picked":"Leg Sweep","floor":31.0},{"not_picked":["Grand Finale","Tools of the Trade"],"picked":"Adrenaline","floor":33.0},{"not_picked":["Deadly Poison","Blade Dance","Heel Hook+1"],"picked":"SKIP","floor":35.0},{"not_picked":["Underhanded Strike+1","Setup+1","Prepared"],"picked":"SKIP","floor":37.0},{"not_picked":["Deadly Poison","Acrobatics"],"picked":"Leg Sweep+1","floor":41.0},{"not_picked":["Masterful Stab+1","Riddle With Holes","Bane"],"picked":"SKIP","floor":42.0},{"not_picked":["Deadly Poison+1","Sucker Punch","Flying Knee"],"picked":"Singing Bowl","floor":45.0},{"not_picked":["Well Laid Plans+1","Blade Dance","Infinite Blades+1"],"picked":"Singing Bowl","floor":46.0},{"not_picked":["Deflect","Blade Dance+1","Backstab"],"picked":"Singing Bowl","floor":46.0}],"player_experience":1872237,"relics_obtained":[{"floor":8.0,"key":"The Specimen"},{"floor":9.0,"key":"Calipers"},{"floor":11.0,"key":"Odd Mushroom"},{"floor":13.0,"key":"Matryoshka"},{"floor":25.0,"key":"Anchor"},{"floor":26.0,"key":"Smiling Mask"},{"floor":26.0,"key":"Art of War"},{"floor":31.0,"key":"Ninja Scroll"},{"floor":39.0,"key":"Unceasing Top"},{"floor":41.0,"key":"CaptainsWheel"},{"floor":42.0,"key":"Blue Candle"},{"floor":43.0,"key":"Frozen Egg 2"},{"floor":43.0,"key":"Singing Bowl"},{"floor":45.0,"key":"Prayer Wheel"},{"floor":48.0,"key":"Sundial"}],"event_choices":[{"damage_healed":0.0,"max_hp_gain":0.0,"max_hp_loss":0.0,"gold_gain":0.0,"event_name":"Upgrade Shrine","player_choice":"Upgraded","floor":4.0,"gold_loss":0.0,"damage_taken":0.0,"cards_upgraded":["Noxious Fumes"]},{"damage_healed":0.0,"max_hp_gain":0.0,"max_hp_loss":0.0,"gold_gain":0.0,"event_name":"Mushrooms","player_choice":"Fought Mushrooms","floor":11.0,"gold_loss":0.0,"damage_taken":0.0},{"damage_healed":0.0,"max_hp_gain":0.0,"max_hp_loss":0.0,"gold_gain":0.0,"event_name":"Back to Basics","player_choice":"Simplicity","floor":20.0,"gold_loss":0.0,"damage_taken":0.0,"cards_upgraded":["Strike_G","Strike_G","Strike_G","Strike_G","Strike_G","Defend_G","Defend_G","Defend_G","Defend_G","Defend_G"]},{"damage_healed":0.0,"max_hp_gain":0.0,"max_hp_loss":0.0,"gold_gain":0.0,"event_name":"Cursed Tome","player_choice":"Ignored","floor":21.0,"gold_loss":0.0,"damage_taken":0.0},{"cards_removed":["Strike_G"],"damage_healed":0.0,"max_hp_gain":0.0,"max_hp_loss":0.0,"gold_gain":0.0,"event_name":"Purifier","player_choice":"Purged","floor":22.0,"gold_loss":0.0,"damage_taken":0.0},{"damage_healed":0.0,"max_hp_gain":0.0,"max_hp_loss":0.0,"gold_gain":0.0,"event_name":"SensoryStone","player_choice":"Memory 1","floor":36.0,"gold_loss":0.0,"damage_taken":0.0},{"cards_removed":["Strike_G"],"damage_healed":0.0,"max_hp_gain":0.0,"max_hp_loss":0.0,"gold_gain":0.0,"event_name":"Falling","player_choice":"Removed Attack","floor":38.0,"gold_loss":0.0,"damage_taken":0.0},{"damage_healed":0.0,"max_hp_gain":0.0,"max_hp_loss":0.0,"gold_gain":0.0,"event_name":"MindBloom","player_choice":"Fight","floor":39.0,"gold_loss":0.0,"damage_taken":0.0},{"damage_healed":0.0,"max_hp_gain":0.0,"max_hp_loss":0.0,"gold_gain":0.0,"event_name":"Mysterious Sphere","player_choice":"Fight","floor":41.0,"gold_loss":0.0,"damage_taken":0.0}],"is_beta":false,"boss_relics":[{"not_picked":["Calling Bell","SlaversCollar"],"picked":"Ectoplasm"},{"not_picked":["Fusion Hammer","Pandora\u0027s Box"],"picked":"Cursed Key"}],"items_purged_floors":[],"is_endless":false,"potions_floor_spawned":[1,3,11,16,25,27,29,30,33,35,39,46],"killed_by":"Donu and Deca","ascension_level":20}}