{"host":"nox","time":1608299979,"event":{"mods":["Aspiration","BaseMod","Better Third Choice","Colored Powertips","Conspire","Hubris","Infinite Spire","Minty Spire (QoL Compilation)","Quick Restart","Rare Cards Sparkle","Replay The Spire","Shop Mod","Spikes Relics","StSLib","SuperFastMode","The Alterego","vexMod"],"gold_per_floor":[115,115,115,115,131,158,83,83,83,94,109,135,135,166,166,264,264,275,175,50,65,75,107,107,206,206,206,206,206,27,46,46,46,46],"floor_reached":33,"playtime":1071,"items_purged":["ShadowRift","conspire:GhostlyStrike","conspire:GhostlyStrike"],"score":469,"play_id":"8ad2db1c-1a7e-4271-b116-fb1ea16beda6","local_time":"20201218205939","is_ascension_mode":true,"campfire_choices":[{"floor":13.0,"key":"REST"},{"data":"Rage","floor":15.0,"key":"SMITH"},{"floor":27.0,"key":"REST"},{"floor":29.0,"key":"REST"},{"data":"Demonic Infusion","floor":32,"key":"SMITH"}],"circlet_count":0,"master_deck":["conspire:GhostlyDefend","conspire:GhostlyDefend","conspire:GhostlyDefend","conspire:GhostlyDefend","Bash","Rampage","Flying Knee","Anger","Rage+1","Demonic Infusion+1","Flex","Panache"],"relics":["Burning Blood","NeowsBlessing","hubris:IronBody","MiniBlackHole","Bottled Lightning","conspire:RunicOctahedron","aspiration:HiddenCompartment","hubris:SphereOfDissonance"],"acts_visited":["Exordium","TheCity"],"potions_floor_usage":[],"damage_taken":[{"damage":0.0,"enemies":"Jaw Worm","floor":1.0,"turns":1.0},{"damage":0.0,"enemies":"Small Slimes","floor":5.0,"turns":1.0},{"damage":0.0,"enemies":"Gremlin Nob","floor":6.0,"turns":1.0},{"damage":4.0,"enemies":"2 Louse","floor":10.0,"turns":3.0},{"damage":26.0,"enemies":"Lots of Slimes","floor":11.0,"turns":5.0},{"damage":45.0,"enemies":"3 Sentries","floor":12.0,"turns":7.0},{"damage":30.0,"enemies":"Lagavulin","floor":14.0,"turns":4.0},{"damage":19.0,"enemies":"The Guardian","floor":16.0,"turns":7.0},{"damage":12.0,"enemies":"3 Byrds","floor":18.0,"turns":5.0},{"damage":0.0,"enemies":"conspire:FuzzyDice","floor":21.0,"turns":5.0},{"damage":10.0,"enemies":"Centurion and Healer","floor":22.0,"turns":5.0},{"damage":51.0,"enemies":"Gremlin Leader","floor":23.0,"turns":5.0},{"damage":9,"enemies":"3 Cultists","floor":31,"turns":4},{"damage":61,"enemies":"conspire:MysteriousRune","floor":33,"turns":4}],"seed_played":"5313921914931231655","potions_obtained":[{"floor":1.0,"key":"Block Potion"},{"floor":11.0,"key":"Weak Potion"},{"floor":14.0,"key":"Adrenaline Potion"},{"floor":18.0,"key":"Block Potion"},{"floor":22.0,"key":"BlessingOfTheForge"},{"floor":23.0,"key":"Death Potion"}],"is_trial":false,"path_per_floor":["M","?","?","?","M","E","$","?","T","M","M","E","R","E","R","B",null,"M","$","$","M","M","E","?","?","T","R","T","R","$","M","R","B"],"character_chosen":"IRONCLAD","items_purchased":["Panache"],"campfire_rested":3,"item_purchase_floors":[30],"current_hp_per_floor":[78,78,78,78,80,80,80,80,80,80,60,21,45,21,21,8,62,56,56,56,62,58,13,13,13,13,37,37,61,61,58,58,0,0],"gold":46,"neow_bonus":"THREE_ENEMY_KILL","is_daily":false,"chose_seed":false,"campfire_upgraded":2,"win_rate":0.0,"timestamp":1608299979,"path_taken":["M","?","?","?","M","E","$","?","T","?","M","E","R","E","R","BOSS","M","?","$","M","M","E","?","?","T","R","?","R","$","M","R","BOSS"],"items_purchased_type":["Card"],"build_version":"2020-11-17","purchased_purges":3,"victory":false,"max_hp_per_floor":[80,80,80,80,80,80,80,80,80,80,80,80,80,80,80,80,80,80,80,80,80,80,80,80,80,80,80,80,80,80,80,80,80,80],"card_choices":[{"not_picked":["Shrug It Off","Carnage"],"picked":"Rampage","floor":1.0},{"not_picked":["Run Through","BarbarianYell","Reckless Charge"],"picked":"SKIP","floor":5.0},{"not_picked":["conspire:ExplosiveBarrier","Thunderclap","hubris:ReadiedAction"],"picked":"SKIP","floor":6.0},{"not_picked":["Perfected Strike","Massacre","Clothesline"],"picked":"SKIP","floor":10.0},{"not_picked":["Intimidate","Headbutt"],"picked":"Anger","floor":11.0},{"not_picked":["Carnage","Havoc","Cleave"],"picked":"SKIP","floor":12.0},{"not_picked":["Offering","Fire Breathing"],"picked":"Rage","floor":14.0},{"not_picked":["Corruption","hubris:StunningStrike"],"picked":"Demonic Infusion","floor":16.0},{"not_picked":["Perfected Strike","Sword Boomerang","Burning Pact+1"],"picked":"SKIP","floor":18.0},{"not_picked":["Sword Boomerang","Thunderclap"],"picked":"Flex","floor":21.0},{"not_picked":["Run Through","Searing Blow+1","Headbutt"],"picked":"SKIP","floor":22.0},{"not_picked":["Havoc+1","Twin Strike+1","Run Through"],"picked":"SKIP","floor":23.0},{"not_picked":["Fire Breathing","Shrug It Off","Cleave"],"picked":"SKIP","floor":31}],"player_experience":182040,"relics_obtained":[{"floor":9.0,"key":"hubris:IronBody"},{"floor":12.0,"key":"MiniBlackHole"},{"floor":14.0,"key":"Bottled Lightning"},{"floor":23.0,"key":"aspiration:HiddenCompartment"},{"floor":28.0,"key":"hubris:SphereOfDissonance"}],"event_choices":[{"damage_healed":0.0,"max_hp_gain":0.0,"max_hp_loss":0.0,"gold_gain":0.0,"event_name":"conspire:LoneGhost","player_choice":"Agree","floor":3.0,"gold_loss":0.0,"damage_taken":0.0},{"cards_removed":["Finisher"],"damage_healed":0.0,"max_hp_gain":0.0,"max_hp_loss":0.0,"gold_gain":0.0,"event_name":"Purifier","player_choice":"Purged","floor":8.0,"gold_loss":0.0,"damage_taken":0.0},{"damage_healed":0.0,"max_hp_gain":0.0,"max_hp_loss":0.0,"gold_gain":0.0,"event_name":"Cursed Tome","player_choice":"Ignored","floor":24.0,"gold_loss":0.0,"damage_taken":0.0},{"damage_healed":0.0,"max_hp_gain":0.0,"max_hp_loss":0.0,"gold_gain":99.0,"event_name":"betterThird:BetterNest","player_choice":"Steal","floor":25.0,"gold_loss":0.0,"damage_taken":0.0}],"is_beta":true,"boss_relics":[{"not_picked":["vexMod:TanglingVine","hubris:TerracottaHorce"],"picked":"conspire:RunicOctahedron"}],"items_purged_floors":[7,19,20],"is_endless":false,"potions_floor_spawned":[1,11,14,18,22,23],"killed_by":"conspire:MysteriousRune","ascension_level":9}}