{"host":"eez7vtcxu2i37lck","time":1608292027,"event":{"mods":["AchievementEnabler","BaseMod","Colored Map","Colored Powertips","Downfall","Hermit","Highlight Path","Hubris","Infinite Spire","Jorbs\u0027s Wanderer Trilogy","Minty Spire (QoL Compilation)","Quick Restart","Rare Cards Sparkle","Replay The Spire","Shop Mod","StSLib","The IronCluck"],"gold_per_floor":[213,223,239,514,526,556,619,619,646,663,663,663,694,707,707,811,811,831,843,856,876,876,909,909,922,969,510,520,520,531,531,531,626,676,687,637,692,761,775,775,794,794,794,794,814,724,737,737,737,840,840,841,535,539,539,534,534,538,546,546,552,562,562,574,661,673,719,731,743,755,775,791,804,816,852,477,477,469,479,479,479,479,479,540,540,549,593,587,582,482,505,505,509,559,559,569,574,574,574,574,648,648,663,663,674,701,701,701,717,768,768,783,815,815,834,850,850,962,962,972,972,426,449,449,483,498,533,533,533,632,632,632,650,650,756,756,769,624,649,599,612,612,630,645,670,707,707,707,657,672,672,801,801,815,514,514,514,514,543,543,543,543,553,553,576,653,653,653,770,770,789,789,589,514,514,514,534,280,303,317,317,330,372,389,389,513,513,529,534,534],"floor_reached":189,"playtime":5082,"items_purged":["Regret","Decay","Strike_G","Defend_G","Defend_G"],"score":3873,"play_id":"61f4fc58-fd43-4d0c-a6e2-65dea97a83fb","local_time":"20201218064707","is_ascension_mode":false,"campfire_choices":[{"floor":8.0,"key":"REST"},{"floor":11.0,"key":"REST"},{"data":"Cloak And Dagger","floor":15.0,"key":"SMITH"},{"floor":24.0,"key":"REST"},{"data":"Cloak And Dagger","floor":29.0,"key":"SMITH"},{"floor":32.0,"key":"REST"},{"data":"Blade Dance","floor":40.0,"key":"SMITH"},{"data":"Phantasmal Killer","floor":42.0,"key":"SMITH"},{"data":"PiercingWail","floor":44.0,"key":"SMITH"},{"data":"Burst","floor":49.0,"key":"SMITH"},{"floor":57.0,"key":"REST"},{"floor":66.0,"key":"REST"},{"floor":81.0,"key":"REST"},{"floor":83.0,"key":"REST"},{"floor":92.0,"key":"REST"},{"floor":100.0,"key":"DIG"},{"floor":108.0,"key":"DIG"},{"floor":114.0,"key":"DIG"},{"floor":117.0,"key":"DIG"},{"floor":129.0,"key":"DIG"},{"floor":132.0,"key":"DIG"},{"floor":134.0,"key":"DIG"},{"floor":142.0,"key":"DIG"},{"floor":151.0,"key":"DIG"},{"data":"1","floor":160,"key":"LIFT"},{"data":"2","floor":164,"key":"LIFT"},{"floor":168,"key":"DIG"},{"data":"3","floor":176,"key":"LIFT"},{"floor":185,"key":"DIG"}],"circlet_count":0,"master_deck":["Strike_G+1","Strike_G","Strike_G","Strike_G","Defend_G","Footwork","Finisher","PiercingWail+1","Cloak And Dagger+1","Burst+1","Escape Plan+1","Cloak And Dagger+1","Prepared","Backflip+1","Finisher+1","Footwork","Blade Dance+1","Cloak And Dagger+1","Blade Dance+1","Slice+1","Calculated Gamble+1","Atom Bomb+1","Cloak And Dagger","Infinite Blades","A Thousand Cuts+1","infinitespire:FutureSight+1","infinitespire:Collect","Backflip","Backstab+1","Choke+1","Flash of Steel+1","Storm of Steel+1","ReplayTheSpireMod:Scrap Shanks","Blade Dance+1","Slice+1","Accuracy+1","PiercingWail","Neutralize+1","Blade Dance","hubris:DuctTapeCard","Wraith Form v2","Blade Dance","Leap+1","Beam Cell+1","ReplayTheSpireMod:Restless Dread","stsjorbsmod:Procrastination","stsjorbsmod:Withering","Parasite","Spreading Infection","CurseOfTheBell"],"relics":["Replay:Wanted Poster","Tiny Chest","Smiling Mask","hubris:AncientText","Replay:Towering Pillar of Hats","Replay:Grab Bag","Sozu","ReplayTheSpireMod:DimensionalGlitch","hubris:ScarierMask","Runic Pyramid","Shuriken","Replay:Mystery Machine","Replay:Wax Seal","Lee\u0027s Waffle","Whetstone","Tiny House","Unceasing Top","Molten Egg 2","infinitespire:Bottled Soul","Fusion Hammer","infinitespire:Blanks Blanky","Cauldron","hubris:DuctTape","hubris:OldNail","Bag of Marbles","MawBank","Replay:Bronze Core","Philosopher\u0027s Stone","Juzu Bracelet","Gremlin Food","TheAbacus","ReplayTheSpireMod:Shallot","Onion Ring","infinitespire:CheckeredPen","hubris:Backtick","Kunai","Pondfish Scales","Replay:Bottled Snecko","Oddly Smooth Stone","Shovel","Boot","Ring of Chaos","Bronze Scales","infinitespire:BottledMercury","Replay:Bandana","White Beast Statue","Anchor","Vajra","infinitespire:Lychee Nut","hubris:GrandSneckoEye","hubris:BottledHeart","hubris:TinFlute","Omamori","Medical Kit","ReplayTheSpireMod:Lightbulb","Snake Skull","Thread and Needle","hubris:Metronome","Happy Flower","hubris:CrystalStatue","Ancient Tea Set","SlaversCollar","infinitespire:Beetle Shell","infinitespire:PuzzleCube","hubris:BottledRain","Potion Belt","Centennial Puzzle","Replay:Ringing Soul","Cursed Key","Girya","hubris:MysteriousPyramids","Du-Vu Doll","infinitespire:Eraser","Nunchaku","HoveringKite","hubris:SlimyHat","Strawberry","BranchBurnRelic","infinitespire:ShieldingShard","ReplayTheSpireMod:TigerMarble","Pantograph","Replay:Kaleidoscope","Eternal Feather","Calling Bell","Dream Catcher","hubris:Reverence","Lizard Tail"],"acts_visited":["Exordium","TheCity","TheBeyond","Exordium","TheCity","TheBeyond","Exordium","TheCity","TheBeyond","Exordium","TheCity","TheBeyond"],"potions_floor_usage":[],"damage_taken":[{"damage":7.0,"enemies":"Small Slimes","floor":1.0,"turns":3.0},{"damage":0.0,"enemies":"Cultist","floor":2.0,"turns":3.0},{"damage":0.0,"enemies":"Jaw Worm","floor":3.0,"turns":2.0},{"damage":6.0,"enemies":"Large Slime","floor":5.0,"turns":3.0},{"damage":7.0,"enemies":"Gremlin Nob","floor":6.0,"turns":4.0},{"damage":9.0,"enemies":"Gremlin Nob","floor":7.0,"turns":3.0},{"damage":5.0,"enemies":"Lots of Slimes","floor":10.0,"turns":6.0},{"damage":12.0,"enemies":"3 Sentries","floor":13.0,"turns":10.0},{"damage":2.0,"enemies":"Looter","floor":14.0,"turns":2.0},{"damage":10.0,"enemies":"Slime Boss","floor":16.0,"turns":8.0},{"damage":2.0,"enemies":"3 Byrds","floor":18.0,"turns":4.0},{"damage":10.0,"enemies":"Chosen","floor":19.0,"turns":5.0},{"damage":7.0,"enemies":"Snecko","floor":20.0,"turns":5.0},{"damage":2.0,"enemies":"Centurion and Healer","floor":21.0,"turns":3.0},{"damage":33.0,"enemies":"Nightmare","floor":23.0,"turns":9.0},{"damage":0.0,"enemies":"Chosen and Byrds","floor":25.0,"turns":4.0},{"damage":11.0,"enemies":"Snake Plant","floor":28.0,"turns":3.0},{"damage":10.0,"enemies":"Shelled Parasite and Fungi","floor":30.0,"turns":2.0},{"damage":35.0,"enemies":"hubris:MusketHawk","floor":33.0,"turns":7.0},{"damage":5.0,"enemies":"3 Shapes","floor":35.0,"turns":2.0},{"damage":5.0,"enemies":"2 Orb Walkers","floor":37.0,"turns":2.0},{"damage":0.0,"enemies":"3 Darklings","floor":39.0,"turns":2.0},{"damage":0.0,"enemies":"Sphere and 2 Shapes","floor":41.0,"turns":2.0},{"damage":22.0,"enemies":"Spire Growth","floor":45.0,"turns":3.0},{"damage":10.0,"enemies":"Maw","floor":47.0,"turns":5.0},{"damage":39.0,"enemies":"Donu and Deca","floor":50.0,"turns":5.0},{"damage":0.0,"enemies":"Cultist","floor":52.0,"turns":2.0},{"damage":0.0,"enemies":"2 Louse","floor":54.0,"turns":1.0},{"damage":0.0,"enemies":"Jaw Worm","floor":56.0,"turns":1.0},{"damage":0.0,"enemies":"Blue Slaver","floor":58.0,"turns":1.0},{"damage":5.0,"enemies":"Lots of Slimes","floor":59.0,"turns":2.0},{"damage":0.0,"enemies":"2 Fungi Beasts","floor":61.0,"turns":1.0},{"damage":0.0,"enemies":"3 Sentries","floor":62.0,"turns":1.0},{"damage":0.0,"enemies":"Slime Boss","floor":67.0,"turns":4.0},{"damage":0.0,"enemies":"Shell Parasite","floor":69.0,"turns":1.0},{"damage":0.0,"enemies":"3 Byrds","floor":70.0,"turns":2.0},{"damage":0.0,"enemies":"Centurion and Healer","floor":71.0,"turns":1.0},{"damage":0.0,"enemies":"Cultist and Chosen","floor":72.0,"turns":2.0},{"damage":0.0,"enemies":"Sentry and Sphere","floor":73.0,"turns":1.0},{"damage":0.0,"enemies":"Shelled Parasite and Fungi","floor":78.0,"turns":1.0},{"damage":15.0,"enemies":"Book of Stabbing","floor":79.0,"turns":2.0},{"damage":16.0,"enemies":"Champ","floor":84.0,"turns":3.0},{"damage":0.0,"enemies":"3 Shapes","floor":86.0,"turns":1.0},{"damage":0.0,"enemies":"2 Orb Walkers","floor":87.0,"turns":1.0},{"damage":0.0,"enemies":"Orb Walker","floor":88.0,"turns":2.0},{"damage":13.0,"enemies":"4 Shapes","floor":89.0,"turns":3.0},{"damage":0.0,"enemies":"Nemesis","floor":91.0,"turns":1.0},{"damage":0.0,"enemies":"Writhing Mass","floor":93.0,"turns":1.0},{"damage":0.0,"enemies":"Jaw Worm Horde","floor":96.0,"turns":1.0},{"damage":0.0,"enemies":"3 Darklings","floor":97.0,"turns":1.0},{"damage":11.0,"enemies":"Donu and Deca","floor":101.0,"turns":3.0},{"damage":0.0,"enemies":"Cultist","floor":103.0,"turns":1.0},{"damage":0.0,"enemies":"Jaw Worm","floor":105.0,"turns":1.0},{"damage":0.0,"enemies":"Small Slimes","floor":109.0,"turns":1.0},{"damage":0.0,"enemies":"Lagavulin Event","floor":110.0,"turns":1.0},{"damage":0.0,"enemies":"Blue Slaver","floor":112.0,"turns":1.0},{"damage":0.0,"enemies":"3 Sentries","floor":113.0,"turns":1.0},{"damage":0.0,"enemies":"Exordium Thugs","floor":115.0,"turns":1.0},{"damage":0.0,"enemies":"Looter","floor":116.0,"turns":1.0},{"damage":0.0,"enemies":"Hexaghost","floor":118.0,"turns":2.0},{"damage":0.0,"enemies":"2 Thieves","floor":120.0,"turns":1.0},{"damage":0.0,"enemies":"Slavers","floor":125.0,"turns":1.0},{"damage":0.0,"enemies":"Chosen","floor":126.0,"turns":2.0},{"damage":0.0,"enemies":"Nightmare","floor":127.0,"turns":3.0},{"damage":0.0,"enemies":"Snake Plant","floor":133.0,"turns":1.0},{"damage":0.0,"enemies":"Collector","floor":135.0,"turns":3.0},{"damage":0.0,"enemies":"3 Darklings","floor":137.0,"turns":1.0},{"damage":0.0,"enemies":"Orb Walker","floor":141.0,"turns":1.0},{"damage":0.0,"enemies":"Spire Growth","floor":143.0,"turns":1.0},{"damage":0.0,"enemies":"Jaw Worm Horde","floor":144.0,"turns":1.0},{"damage":0.0,"enemies":"Reptomancer","floor":146.0,"turns":1.0},{"damage":0.0,"enemies":"3 Darklings","floor":150.0,"turns":1.0},{"damage":0,"enemies":"Replay:Hell Engine","floor":152,"turns":3},{"damage":0,"enemies":"Small Slimes","floor":154,"turns":1},{"damage":0,"enemies":"Gremlin Nob","floor":159,"turns":1},{"damage":0,"enemies":"2 Louse","floor":163,"turns":1},{"damage":0,"enemies":"Cultist","floor":165,"turns":1},{"damage":0,"enemies":"Hexaghost","floor":169,"turns":2},{"damage":0,"enemies":"3 Byrds","floor":171,"turns":1},{"damage":0,"enemies":"Shell Parasite","floor":177,"turns":1},{"damage":0,"enemies":"3 Cultists","floor":180,"turns":1},{"damage":0,"enemies":"Cultist and Chosen","floor":182,"turns":1},{"damage":0,"enemies":"Gremlin Leader","floor":183,"turns":1},{"damage":0,"enemies":"Snake Plant","floor":184,"turns":1},{"damage":0,"enemies":"hubris:MusketHawk","floor":186,"turns":2},{"damage":0,"enemies":"3 Darklings","floor":188,"turns":1},{"damage":0,"enemies":"infinitespire:Three Voidlings","floor":189,"turns":1},{"damage":26,"enemies":"Nightmare_Alpha","floor":189,"turns":1}],"seed_played":"-6494127476988033726","potions_obtained":[{"floor":1.0,"key":"Block Potion"},{"floor":2.0,"key":"Block Potion"},{"floor":3.0,"key":"BlessingOfTheForge"},{"floor":10.0,"key":"Adrenaline Potion"},{"floor":13.0,"key":"Energy Potion"},{"floor":14.0,"key":"Guardian:BlockOnCardUsePotion"}],"is_trial":false,"path_per_floor":["M","M","M","?","M","E","?","R","T","M","R","?","E","M","R","B",null,"M","M","M","M","T","NM","R","M","T","$","M","R","M","?","R","B",null,"M","$","?","T","M","R","M","R","T","R","M","?","M","?","R","B",null,"M","$","M","T","M","R","M","M","T","M","E","AVR","?","?","R","B",null,"M","M","M","M","M","?","T","$","T","M","E","?","R","?","R","B",null,"M","?","M","M","NS","E","R","M","T","T","M","M","?","?","R","B",null,"M","?","M","T","?","R","M","?","T","M","E","R","M","M","R","B",null,"M","?","$","T","$","E","M","NM","T","R","?","?","R","M","R","B",null,"M","$","T","$","M","R","M","M","T","E","?","NS","$","M","R","B",null,"M","$","?","T","$","E","R","?","T","M","R","M","?","?","R","B",null,"M","T","$","?","?","R","M","$","T","M","T","M","E","M","R_BF","B",null,"M","?"],"character_chosen":"THE_SILENT","items_purchased":["Lee\u0027s Waffle","Finisher","Footwork","Whetstone","Regal Pillow","Cauldron","Gremlin Food","TheAbacus","Flash of Steel+1","hubris:TinFlute","Omamori","Medical Kit","infinitespire:Beetle Shell","Girya","Strawberry","infinitespire:ShieldingShard"],"campfire_rested":9,"item_purchase_floors":[27,27,27,27,53,53,76,76,76,122,122,122,138,155,173,178],"current_hp_per_floor":[63,63,63,63,57,50,41,62,62,57,70,70,58,56,56,46,70,68,58,51,49,49,16,37,37,37,77,66,66,56,56,77,42,82,77,77,72,72,72,72,72,72,72,72,50,50,40,72,72,33,72,72,72,72,72,72,72,72,67,67,67,67,67,67,67,72,72,72,72,72,72,72,72,72,72,72,72,72,57,57,72,72,72,56,72,72,72,72,59,59,59,72,72,72,72,72,72,72,72,72,61,72,72,72,72,72,72,72,72,72,72,72,72,72,72,72,54,54,54,54,1,1,1,1,1,1,1,1,1,1,1,1,1,1,1,1,1,1,1,1,1,1,1,1,1,1,1,1,1,1,1,1,1,1,1,1,1,1,1,1,1,1,1,1,1,1,1,1,1,1,1,1,1,1,1,1,1,1,1,1,1,1,1,1,1,1,1,1,0,0],"gold":534,"neow_bonus":"BOSS_RELIC","is_daily":false,"chose_seed":false,"campfire_upgraded":6,"win_rate":0.0,"timestamp":1608292027,"path_taken":["M","M","M","?","?","E","?","R","T","M","R","?","E","M","R","BOSS","M","M","M","?","?","NM","R","M","T","$","?","R","M","?","R","BOSS","M","$","?","?","M","R","M","R","T","R","M","?","?","?","R","BOSS","M","$","M","?","M","R","M","M","T","M","E","AVR","?","?","R","BOSS","M","M","M","M","M","?","?","$","T","M","E","?","R","?","R","BOSS","M","?","M","M","NS","E","R","M","T","?","M","M","?","?","R","BOSS","M","?","M","?","?","R","M","?","T","M","E","R","M","M","R","BOSS","M","?","$","?","$","E","M","NM","T","R","?","?","R","M","R","BOSS","M","?","?","?","M","R","M","M","T","E","?","NS","$","M","R","BOSS","M","$","?","?","$","E","R","?","T","M","R","M","?","?","R","BOSS","M","?","$","?","?","R","M","?","T","M","?","M","E","M","R_BF","BOSS","M","?"],"items_purchased_type":["Relic","Card","Card","Relic","Relic","Relic","Relic","Relic","Card","Relic","Relic","Relic","Relic","Relic","Relic","Relic"],"build_version":"2020-12-13","purchased_purges":5,"victory":false,"max_hp_per_floor":[70,70,70,70,70,70,70,70,70,70,70,70,70,70,70,70,70,70,70,70,70,70,70,70,70,70,77,77,77,77,77,77,77,82,82,82,82,82,82,82,82,82,82,82,82,82,82,72,72,72,72,72,72,72,72,72,72,72,72,72,72,72,72,72,72,72,72,72,72,72,72,72,72,72,72,72,72,72,72,72,72,72,72,72,72,72,72,72,72,72,72,72,72,72,72,72,72,72,72,72,72,72,72,72,72,72,72,72,72,72,72,72,72,72,72,72,54,54,54,54,1,1,1,1,1,1,1,1,1,1,1,1,1,1,1,1,1,1,1,1,1,1,1,1,1,1,1,1,1,1,1,1,1,1,1,1,1,1,1,1,1,1,1,1,1,1,1,1,1,1,1,1,1,1,1,1,1,1,1,1,1,1,1,1,1,1,1,1,1,1],"card_choices":[{"not_picked":["Tactician","Cloak And Dagger"],"picked":"Footwork","floor":1.0},{"not_picked":["Deflect","Acrobatics"],"picked":"Finisher","floor":2.0},{"not_picked":["Noxious Fumes","Quick Slash"],"picked":"PiercingWail","floor":3.0},{"not_picked":["Draining Mist","Flying Knee"],"picked":"Cloak And Dagger","floor":5.0},{"not_picked":["PiercingWail","Cloak And Dagger"],"picked":"Burst","floor":6.0},{"not_picked":["Terror","Poisoned Stab"],"picked":"Escape Plan","floor":7.0},{"not_picked":["Flying Knee","Sucker Punch","Dagger Spray"],"picked":"SKIP","floor":10.0},{"not_picked":["Flying Knee","ReplayTheSpireMod:The Works"],"picked":"Cloak And Dagger","floor":13.0},{"not_picked":["Sucker Punch","Dodge and Roll","Dagger Spray"],"picked":"SKIP","floor":14.0},{"not_picked":["Slice","Sucker Punch","Draining Mist"],"picked":"SKIP","floor":18.0},{"not_picked":["Skewer","Quick Slash"],"picked":"Prepared","floor":19.0},{"not_picked":["Setup+1","Outmaneuver","Dodge and Roll"],"picked":"SKIP","floor":20.0},{"not_picked":["Terror","Bane+1","Riddle With Holes+1"],"picked":"SKIP","floor":21.0},{"not_picked":["Dagger Spray","Slice","Poison Darts"],"picked":"SKIP","floor":23.0},{"not_picked":["Heel Hook","Choke"],"picked":"Backflip+1","floor":25.0},{"not_picked":["Bane","Catalyst","Dagger Spray+1"],"picked":"SKIP","floor":28.0},{"not_picked":["Dagger Throw","Backflip"],"picked":"Blade Dance","floor":30.0},{"not_picked":["Bane+1","Predator"],"picked":"Cloak And Dagger+1","floor":34.0},{"not_picked":["ReplayTheSpireMod:Shiv Toss+1","Cloak And Dagger+1"],"picked":"Blade Dance+1","floor":35.0},{"not_picked":["Bane+1","hubris:SlightOfHand+1"],"picked":"Slice+1","floor":39.0},{"not_picked":["Deflect+1","Underhanded Strike+1","Dodge and Roll"],"picked":"SKIP","floor":41.0},{"not_picked":["Expertise","Dagger Throw+1","Cloak And Dagger"],"picked":"SKIP","floor":45.0},{"not_picked":["Deflect","Night Terror","Underhanded Strike+1"],"picked":"SKIP","floor":47.0},{"not_picked":["Sucker Punch+1","Poisoned Stab+1"],"picked":"Calculated Gamble","floor":52.0},{"not_picked":["Dodge and Roll","Dagger Spray+1","Choke+1"],"picked":"SKIP","floor":54.0},{"not_picked":["Bane+1","hubris:TrickCloak","Quick Slash+1"],"picked":"SKIP","floor":56.0},{"not_picked":["Deflect","Heel Hook+1"],"picked":"Atom Bomb+1","floor":58.0},{"not_picked":["Distraction","Bane+1"],"picked":"Cloak And Dagger","floor":59.0},{"not_picked":["Toxin Wave","Outmaneuver"],"picked":"Infinite Blades","floor":61.0},{"not_picked":["Backflip","hubris:SlightOfHand"],"picked":"A Thousand Cuts","floor":62.0},{"not_picked":["infinitespire:FinalStrike","infinitespire:Gouge"],"picked":"infinitespire:Collect","floor":68.0},{"not_picked":["Deadly Poison","Sucker Punch+1","Dodge and Roll+1"],"picked":"SKIP","floor":69.0},{"not_picked":["Dodge and Roll+1","Flying Knee+1"],"picked":"Backflip","floor":70.0},{"not_picked":["Quick Slash+1","Eviscerate+1","ReplayTheSpireMod:Tripwire"],"picked":"SKIP","floor":71.0},{"not_picked":["Underhanded Strike+1","Footwork+1"],"picked":"Backstab+1","floor":72.0},{"not_picked":["Quick Slash+1","Caltrops"],"picked":"Choke+1","floor":73.0},{"not_picked":["Dodge and Roll","Masterful Stab+1","Prepared"],"picked":"SKIP","floor":78.0},{"not_picked":["Dash+1","hubris:Sniper","Poisoned Stab+1"],"picked":"SKIP","floor":79.0},{"not_picked":["Malaise","Doppelganger"],"picked":"Storm of Steel","floor":84.0},{"not_picked":["Prepared+1","hubris:Counter+1"],"picked":"ReplayTheSpireMod:Scrap Shanks","floor":86.0},{"not_picked":["Eviscerate+1","Footwork"],"picked":"Slice+1","floor":87.0},{"not_picked":["Outmaneuver","Acrobatics+1"],"picked":"Blade Dance","floor":88.0},{"not_picked":["Flying Knee+1","Underhanded Strike+1","Deadly Poison"],"picked":"SKIP","floor":89.0},{"not_picked":["Quick Slash+1","Eviscerate+1","Unload+1"],"picked":"SKIP","floor":91.0},{"not_picked":["Dagger Spray+1","Deflect"],"picked":"Slice+1","floor":93.0},{"not_picked":["Replay:Poison Smokescreen","Dagger Throw+1","Bane+1"],"picked":"SKIP","floor":96.0},{"not_picked":["Blade Dance","Poisoned Stab+1"],"picked":"Accuracy+1","floor":97.0},{"not_picked":["Slice+1","Dagger Spray+1","Calculated Gamble"],"picked":"SKIP","floor":103.0},{"not_picked":["Toxin Wave","Poisoned Stab+1","Leg Sweep"],"picked":"SKIP","floor":105.0},{"not_picked":["Blade Dance","Heel Hook+1","Tactician"],"picked":"SKIP","floor":109.0},{"not_picked":["Dagger Spray+1","Dodge and Roll","Backflip"],"picked":"SKIP","floor":112.0},{"not_picked":["Quick Slash+1","Bane+1","Slice+1"],"picked":"SKIP","floor":113.0},{"not_picked":["hubris:Sniper","Outmaneuver","Deadly Poison"],"picked":"SKIP","floor":115.0},{"not_picked":["A Thousand Cuts","Hidden Blade","Choke+1"],"picked":"SKIP","floor":116.0},{"not_picked":["Dodge and Roll","Draining Mist","Backflip"],"picked":"SKIP","floor":120.0},{"not_picked":["hubris:Sniper+1","Fluid Movement","Toxin Wave"],"picked":"SKIP","floor":125.0},{"not_picked":["Flying Knee+1","Dagger Throw+1","ReplayTheSpireMod:From All Sides+1"],"picked":"SKIP","floor":126.0},{"not_picked":["Dash+1","Blade Dance","Atom Bomb+1"],"picked":"SKIP","floor":127.0},{"not_picked":["Backflip+1","Sneak Up","Flying Knee+1"],"picked":"SKIP","floor":133.0},{"not_picked":["Sucker Punch+1","Dash+1"],"picked":"PiercingWail","floor":137.0},{"not_picked":["Sucker Punch+1","Well Laid Plans","Tools of the Trade"],"picked":"SKIP","floor":141.0},{"not_picked":["Caltrops+1","ReplayTheSpireMod:Exploit Weakness","Slice+1"],"picked":"SKIP","floor":143.0},{"not_picked":["Poisoned Stab+1","Backflip","Endless Agony+1"],"picked":"SKIP","floor":144.0},{"not_picked":["Underhanded Strike+1","Prepared","Poisoned Stab+1"],"picked":"SKIP","floor":146.0},{"not_picked":["ReplayTheSpireMod:Scrap Shanks+1","Dagger Spray+1","hubris:SlightOfHand"],"picked":"SKIP","floor":150.0},{"not_picked":["Replay:Bag of Tricks","Storm of Steel"],"picked":"Wraith Form v2","floor":152},{"not_picked":["Deadly Poison","Flechettes+1","PiercingWail"],"picked":"SKIP","floor":154},{"not_picked":["Bane+1","Acrobatics"],"picked":"Blade Dance","floor":159},{"not_picked":["Poisoned Stab+1","Blade Dance","Dodge and Roll"],"picked":"SKIP","floor":163},{"not_picked":["Sucker Punch+1","Dagger Throw+1","Deflect"],"picked":"SKIP","floor":165},{"not_picked":["Setup","Dodge and Roll","Escape Plan"],"picked":"SKIP","floor":171},{"not_picked":["Replay:Poison Smokescreen+1","Dash+1","Deadly Poison"],"picked":"SKIP","floor":177},{"not_picked":["All Out Attack+1","Poisoned Stab+1","Cloak And Dagger"],"picked":"SKIP","floor":180},{"not_picked":["Slice+1","Reflex","Backflip+1"],"picked":"SKIP","floor":182},{"not_picked":["Flying Knee+1","Poison Darts","Deflect"],"picked":"SKIP","floor":183},{"not_picked":["ReplayTheSpireMod:Exploit Weakness+1","Deadly Poison","Tactician"],"picked":"SKIP","floor":184},{"not_picked":["Flying Knee+1","Bane+1","Noxious Fumes"],"picked":"SKIP","floor":188}],"player_experience":220350,"relics_obtained":[{"floor":6.0,"key":"Tiny Chest"},{"floor":7.0,"key":"Smiling Mask"},{"floor":9.0,"key":"hubris:AncientText"},{"floor":13.0,"key":"Replay:Towering Pillar of Hats"},{"floor":22.0,"key":"Shuriken"},{"floor":23.0,"key":"Replay:Mystery Machine"},{"floor":26.0,"key":"Replay:Wax Seal"},{"floor":37.0,"key":"Unceasing Top"},{"floor":38.0,"key":"Molten Egg 2"},{"floor":43.0,"key":"infinitespire:Bottled Soul"},{"floor":55.0,"key":"hubris:DuctTape"},{"floor":60.0,"key":"hubris:OldNail"},{"floor":62.0,"key":"Bag of Marbles"},{"floor":75.0,"key":"Juzu Bracelet"},{"floor":77.0,"key":"ReplayTheSpireMod:Shallot"},{"floor":79.0,"key":"Onion Ring"},{"floor":87.0,"key":"Pondfish Scales"},{"floor":91.0,"key":"Replay:Bottled Snecko"},{"floor":94.0,"key":"Oddly Smooth Stone"},{"floor":95.0,"key":"Shovel"},{"floor":100.0,"key":"Boot"},{"floor":106.0,"key":"Bronze Scales"},{"floor":108.0,"key":"infinitespire:BottledMercury"},{"floor":110.0,"key":"Replay:Bandana"},{"floor":111.0,"key":"White Beast Statue"},{"floor":113.0,"key":"Anchor"},{"floor":114.0,"key":"Vajra"},{"floor":117.0,"key":"infinitespire:Lychee Nut"},{"floor":123.0,"key":"ReplayTheSpireMod:Lightbulb"},{"floor":125.0,"key":"Snake Skull"},{"floor":127.0,"key":"Thread and Needle"},{"floor":128.0,"key":"hubris:Metronome"},{"floor":129.0,"key":"Happy Flower"},{"floor":132.0,"key":"hubris:CrystalStatue"},{"floor":134.0,"key":"Ancient Tea Set"},{"floor":139.0,"key":"infinitespire:PuzzleCube"},{"floor":142.0,"key":"hubris:BottledRain"},{"floor":145.0,"key":"Potion Belt"},{"floor":146.0,"key":"Centennial Puzzle"},{"floor":151.0,"key":"Replay:Ringing Soul"},{"floor":157,"key":"hubris:MysteriousPyramids"},{"floor":159,"key":"Du-Vu Doll"},{"floor":162,"key":"infinitespire:Eraser"},{"floor":166,"key":"Nunchaku"},{"floor":168,"key":"Dead Branch"},{"floor":172,"key":"hubris:SlimyHat"},{"floor":179,"key":"ReplayTheSpireMod:TigerMarble"},{"floor":181,"key":"Pantograph"},{"floor":183,"key":"Replay:Kaleidoscope"},{"floor":185,"key":"Eternal Feather"},{"floor":187,"key":"Dream Catcher"},{"floor":187,"key":"hubris:Reverence"},{"floor":187,"key":"Lizard Tail"}],"event_choices":[{"damage_healed":0.0,"max_hp_gain":0.0,"max_hp_loss":0.0,"gold_gain":275.0,"event_name":"Golden Shrine","player_choice":"Desecrate","floor":4.0,"gold_loss":0.0,"damage_taken":0.0,"cards_obtained":["Regret"]},{"damage_healed":0.0,"max_hp_gain":0.0,"max_hp_loss":0.0,"gold_gain":30.0,"event_name":"Dead Adventurer","player_choice":"Searched \u00272\u0027 times","floor":7.0,"gold_loss":0.0,"damage_taken":0.0},{"damage_healed":0.0,"max_hp_gain":0.0,"max_hp_loss":0.0,"gold_gain":0.0,"event_name":"Match and Keep!","player_choice":"2 cards matched","floor":12.0,"gold_loss":0.0,"damage_taken":0.0,"cards_obtained":["Phantasmal Killer","Neutralize"]},{"damage_healed":0.0,"max_hp_gain":0.0,"max_hp_loss":0.0,"gold_gain":0.0,"event_name":"Forgotten Altar","player_choice":"Smashed Altar","floor":31.0,"gold_loss":0.0,"damage_taken":0.0,"cards_obtained":["Decay"]},{"damage_healed":0.0,"max_hp_gain":0.0,"max_hp_loss":0.0,"gold_gain":0.0,"event_name":"Mysterious Sphere","player_choice":"Fight","floor":37.0,"gold_loss":0.0,"damage_taken":0.0},{"cards_removed":["Defend_G"],"damage_healed":0.0,"max_hp_gain":0.0,"max_hp_loss":0.0,"gold_gain":0.0,"event_name":"Designer","player_choice":"Upgrade and Remove","floor":46.0,"gold_loss":90.0,"damage_taken":0.0,"cards_upgraded":["Defend_G"]},{"damage_healed":72.0,"max_hp_gain":0.0,"max_hp_loss":10.0,"gold_gain":0.0,"event_name":"The Moai Head","player_choice":"Heal","floor":48.0,"gold_loss":0.0,"damage_taken":0.0},{"damage_healed":0.0,"max_hp_gain":0.0,"max_hp_loss":0.0,"gold_gain":75.0,"event_name":"Golden Wing","player_choice":"Gained Gold","floor":65.0,"gold_loss":0.0,"damage_taken":0.0},{"damage_healed":0.0,"max_hp_gain":0.0,"max_hp_loss":0.0,"gold_gain":0.0,"event_name":"Ghosts","player_choice":"Ignored","floor":80.0,"gold_loss":0.0,"damage_taken":0.0},{"damage_healed":0.0,"max_hp_gain":0.0,"max_hp_loss":0.0,"gold_gain":0.0,"event_name":"Mysterious Sphere","player_choice":"Fight","floor":87.0,"gold_loss":0.0,"damage_taken":0.0},{"damage_healed":0.0,"max_hp_gain":0.0,"max_hp_loss":0.0,"gold_gain":0.0,"event_name":"Accursed Blacksmith","player_choice":"Forge","floor":98.0,"gold_loss":0.0,"damage_taken":0.0,"cards_upgraded":["infinitespire:FutureSight"]},{"damage_healed":0.0,"max_hp_gain":0.0,"max_hp_loss":0.0,"gold_gain":0.0,"event_name":"Accursed Blacksmith","player_choice":"Forge","floor":104.0,"gold_loss":0.0,"damage_taken":0.0,"cards_upgraded":["Storm of Steel"]},{"damage_healed":18.0,"max_hp_gain":0.0,"max_hp_loss":0.0,"gold_gain":0.0,"event_name":"Mushrooms","player_choice":"Healed and dodged fight","floor":107.0,"gold_loss":0.0,"damage_taken":0.0,"cards_obtained":["Parasite"]},{"damage_healed":0.0,"max_hp_gain":0.0,"max_hp_loss":0.0,"gold_gain":0.0,"event_name":"Dead Adventurer","player_choice":"Searched \u00271\u0027 times","floor":110.0,"gold_loss":0.0,"damage_taken":0.0},{"damage_healed":0.0,"max_hp_gain":0.0,"max_hp_loss":0.0,"gold_gain":99.0,"event_name":"Nest","player_choice":"Stole From Cult","floor":130.0,"gold_loss":0.0,"damage_taken":0.0},{"cards_removed":["Parasite","ReplayTheSpireMod:Doomed"],"damage_healed":0.0,"max_hp_gain":0.0,"max_hp_loss":0.0,"gold_gain":0.0,"event_name":"Fountain of Cleansing","player_choice":"Removed Curses","floor":131.0,"gold_loss":0.0,"damage_taken":0.0},{"damage_healed":0.0,"max_hp_gain":0.0,"max_hp_loss":0.0,"gold_gain":0.0,"event_name":"Match and Keep!","player_choice":"2 cards matched","floor":147.0,"gold_loss":0.0,"damage_taken":0.0,"cards_obtained":["Neutralize","Blade Dance"]},{"damage_healed":0,"gold_gain":0,"player_choice":"Healed and dodged fight","damage_taken":0,"max_hp_gain":0,"max_hp_loss":0,"event_name":"Mushrooms","floor":156,"gold_loss":0,"cards_obtained":["Parasite"]},{"cards_removed":["Neutralize"],"damage_healed":0,"gold_gain":0,"player_choice":"Gave Gold","damage_taken":0,"max_hp_gain":0,"max_hp_loss":0,"event_name":"Beggar","floor":174,"gold_loss":75}],"is_beta":false,"boss_relics":[{"not_picked":["ChewingGum","Philosopher\u0027s Stone"],"picked":"Replay:Grab Bag"},{"not_picked":["hubris:VirtuousBlindfold","hubris:GrandSneckoEye"],"picked":"Sozu"},{"not_picked":["Velvet Choker","Cursed Key"],"picked":"ReplayTheSpireMod:DimensionalGlitch"},{"not_picked":["Pandora\u0027s Box","Empty Cage"],"picked":"hubris:ScarierMask"},{"not_picked":["SacredBark","hubris:BlackHole"],"picked":"Runic Pyramid"},{"not_picked":["Honey Jar","Runic Dome"],"picked":"Tiny House"},{"not_picked":["Kintsugi","Snecko Eye"],"picked":"Fusion Hammer"},{"not_picked":["Velvet Choker","Pandora\u0027s Box"],"picked":"Philosopher\u0027s Stone"},{"not_picked":["Honey Jar","Runic Dome"],"picked":"hubris:Backtick"},{"not_picked":["hubris:VirtuousBlindfold","hubris:HollowSoul"],"picked":"Ring of Chaos"},{"not_picked":["Snecko Eye","Honey Jar"],"picked":"hubris:GrandSneckoEye"},{"not_picked":["hubris:CrackedHourglass","Painkiller Herb"],"picked":"SlaversCollar"},{"not_picked":["HoveringKite","infinitespire:Cupcake"],"picked":"Cursed Key"},{"not_picked":["Pandora\u0027s Box","infinitespire:Cupcake"],"picked":"HoveringKite"},{"not_picked":["Honey Jar","Kintsugi"],"picked":"Calling Bell"}],"items_purged_floors":[27,36,140,149,173],"is_endless":true,"potions_floor_spawned":[1,2,3,10,13,14,20,23,25,30,33,35,37,45,56,61,62,72,78,79,86,93,96,101,103,105,112,113,115,116,118,120,125,126,127,133,135,137,141,143,144,146,150,152,154,159,163,165,169,171,177,180,182,183,184,186,188,189],"killed_by":"Nightmare_Alpha","ascension_level":0}}