{"host":"phzz6vgtixj4nwio","time":1608301491,"event":{"mods":["BaseMod","GifTheSpireLib","Minty Spire (QoL Compilation)","StSLib","The Animator"],"gold_per_floor":[111,140,140,152,117,117,147,159,159,159,159,170,53,53,53,151,151,175,175,175,188,188,188,214,227,227,244,279,344,394,427,427,523,523,538,588,607,707,757,757,788,838,838,852,902,902,921,990,990,990,990,990,9,42,42],"floor_reached":56,"playtime":4707,"items_purged":[],"score":1384,"play_id":"dd283a72-e3ef-447e-8fac-322d0fe5d98b","local_time":"20201218142451","is_ascension_mode":false,"campfire_choices":[{"floor":6,"key":"RECALL"},{"data":"animator:GoblinSlayer","floor":15,"key":"SMITH"},{"data":"animator:EmiyaShirou","floor":23,"key":"SMITH"},{"floor":32,"key":"REST"},{"data":"animator:HigakiRinne","floor":40,"key":"SMITH"},{"data":"animator:HighElfArcher","floor":46,"key":"SMITH"},{"data":"animator:Spearman","floor":49,"key":"SMITH"},{"data":"animator:SwordMaiden","floor":52,"key":"SMITH"}],"circlet_count":0,"master_deck":["animator:Strike_GoblinSlayer+1","animator:Defend_GoblinSlayer","animator:Defend","animator:LizardPriest","animator:DwarfShaman+1","animator:Spearman+1","animator:CowGirl","animator:GoblinSlayer+1","animator:CowGirl","animator:Spearman","animator:Priestess+1","animator:EmiyaShirou+1","animator:HighElfArcher+1","animator:SwordMaiden+1","animator:DwarfShaman","animator:HigakiRinne+1","CurseOfTheBell","animator:CowGirl","animator:IzunaHatsuse","animator:CowGirl+1","animator:LizardPriest","animator:Archer+1"],"relics":["animator:LivingPicture","animator:TheMissingPiece","Tiny Chest","Sundial","Pear","animator:CerealBox","animator:RacePiece","Bronze Scales","SsserpentHead","animator:OldCoffin","Whetstone","animator:WornHelmet","Calling Bell","The Courier","animator:EngravedStaff","Anchor","FossilizedHelix","Boot","Pantograph","Omamori","War Paint","InkBottle","Strawberry","Incense Burner","animator:BattleDrones","Centennial Puzzle"],"acts_visited":["Exordium","TheCity","TheBeyond","TheEnding"],"potions_floor_usage":[2,16,16,24,28,33,38,47,50,54,54,55,55],"damage_taken":[{"damage":0,"enemies":"Cultist","floor":1,"turns":5},{"damage":0,"enemies":"Jaw Worm","floor":2,"turns":5},{"damage":2,"enemies":"2 Louse","floor":4,"turns":4},{"damage":7,"enemies":"Lots of Slimes","floor":7,"turns":5},{"damage":1,"enemies":"Looter","floor":8,"turns":4},{"damage":8,"enemies":"3 Louse","floor":12,"turns":3},{"damage":20,"enemies":"The Guardian","floor":16,"turns":8},{"damage":14,"enemies":"2 Thieves","floor":18,"turns":4},{"damage":0,"enemies":"Spheric Guardian","floor":21,"turns":1},{"damage":17,"enemies":"Book of Stabbing","floor":24,"turns":5},{"damage":0,"enemies":"Centurion and Healer","floor":25,"turns":5},{"damage":10,"enemies":"Snecko","floor":27,"turns":5},{"damage":7,"enemies":"Shelled Parasite and Fungi","floor":28,"turns":4},{"damage":9,"enemies":"3 Cultists","floor":29,"turns":5},{"damage":43,"enemies":"Slavers","floor":31,"turns":7},{"damage":0,"enemies":"Champ","floor":33,"turns":10},{"damage":0,"enemies":"3 Darklings","floor":35,"turns":5},{"damage":0,"enemies":"Orb Walker","floor":37,"turns":4},{"damage":16,"enemies":"Mind Bloom Boss Battle","floor":38,"turns":5},{"damage":0,"enemies":"Giant Head","floor":41,"turns":6},{"damage":0,"enemies":"3 Darklings","floor":44,"turns":8},{"damage":1,"enemies":"Sphere and 2 Shapes","floor":47,"turns":5},{"damage":0,"enemies":"Maw","floor":48,"turns":6},{"damage":28,"enemies":"Time Eater","floor":50,"turns":10},{"damage":0,"enemies":"Shield and Spear","floor":54,"turns":6},{"damage":46,"enemies":"The Heart","floor":55,"turns":8}],"seed_played":"4179220230392285055","potions_obtained":[{"floor":2,"key":"Fruit Juice"},{"floor":4,"key":"Dexterity Potion"},{"floor":8,"key":"Strength Potion"},{"floor":12,"key":"Weak Potion"},{"floor":21,"key":"SpeedPotion"},{"floor":25,"key":"PowerPotion"},{"floor":29,"key":"FairyPotion"},{"floor":33,"key":"FearPotion"},{"floor":37,"key":"animator:FalseLifePotion"},{"floor":38,"key":"SpeedPotion"},{"floor":44,"key":"Regen Potion"},{"floor":54,"key":"LiquidMemories"}],"is_trial":false,"path_per_floor":["M","M","$","M","?","R","M","M","T","?","T","M","$","?","R","B",null,"M","?","T","M","?","R","E","M","T","M","M","M","T","E","R","B",null,"M","?","M","?","?","R","E","T","T","M","?","R","M","M","R","B",null,"R","$","E","B",null],"character_chosen":"THE_ANIMATOR","items_purchased":["animator:CerealBox","War Paint","InkBottle","Strawberry","Incense Burner","animator:BattleDrones","PowerPotion","DistilledChaos"],"campfire_rested":1,"item_purchase_floors":[13,53,53,53,53,53,53,53],"current_hp_per_floor":[66,71,71,70,72,72,65,64,64,64,74,66,66,63,75,55,82,68,82,82,83,83,83,66,66,66,56,49,40,40,24,48,48,83,83,83,83,67,67,67,67,67,67,67,67,67,80,80,80,55,83,83,90,91,45],"gold":42,"neow_bonus":"RANDOM_COMMON_RELIC","is_daily":false,"chose_seed":false,"campfire_upgraded":6,"win_rate":0.0,"timestamp":1608301491,"path_taken":["M","M","?","M","?","R","M","M","T","?","?","M","?","?","R","BOSS","M","?","?","?","?","R","E","M","T","M","M","?","?","E","R","BOSS","M","?","M","?","?","R","E","?","T","M","?","R","M","?","R","BOSS","R","$","E","BOSS"],"items_purchased_type":["Relic","Relic","Relic","Relic","Relic","Relic","Potion","Potion"],"build_version":"2020-12-13","purchased_purges":0,"victory":true,"max_hp_per_floor":[66,71,71,72,72,72,72,72,72,72,82,82,82,82,82,82,82,82,82,82,83,83,83,83,83,83,83,83,83,83,83,83,83,83,83,83,83,83,83,83,83,83,83,83,83,83,83,83,83,83,83,83,90,91,91],"card_choices":[{"not_picked":["animator:Gillette","animator:Mikaela","animator:Shinoa"],"picked":"SKIP","floor":1},{"not_picked":["animator:DolaStephanie","animator:Sora"],"picked":"animator:Spearman","floor":2},{"not_picked":["animator:SakuraMatou","animator:AcuraAkari"],"picked":"animator:CowGirl","floor":4},{"not_picked":["animator:GuildGirl","animator:Witch"],"picked":"animator:GoblinSlayer","floor":7},{"not_picked":["animator:Alexander","animator:ShinjiMatou","animator:Gillette"],"picked":"SKIP","floor":8},{"not_picked":["animator:Caster","animator:Viivi","animator:Yoichi"],"picked":"SKIP","floor":12},{"not_picked":["animator:Guy","animator:DolaSchwi"],"picked":"animator:EmiyaShirou","floor":18},{"not_picked":["animator:LizardPriest","animator:Spearman"],"picked":"animator:HighElfArcher","floor":21},{"not_picked":["animator:Lancer","animator:Mikaela","animator:Viivi"],"picked":"SKIP","floor":24},{"not_picked":["animator:TsurugaMeisai+1","animator:Yoichi","animator:Shigure"],"picked":"SKIP","floor":25},{"not_picked":["animator:Assassin","animator:DolaRiku","animator:Azekura"],"picked":"SKIP","floor":27},{"not_picked":["animator:Priestess","animator:LizardPriest"],"picked":"animator:SwordMaiden","floor":28},{"not_picked":["animator:Yoichi","animator:Emonzaemon","animator:Nanami+1"],"picked":"SKIP","floor":29},{"not_picked":["animator:Fredrika","animator:Shizu"],"picked":"animator:DwarfShaman","floor":31},{"not_picked":["animator:Shiro","animator:Guren"],"picked":"animator:HigakiRinne","floor":33},{"not_picked":["animator:Gillette+1","animator:HiiragiShinya","animator:Vesta+1"],"picked":"SKIP","floor":35},{"not_picked":["animator:HighElfArcher","animator:Priestess"],"picked":"animator:CowGirl","floor":37},{"not_picked":["animator:Yoichi","animator:Rider+1"],"picked":"animator:IzunaHatsuse","floor":41},{"not_picked":["animator:Illya","animator:DolaSchwi+1","animator:ChaikaTrabant"],"picked":"SKIP","floor":44},{"not_picked":["animator:Shuna","animator:DolaCouronne+1","animator:Mikaela"],"picked":"SKIP","floor":47},{"not_picked":["animator:CowGirl","animator:DwarfShaman"],"picked":"animator:LizardPriest","floor":48},{"not_picked":["animator:Nanami","animator:CrowleyEusford+1"],"picked":"animator:Archer+1","floor":54}],"player_experience":569780,"relics_obtained":[{"floor":9,"key":"Sundial"},{"floor":11,"key":"Pear"},{"floor":20,"key":"Bronze Scales"},{"floor":24,"key":"animator:OldCoffin"},{"floor":26,"key":"Whetstone"},{"floor":31,"key":"animator:WornHelmet"},{"floor":34,"key":"The Courier"},{"floor":34,"key":"animator:EngravedStaff"},{"floor":34,"key":"Anchor"},{"floor":38,"key":"FossilizedHelix"},{"floor":41,"key":"Boot"},{"floor":42,"key":"Pantograph"},{"floor":43,"key":"Omamori"},{"floor":54,"key":"Centennial Puzzle"}],"event_choices":[{"damage_healed":18,"gold_gain":0,"player_choice":"Healed","damage_taken":0,"max_hp_gain":0,"max_hp_loss":0,"event_name":"The Cleric","floor":5,"gold_loss":35},{"cards_removed":["animator:Strike"],"damage_healed":0,"gold_gain":0,"player_choice":"Purged","damage_taken":0,"max_hp_gain":0,"max_hp_loss":0,"event_name":"Purifier","floor":10,"gold_loss":0},{"cards_removed":["animator:Strike"],"damage_healed":0,"gold_gain":0,"player_choice":"Card Removal","damage_taken":7,"max_hp_gain":0,"max_hp_loss":0,"event_name":"Golden Wing","floor":14,"gold_loss":0},{"damage_healed":27,"gold_gain":0,"player_choice":"Heal","damage_taken":0,"max_hp_gain":0,"max_hp_loss":0,"event_name":"The Library","floor":19,"gold_loss":0},{"damage_healed":0,"gold_gain":0,"player_choice":"Trade","damage_taken":0,"relics_obtained":["SsserpentHead"],"max_hp_gain":0,"max_hp_loss":0,"event_name":"FaceTrader","floor":22,"gold_loss":0},{"damage_healed":0,"gold_gain":0,"player_choice":"Ignored","damage_taken":0,"max_hp_gain":0,"max_hp_loss":0,"event_name":"Tomb of Lord Red Mask","floor":36,"gold_loss":0},{"damage_healed":0,"gold_gain":0,"player_choice":"Fight","damage_taken":0,"max_hp_gain":0,"max_hp_loss":0,"event_name":"MindBloom","floor":38,"gold_loss":0},{"damage_healed":0,"gold_gain":0,"player_choice":"Ignored","damage_taken":0,"max_hp_gain":0,"max_hp_loss":0,"event_name":"Mysterious Sphere","floor":39,"gold_loss":0},{"damage_healed":0,"gold_gain":0,"player_choice":"Copied","damage_taken":0,"max_hp_gain":0,"max_hp_loss":0,"event_name":"Duplicator","floor":45,"gold_loss":0,"cards_obtained":["animator:CowGirl"]}],"is_beta":false,"boss_relics":[{"not_picked":["Coffee Dripper","Ectoplasm"],"picked":"animator:RacePiece"},{"not_picked":["animator:CursedBlade","Sozu"],"picked":"Calling Bell"}],"items_purged_floors":[],"is_endless":false,"potions_floor_spawned":[2,4,8,12,21,25,29,33,37,38,44,54],"ascension_level":0}}