{"host":"4e7ld00gewa6mlu4","time":1608303369,"event":{"mods":["2.2 Compatiblity","Act Like it!","BaseMod","Conspire","Downfall","Hubris","Infinite Spire","Jedi Mod","Minty Spire (QoL Compilation)","Practice Mode","Quick Restart","Random Character Button","Random Character Mod","Replay The Spire","Shop Mod","StSLib"],"gold_per_floor":[99,117,42,58,84,84,154,167,195,120,120,131,146,172,184,282,282,282,297,324,344,357,386,386,404,329,357,357,357,367,19,38,133,133,133,147,175,7,23,23,49,49,64,91,101,113,138,152,162,162,162,193,10,10,10],"floor_reached":56,"playtime":40041,"items_purged":["champ:Strike"],"score":1409,"play_id":"781d0425-3501-4caa-ad24-b8e40843f0ee","local_time":"20201218095609","is_ascension_mode":true,"campfire_choices":[{"floor":1.0,"key":"RECALL"},{"data":"champ:Taunt","floor":3.0,"key":"SMITH"},{"data":"champ:RisingSlash","floor":6.0,"key":"SMITH"},{"data":"champ:ArenaPreparation","floor":10.0,"key":"SMITH"},{"data":"champ:HoldFirm","floor":18.0,"key":"SMITH"},{"data":"champ:AdrenalArmor","floor":26.0,"key":"SMITH"},{"data":"champ:Encircle","floor":35.0,"key":"SMITH"},{"data":"champ:BringItOn","floor":42,"key":"SMITH"},{"data":"champ:Backstep","floor":54,"key":"SMITH"}],"circlet_count":0,"master_deck":["champ:Strike","champ:Strike","champ:Strike","champ:Defend","champ:Defend","champ:Defend","champ:Defend+1","champ:Execute","champ:Taunt+1","champ:RisingSlash+1","champ:ArenaPreparation+1","champ:AdrenalArmor+1","champ:FanOfKnives","champ:AdrenalArmor+1","champ:HoldFirm+1","champ:EndlessRage","champ:BringItOn+1","champ:Encircle+1","champ:BerserkersShout","champ:Lariat","champ:Backstep+1","champ:HeartStrike"],"relics":["champ:ChampionCrown","downfall:HeartBlessingRed","infinitespire:FocusingShard","infinitespire:Broken Mirror","Pen Nib","downfall:HeartBlessingGreen","Torii","hubris:RunicObelisk","conspire:Dentures","Replay:WaspNest","downfall:HeartBlessingBlue","Strawberry","Nilry\u0027s Codex","infinitespire:ShieldingShard","Ring of Chaos","Toy Ornithopter","jedi:shrinkray","Lantern","infinitespire:Golems Mask","hubris:TinFlute","ReplayTheSpireMod:Lightbulb","infinitespire:PuzzleCube","Replay:Baseball"],"acts_visited":[],"potions_floor_usage":[55],"damage_taken":[{"damage":5.0,"enemies":"conspire:RoseBush","floor":2.0,"turns":4.0},{"damage":7.0,"enemies":"2 Louse","floor":4.0,"turns":2.0},{"damage":33.0,"enemies":"Replay:BlueRogue","floor":5.0,"turns":8.0},{"damage":7.0,"enemies":"Jaw Worm","floor":8.0,"turns":2.0},{"damage":36.0,"enemies":"Gremlin Nob","floor":9.0,"turns":4.0},{"damage":11.0,"enemies":"2 Fungi Beasts","floor":12.0,"turns":3.0},{"damage":5.0,"enemies":"Red Slaver","floor":13.0,"turns":3.0},{"damage":50.0,"enemies":"conspire:MimicChest","floor":14.0,"turns":4.0},{"damage":14.0,"enemies":"Exordium Wildlife","floor":15.0,"turns":3.0},{"damage":75.0,"enemies":"downfall:Defect","floor":16.0,"turns":8.0},{"damage":31.0,"enemies":"3 Byrds","floor":19.0,"turns":3.0},{"damage":23.0,"enemies":"conspire:Head Lice","floor":20.0,"turns":4.0},{"damage":7.0,"enemies":"Shell Parasite","floor":21.0,"turns":3.0},{"damage":82.0,"enemies":"Centurion and Healer","floor":22.0,"turns":6.0},{"damage":48.0,"enemies":"Gremlin Leader","floor":23.0,"turns":7.0},{"damage":37.0,"enemies":"Cultist and Chosen","floor":25.0,"turns":4.0},{"damage":48.0,"enemies":"Slavers","floor":27.0,"turns":3.0},{"damage":32.0,"enemies":"3 Cultists","floor":30.0,"turns":3.0},{"damage":22.0,"enemies":"downfall:FleeingMerchant","floor":31.0,"turns":4.0},{"damage":27.0,"enemies":"Shelled Parasite and Fungi","floor":32.0,"turns":3.0},{"damage":62.0,"enemies":"downfall:Watcher","floor":33.0,"turns":5.0},{"damage":42.0,"enemies":"Orb Walker","floor":36.0,"turns":3.0},{"damage":102.0,"enemies":"Giant Head","floor":37.0,"turns":6.0},{"damage":44.0,"enemies":"downfall:FleeingMerchant","floor":38.0,"turns":4.0},{"damage":46.0,"enemies":"3 Shapes","floor":39.0,"turns":6.0},{"damage":0,"enemies":"downfall:FleeingMerchant","floor":43,"turns":1},{"damage":53,"enemies":"R_Hoarder","floor":44,"turns":7},{"damage":62,"enemies":"Transient","floor":45,"turns":5},{"damage":77,"enemies":"Maw","floor":46,"turns":5},{"damage":52,"enemies":"Writhing Mass","floor":48,"turns":4},{"damage":64,"enemies":"Transient","floor":49,"turns":5},{"damage":94,"enemies":"downfall:Ironclad","floor":50,"turns":9},{"damage":74,"enemies":"downfall:CharBossMerchant","floor":52,"turns":7},{"damage":209,"enemies":"downfall:NeowBoss","floor":55,"turns":19}],"seed_played":"-8761944822340874251","potions_obtained":[{"floor":9.0,"key":"SteroidPotion"},{"floor":14.0,"key":"Energy Potion"},{"floor":15.0,"key":"Weak Potion"},{"floor":19.0,"key":"Ancient Potion"},{"floor":22.0,"key":"Strength Potion"}],"is_trial":false,"path_per_floor":["R","M","R","M","E","R","T","M","E","R","?","M","M","?","M","B",null,"R","M","E","M","M","E","T","M","R","E","?","?","M","$","M","B",null,"R","M","E","$","M","?","T","R","$","E","M","M","T","M","M","B",null,"E","$","R","B",null],"character_chosen":"THE_CHAMP","items_purchased":["infinitespire:ShieldingShard","jedi:shrinkray","infinitespire:Golems Mask","champ:HeartStrike","Replay:Baseball"],"campfire_rested":0,"item_purchase_floors":[31,38,43,53,53],"current_hp_per_floor":[90,90,90,88,75,75,75,74,52,52,52,52,52,52,52,6,90,90,90,90,90,90,90,90,90,100,94,78,78,78,78,79,97,107,107,107,107,107,112,112,112,112,112,117,117,117,117,117,116,117,117,117,117,117,117],"gold":10,"neow_bonus":"THREE_CARDS","is_daily":false,"chose_seed":false,"campfire_upgraded":8,"win_rate":0.0,"timestamp":1608303369,"path_taken":["R","M","R","M","E","R","T","M","E","R","?","M","M","?","M","BOSS","R","M","E","M","M","E","T","M","R","E","?","?","M","$","M","BOSS","R","M","E","$","M","?","T","R","$","E","M","M","?","?","M","BOSS","E","$","R","BOSS"],"items_purchased_type":["Relic","Relic","Relic","Card","Relic"],"build_version":"2020-12-13","purchased_purges":1,"victory":true,"max_hp_per_floor":[90,90,90,90,90,90,90,90,90,90,90,90,90,90,90,90,90,90,90,90,90,90,90,90,90,100,107,107,107,107,107,107,107,107,107,107,107,107,112,112,112,112,112,117,117,117,117,117,117,117,117,117,117,117,117],"card_choices":[{"not_picked":["champ:Shatter","champ:HeartStrike"],"picked":"champ:RisingSlash","floor":0.0},{"not_picked":["champ:ShieldSigil","champ:Circumvent","champ:BladeFlurry"],"picked":"SKIP","floor":2.0},{"not_picked":["champ:ArenaPreparation","champ:GutPunch","champ:PerfectedStrike"],"picked":"SKIP","floor":4.0},{"not_picked":["champ:ShieldSigil","champ:CrownThrow","champ:LastStand"],"picked":"SKIP","floor":5.0},{"not_picked":["champ:StanceDance","champ:PerfectedStrike"],"picked":"champ:GladiatorsShout","floor":8.0},{"not_picked":["champ:ShieldSigil","champ:Circumvent"],"picked":"champ:ArenaPreparation","floor":9.0},{"not_picked":["champ:GutPunch","champ:PreciseThrust"],"picked":"champ:AdrenalArmor","floor":12.0},{"not_picked":["champ:TornadoPunch","champ:PreciseThrust"],"picked":"champ:FanOfKnives","floor":13.0},{"not_picked":["champ:PerfectedStrike","champ:DefensiveStyle"],"picked":"champ:AdrenalArmor","floor":14.0},{"not_picked":["champ:ShieldWall","champ:LastStand","champ:StanceDance"],"picked":"SKIP","floor":15.0},{"not_picked":["champ:Devastate","champ:HeavySlash"],"picked":"champ:HoldFirm","floor":16.0},{"not_picked":["champ:Circumvent+1","champ:EnGarde","champ:DefensiveShout"],"picked":"SKIP","floor":19.0},{"not_picked":["champ:TornadoPunch","champ:BringItOn"],"picked":"champ:EndlessRage","floor":20.0},{"not_picked":["champ:CrookedStrike","champ:FlashCut+1","champ:PerfectedStrike"],"picked":"SKIP","floor":21.0},{"not_picked":["champ:FalseCounter","champ:SwordSigil"],"picked":"champ:BringItOn","floor":22.0},{"not_picked":["champ:StrikeOfGenius","champ:SwordSigil","champ:DefensiveShout+1"],"picked":"SKIP","floor":23.0},{"not_picked":["champ:Encircle","champ:FaceSlap","champ:ShieldSigil+1"],"picked":"SKIP","floor":25.0},{"not_picked":["champ:GutPunch","champ:FaceSlap","champ:RecklessLeap+1"],"picked":"SKIP","floor":27.0},{"not_picked":["champ:GutPunch","champ:FalseCounter","champ:PerfectedStrike"],"picked":"SKIP","floor":30.0},{"not_picked":["champ:BladeFlurry","champ:CrookedStrike","champ:DefensiveShout+1"],"picked":"SKIP","floor":31.0},{"not_picked":["champ:RisingSlash+1","champ:GladiatorsShout"],"picked":"champ:Encircle","floor":32.0},{"not_picked":["champ:FlashCut","champ:DefensiveShout+1"],"picked":"champ:BerserkersShout","floor":36.0},{"not_picked":["champ:BerserkersShout","champ:DefensiveShout"],"picked":"champ:FightOn","floor":37.0},{"not_picked":["champ:EndlessRage+1","champ:Backstep+1","champ:ViciousMockery"],"picked":"SKIP","floor":38.0},{"not_picked":["champ:FocusedGladiator","champ:CrookedStrike","champ:BringItOn+1"],"picked":"SKIP","floor":39.0},{"not_picked":["champ:RecklessLeap","champ:PerfectForm"],"picked":"champ:FightOn","floor":43},{"not_picked":["champ:EnGarde+1","champ:Encircle","champ:Shatter"],"picked":"SKIP","floor":44},{"not_picked":["champ:Duel","champ:RageSigil"],"picked":"champ:Lariat","floor":45},{"not_picked":["champ:PerfectedStrike+1","champ:RecklessLeap+1","champ:BerserkersShout"],"picked":"SKIP","floor":46},{"not_picked":["champ:StanceDance","champ:Lariat"],"picked":"champ:Backstep","floor":48},{"not_picked":["champ:ShieldSigil+1","champ:EnGarde","champ:Circumvent+1"],"picked":"SKIP","floor":49},{"not_picked":["champ:FlashCut","champ:Circumvent+1","champ:EndlessRage"],"picked":"SKIP","floor":52}],"player_experience":942683,"relics_obtained":[{"floor":5.0,"key":"infinitespire:FocusingShard"},{"floor":7.0,"key":"infinitespire:Broken Mirror"},{"floor":9.0,"key":"Pen Nib"},{"floor":14.0,"key":"Torii"},{"floor":20.0,"key":"conspire:Dentures"},{"floor":23.0,"key":"Replay:WaspNest"},{"floor":27.0,"key":"Strawberry"},{"floor":28.0,"key":"Nilry\u0027s Codex"},{"floor":37.0,"key":"Toy Ornithopter"},{"floor":41.0,"key":"Lantern"},{"floor":44,"key":"hubris:TinFlute"},{"floor":47,"key":"ReplayTheSpireMod:Lightbulb"},{"floor":52,"key":"infinitespire:PuzzleCube"}],"event_choices":[{"damage_healed":0.0,"max_hp_gain":0.0,"max_hp_loss":0.0,"gold_gain":0.0,"event_name":"Upgrade Shrine","player_choice":"Upgraded","floor":29.0,"gold_loss":0.0,"damage_taken":0.0,"cards_upgraded":["champ:AdrenalArmor"]},{"cards_removed":["champ:GladiatorsShout"],"damage_healed":0.0,"max_hp_gain":0.0,"max_hp_loss":0.0,"gold_gain":0.0,"event_name":"Falling","player_choice":"Removed Skill","floor":40.0,"gold_loss":0.0,"damage_taken":0.0}],"is_beta":false,"boss_relics":[{"not_picked":["champ:ChampionCrownUpgraded","ReplayTheSpireMod:DimensionalGlitch"],"picked":"hubris:RunicObelisk"},{"not_picked":["SacredBark","Cursed Key"],"picked":"Ring of Chaos"}],"items_purged_floors":[31],"is_endless":false,"potions_floor_spawned":[9,14,15,19,22,27,32,33,37,39,46,52],"ascension_level":1}}