{"host":"sv2o2io561l6x04h","time":1608277260,"event":{"mods":["BaseMod","Bestiary","Better Altar","Better Match","Better Note","Better Sensory Stone","Colored Map","Conspire","Custom Start","DeckTracker","Highlight Path","Hubris","Minty Spire (QoL Compilation)","Replay The Spire","Shop Mod","StSLib","The Runesmith"],"gold_per_floor":[118,137,25,39,53,53,104,104,104,4,23,23,34,48,48,143,143,163,38,58,76,76,76,38,38,61,90,118,130,50,63,63,166,166,178,196,196,196,216,216,231,81,149,149,169,169,169],"floor_reached":46,"playtime":4386,"items_purged":["Runesmith:Superposition","Runesmith:Strike_RS","Runesmith:CraftFirestone","Runesmith:Strike_RS+1"],"score":434,"play_id":"05926cd1-0785-46c3-a84a-bbdf35fd718d","local_time":"20201218024100","is_ascension_mode":false,"campfire_choices":[{"data":"Runesmith:Firestorm","floor":6,"key":"SMITH"},{"data":"Runesmith:CraftMagma","floor":8,"key":"SMITH"},{"data":"Runesmith:Grindstone","floor":12,"key":"SMITH"},{"data":"Runesmith:LithiumIon","floor":15,"key":"SMITH"},{"data":"Runesmith:CraftMagma","floor":23,"key":"SMITH"},{"data":"Runesmith:Firestorm","floor":25,"key":"SMITH"},{"floor":32,"key":"REST"},{"floor":40,"key":"REST"},{"data":"Runesmith:MetallurgicalResearch","floor":44,"key":"SMITH"}],"circlet_count":0,"master_deck":["Runesmith:Strike_RS+1","Runesmith:Defend_RS","Runesmith:Defend_RS","Runesmith:Defend_RS","Runesmith:Fortify","Runesmith:BackupBattery","Runesmith:CraftMagma+1","Runesmith:Grindstone+1","Runesmith:Firestorm+1","Runesmith:Attraction","Runesmith:LithiumIon+1","Runesmith:Duplicate","Runesmith:CraftMagma+1","Runesmith:Firestorm+1","Runesmith:Empowerment","Runesmith:CreatorForm","Runesmith:LithiumIon","Runesmith:RuneHurl+1","Runesmith:MetallurgicalResearch+1","Runesmith:Grindstone"],"relics":["Runesmith:CoreCrystal","Whetstone","Happy Flower","Replay:Kaleidoscope","ReplayTheSpireMod:Lightbulb","hubris:Stopwatch","hubris:Icosahedron","hubris:Towel","Garlic"],"acts_visited":["Exordium","TheCity","TheBeyond"],"potions_floor_usage":[5,20,20,21,21,31,36],"damage_taken":[{"damage":0,"enemies":"Cultist","floor":1,"turns":4},{"damage":2,"enemies":"conspire:RoseBush","floor":2,"turns":1},{"damage":0,"enemies":"Jaw Worm","floor":4,"turns":5},{"damage":1,"enemies":"3 Louse","floor":5,"turns":5},{"damage":5,"enemies":"Looter","floor":11,"turns":3},{"damage":0,"enemies":"conspire:2 RoseBushes","floor":13,"turns":4},{"damage":0,"enemies":"3 Louse","floor":14,"turns":4},{"damage":19,"enemies":"Slime Boss","floor":16,"turns":7},{"damage":5,"enemies":"Shell Parasite","floor":18,"turns":5},{"damage":20,"enemies":"3 Byrds","floor":20,"turns":5},{"damage":1,"enemies":"Shelled Parasite and Fungi","floor":21,"turns":4},{"damage":7,"enemies":"conspire:MimicChest","floor":27,"turns":6},{"damage":19,"enemies":"conspire:SneckoGhost","floor":28,"turns":7},{"damage":3,"enemies":"Sentry and Sphere","floor":29,"turns":4},{"damage":0,"enemies":"conspire:HollyBat","floor":31,"turns":5},{"damage":18,"enemies":"Collector","floor":33,"turns":8},{"damage":10,"enemies":"Orb Walker","floor":35,"turns":5},{"damage":29,"enemies":"3 Shapes","floor":36,"turns":6},{"damage":16,"enemies":"3 Darklings","floor":39,"turns":5},{"damage":6,"enemies":"Spire Growth","floor":41,"turns":5},{"damage":19,"enemies":"Maw","floor":45,"turns":5},{"damage":4,"enemies":"Giant Head","floor":46,"turns":1}],"seed_played":"-8151109709640859115","potions_obtained":[{"floor":2,"key":"BlessingOfTheForge"},{"floor":4,"key":"Adrenaline Potion"},{"floor":13,"key":"Adrenaline Potion"},{"floor":18,"key":"AttackPotion"},{"floor":20,"key":"Explosive Potion"},{"floor":29,"key":"Energy Potion"},{"floor":35,"key":"Energy Potion"},{"floor":45,"key":"SteroidPotion"}],"is_trial":false,"path_per_floor":["M","M","$","M","M","R","T","R","T","$","M","R","M","M","R","B",null,"M","$","M","M","?","R","$","R","T","?","E","M","$","M","R","B",null,"M","M","?","?","M","R","M","$","T","R","M","E"],"character_chosen":"RUNESMITH_CLASS","items_purchased":["Runesmith:Firestorm","Runesmith:Firestorm","Runesmith:LithiumIon"],"campfire_rested":2,"item_purchase_floors":[3,24,30],"current_hp_per_floor":[63,61,61,61,60,60,60,60,60,60,55,55,55,55,55,36,63,58,58,38,37,37,37,37,37,37,30,11,8,8,8,26,8,63,53,24,24,24,8,26,20,20,20,20,1,0,0],"gold":169,"neow_bonus":"TRANSFORM_TWO_CARDS","is_daily":false,"chose_seed":false,"campfire_upgraded":7,"win_rate":0.0,"timestamp":1608277260,"path_taken":["M","M","$","M","M","R","?","R","T","$","M","R","M","M","R","BOSS","M","$","M","M","?","R","$","R","T","?","E","M","?","M","R","BOSS","M","M","?","?","M","R","M","$","T","R","M","E"],"items_purchased_type":["Card","Card","Card"],"build_version":"2020-12-13","purchased_purges":4,"victory":false,"max_hp_per_floor":[63,63,63,63,63,63,63,63,63,63,63,63,63,63,63,63,63,63,63,63,63,63,63,63,63,63,63,63,63,63,63,63,63,63,63,63,63,63,63,63,63,63,63,63,63,63,63],"card_choices":[{"not_picked":["Runesmith:Grindstone","Runesmith:Discharge"],"picked":"Runesmith:CraftMagma","floor":1},{"not_picked":["Runesmith:NanitesCloud","Runesmith:HeatedChisel"],"picked":"Runesmith:Grindstone","floor":2},{"not_picked":["Runesmith:ShiftingStrike","Runesmith:UnstableHammer","Runesmith:Repurpose"],"picked":"SKIP","floor":4},{"not_picked":["Runesmith:LightningRod","Runesmith:StaticCage","Runesmith:UnstableHammer"],"picked":"SKIP","floor":5},{"not_picked":["Runesmith:HammerTime","Runesmith:Electrocute"],"picked":"Runesmith:Attraction","floor":11},{"not_picked":["Runesmith:Prism","Runesmith:HeatedChisel"],"picked":"Runesmith:LithiumIon","floor":13},{"not_picked":["Runesmith:EnergizedChisel","Runesmith:StaticCage","Runesmith:ChiselStab"],"picked":"SKIP","floor":14},{"not_picked":["Runesmith:Supernova","Runesmith:ReplicatingBarrier"],"picked":"Runesmith:Duplicate","floor":16},{"not_picked":["Runesmith:Prism","Runesmith:ShiftingStrike+1"],"picked":"Runesmith:CraftMagma","floor":18},{"not_picked":["Runesmith:UnstableHammer","Runesmith:HeatedChisel","Runesmith:Reinforce"],"picked":"SKIP","floor":20},{"not_picked":["Runesmith:Superposition+1","Runesmith:ShiftingStrike","Runesmith:Accelerate"],"picked":"SKIP","floor":21},{"not_picked":["Runesmith:CraftProtectio","Runesmith:ChiselStab"],"picked":"Runesmith:Empowerment","floor":27},{"not_picked":["Runesmith:CraftIncendium","Runesmith:ChargedHammer","Runesmith:NegativeSpace+1"],"picked":"SKIP","floor":28},{"not_picked":["Runesmith:HeatExchange","Runesmith:HammerAndChisel"],"picked":"Runesmith:CreatorForm","floor":29},{"not_picked":["Runesmith:ChargedHammer","Runesmith:HeatedChisel+1","Runesmith:MakeshiftArmor"],"picked":"SKIP","floor":31},{"not_picked":["Runesmith:ChargedHammer+1","Runesmith:Reinforce","Runesmith:UnstableHammer"],"picked":"SKIP","floor":35},{"not_picked":["Runesmith:HeatedChisel+1","Runesmith:UnstableHammer"],"picked":"Runesmith:RuneHurl+1","floor":36},{"not_picked":["Runesmith:EnergizedChisel","Runesmith:ChiselStab+1","Runesmith:Superposition+1"],"picked":"SKIP","floor":39},{"not_picked":["Runesmith:Terraform","Runesmith:BackupBattery+1"],"picked":"Runesmith:MetallurgicalResearch","floor":41},{"not_picked":["Runesmith:CraftProtectio+1","Runesmith:ChaoticBlast"],"picked":"Runesmith:Grindstone","floor":45}],"player_experience":192046,"relics_obtained":[{"floor":7,"key":"Whetstone"},{"floor":26,"key":"Happy Flower"},{"floor":27,"key":"Replay:Kaleidoscope"},{"floor":28,"key":"ReplayTheSpireMod:Lightbulb"},{"floor":43,"key":"Garlic"}],"event_choices":[{"cards_removed":["Runesmith:Defend_RS"],"damage_healed":0,"gold_gain":0,"player_choice":"Give","damage_taken":0,"max_hp_gain":0,"max_hp_loss":0,"event_name":"betterNote:BetterNote","floor":22,"gold_loss":0,"cards_obtained":["Runesmith:Defend_RS"]}],"is_beta":false,"boss_relics":[{"not_picked":["hubris:HollowSoul","Astrolabe"],"picked":"Runesmith:CoreCrystal"},{"not_picked":["Kintsugi","Calling Bell"],"picked":"hubris:Stopwatch"}],"items_purged_floors":[3,10,19,42],"is_endless":false,"potions_floor_spawned":[2,4,13,18,20,29,35,45],"killed_by":"Giant Head","ascension_level":0}}