{"host":"brnfk772nsb90w3t","time":1608271195,"event":{"mods":["AchievementEnabler","BaseMod","Colored Powertips","Downfall","Highlight Path","Minty Spire (QoL Compilation)","Quick Restart","Shop Mod","StSLib","SuperFastMode"],"gold_per_floor":[99,128,128,141,141,141,167,167,80,106,122,122,135,310,320,422,472,397,408,437,448,448,464,491,510,545,545,561,397,414,432,444,547,547,547,565,591,591,603,603,603,623,656,656,672,689,55,55,71,71],"floor_reached":51,"playtime":4269,"items_purged":["Slimebound:Strike_Slimebound"],"score":811,"play_id":"167c8afd-7cdc-4ff9-8f04-526fe21fa5ea","local_time":"20201218135955","is_ascension_mode":false,"campfire_choices":[{"data":"Slimebound:CorrosiveSpit","floor":1.0,"key":"SMITH"},{"data":"Slimebound:Split","floor":3.0,"key":"SMITH"},{"floor":5.0,"key":"REST"},{"data":"Slimebound:PrepareCrush","floor":18.0,"key":"SMITH"},{"floor":27,"key":"REST"},{"data":"Slimebound:MassRepurpose","floor":35,"key":"SMITH"},{"floor":44,"key":"REST"}],"circlet_count":0,"master_deck":["Slimebound:Tackle","Slimebound:Defend_Slimebound","Slimebound:Defend_Slimebound","Slimebound:Defend_Slimebound+1","Slimebound:Defend_Slimebound","Slimebound:Split+1","Slimebound:CorrosiveSpit+1","Slimebound:ProtectTheBoss+1","Slimebound:SplitAcid","Slimebound:LeechEnergy","Slimebound:LevelUp","Slimebound:SamplingLick","Slimebound:RollThrough","Slimebound:SplitMire","Doubt","Slimebound:SlimeSpikes","Slimebound:PrepareCrush+1","Slimebound:SplitLeeching","Slimebound:SpikyOuterGoop","Slimebound:LeadByExample+1","Slimebound:SplitBruiser","Slimebound:SplitBruiser","Slimebound:MegaLick","Slimebound:MassRepurpose+1","Slimebound:Prepare+1","Slimebound:MassFeed","Slimebound:ViciousTackle+1","Slimebound:Gluttony+1","expansioncontent:DecasProtection"],"relics":["Slimebound:AbsorbEndCombatUpgraded","Strawberry","Centennial Puzzle","Meat on the Bone","Tiny House","downfall:HeartBlessingGreen","Regal Pillow","Blood Vial","Bag of Preparation","Happy Flower","Thread and Needle","Singing Bowl","Ice Cream","InkBottle","Orrery","Bag of Marbles"],"acts_visited":["Exordium","TheCity","TheBeyond"],"potions_floor_usage":[37,37,43,43,49,50],"damage_taken":[{"damage":44.0,"enemies":"3 Sentries","floor":2.0,"turns":10.0},{"damage":13.0,"enemies":"Small Slimes","floor":4.0,"turns":3.0},{"damage":12.0,"enemies":"downfall:FleeingMerchant","floor":9.0,"turns":4.0},{"damage":31.0,"enemies":"Gremlin Nob","floor":10.0,"turns":5.0},{"damage":12.0,"enemies":"Cultist","floor":11.0,"turns":2.0},{"damage":13.0,"enemies":"Jaw Worm","floor":13.0,"turns":3.0},{"damage":5.0,"enemies":"3 Louse","floor":15.0,"turns":2.0},{"damage":94.0,"enemies":"downfall:Defect","floor":16.0,"turns":9.0},{"damage":19.0,"enemies":"Shell Parasite","floor":19.0,"turns":5.0},{"damage":56.0,"enemies":"Gremlin Leader","floor":20.0,"turns":7.0},{"damage":12.0,"enemies":"Chosen","floor":21.0,"turns":5.0},{"damage":16.0,"enemies":"Snecko","floor":23.0,"turns":4.0},{"damage":45,"enemies":"Sentry and Sphere","floor":25,"turns":5},{"damage":65,"enemies":"Slavers","floor":26,"turns":5},{"damage":46,"enemies":"Centurion and Healer","floor":28,"turns":6},{"damage":28,"enemies":"downfall:FleeingMerchant","floor":29,"turns":4},{"damage":33,"enemies":"3 Cultists","floor":30,"turns":6},{"damage":45,"enemies":"Cultist and Chosen","floor":31,"turns":5},{"damage":34,"enemies":"Snake Plant","floor":32,"turns":3},{"damage":49,"enemies":"downfall:Ironclad","floor":33,"turns":8},{"damage":39,"enemies":"3 Darklings","floor":36,"turns":5},{"damage":56,"enemies":"Reptomancer","floor":37,"turns":5},{"damage":20,"enemies":"3 Shapes","floor":39,"turns":4},{"damage":32,"enemies":"Maw","floor":42,"turns":7},{"damage":99,"enemies":"Nemesis","floor":43,"turns":9},{"damage":67,"enemies":"4 Shapes","floor":45,"turns":6},{"damage":53,"enemies":"3 Darklings","floor":46,"turns":8},{"damage":32,"enemies":"downfall:FleeingMerchant","floor":47,"turns":4},{"damage":30,"enemies":"Jaw Worm Horde","floor":49,"turns":3},{"damage":43,"enemies":"downfall:Watcher","floor":50,"turns":7}],"seed_played":"-9008324823688454446","potions_obtained":[{"floor":2.0,"key":"FairyPotion"},{"floor":4.0,"key":"Block Potion"},{"floor":15.0,"key":"Ancient Potion"},{"floor":17.0,"key":"PowerPotion"},{"floor":19.0,"key":"SkillPotion"},{"floor":37,"key":"hexamod:EctoCoolerPotion"},{"floor":39,"key":"Swift Potion"},{"floor":45,"key":"ColorlessPotion"}],"is_trial":false,"path_per_floor":["R","E","R","M","R","?","T","?","$","E","M","?","M","?","M","B",null,"R","M","E","M","?","M","T","M","E","R","M","$","M","M","M","B",null,"R","M","E","?","M","?","T","M","E","R","M","M","$","?","M","B",null],"character_chosen":"SLIMEBOUND","items_purchased":["Slimebound:LevelUp","Happy Flower","InkBottle","Orrery","Bag of Marbles"],"campfire_rested":3,"item_purchase_floors":[9,29,47,47,47],"current_hp_per_floor":[66,35,35,32,53,53,53,53,57,42,56,56,59,59,62,25,78,78,76,58,66,66,70,70,59,28,66,60,56,61,54,52,45,78,78,81,63,63,77,77,77,83,46,85,58,61,81,81,97,110],"gold":71,"neow_bonus":"TEN_PERCENT_HP_BONUS","is_daily":false,"chose_seed":false,"campfire_upgraded":4,"win_rate":0.0,"timestamp":1608271195,"path_taken":["R","E","R","M","R","?","T","?","$","E","?","?","M","?","M","BOSS","R","M","E","M","?","M","T","M","E","R","M","$","?","M","M","BOSS","R","M","E","?","?","?","T","M","E","R","M","M","$","?","M","BOSS"],"items_purchased_type":["Card","Relic","Relic","Relic","Relic"],"build_version":"2020-12-13","purchased_purges":1,"victory":true,"max_hp_per_floor":[66,73,73,73,73,73,73,73,73,73,73,73,73,73,73,73,78,78,78,78,78,78,78,78,78,78,78,78,78,78,78,78,78,78,78,81,81,81,81,81,81,83,85,85,90,92,102,102,110,110],"card_choices":[{"not_picked":["Slimebound:SlimeBrawl","Slimebound:DouseInSlime"],"picked":"Slimebound:ProtectTheBoss","floor":2.0},{"not_picked":["Slimebound:GoopSpray","Slimebound:LeechingTouch"],"picked":"Slimebound:SplitAcid","floor":4.0},{"not_picked":["Slimebound:Nibble","Slimebound:HauntingLick"],"picked":"Slimebound:LeechEnergy","floor":9.0},{"not_picked":["Slimebound:AcidTongue","Slimebound:Chomp"],"picked":"Slimebound:SamplingLick","floor":10.0},{"not_picked":["Slimebound:Dissolve","Slimebound:Nibble"],"picked":"Slimebound:RollThrough","floor":11.0},{"not_picked":["Slimebound:PressTheAttack","Slimebound:DuplicatedForm"],"picked":"Slimebound:SplitMire","floor":13.0},{"not_picked":["Slimebound:SlimeBrawl","Slimebound:LeechEnergy"],"picked":"Slimebound:SlimeSpikes","floor":15.0},{"not_picked":["Slimebound:MinionMaster","Slimebound:OneTwoCombo"],"picked":"Slimebound:PrepareCrush","floor":16.0},{"not_picked":["Slimebound:SplitAcid","Slimebound:Schlurp"],"picked":"Slimebound:SplitLeeching","floor":17.0},{"not_picked":["Slimebound:SamplingLick","Slimebound:ProtectTheBoss+1"],"picked":"Slimebound:SpikyOuterGoop","floor":19.0},{"not_picked":["Slimebound:RainOfGoop","Slimebound:RollThrough"],"picked":"Slimebound:LeadByExample+1","floor":20.0},{"not_picked":["Slimebound:SplitLeeching","Slimebound:Schlurp"],"picked":"Slimebound:SplitBruiser","floor":21.0},{"not_picked":["Slimebound:BestDefense","Slimebound:Replication+1"],"picked":"Slimebound:SplitBruiser","floor":23.0},{"not_picked":["Slimebound:SlimeSpikes","Slimebound:SplitLeeching"],"picked":"Slimebound:MegaLick","floor":25},{"not_picked":["Slimebound:LeechingTouch","Slimebound:GrowthPunch","Slimebound:PressTheAttack"],"picked":"SKIP","floor":26},{"not_picked":["Slimebound:DisruptingSlam","Slimebound:GoopSpray"],"picked":"Slimebound:Prepare","floor":28},{"not_picked":["Slimebound:HauntingLick+1","Slimebound:PressTheAttack"],"picked":"Slimebound:MassRepurpose","floor":29},{"not_picked":["Slimebound:Schlurp","Slimebound:PressTheAttack","Slimebound:GrowthPunch"],"picked":"SKIP","floor":30},{"not_picked":["Slimebound:LeechEnergy+1","Slimebound:FinishingTackle","Slimebound:LeechingTouch"],"picked":"SKIP","floor":31},{"not_picked":["Slimebound:ProtectTheBoss","Slimebound:Replication"],"picked":"Slimebound:Prepare+1","floor":32},{"not_picked":["Slimebound:DuplicatedForm","Slimebound:PrepareCrush"],"picked":"Slimebound:MassFeed","floor":33},{"not_picked":["Slimebound:SplitMire+1","Slimebound:SlimeSpikes+1","Slimebound:SplitLeeching+1"],"picked":"SKIP","floor":36},{"not_picked":["Slimebound:ItLooksTasty+1","Slimebound:Schlurp+1","Slimebound:PressTheAttack+1"],"picked":"SKIP","floor":37},{"not_picked":["Slimebound:ComboTackle","Slimebound:RollThrough"],"picked":"Slimebound:ViciousTackle+1","floor":39},{"not_picked":["Slimebound:SplitMire","Slimebound:ComboTackle","Slimebound:ItLooksTasty"],"picked":"Singing Bowl","floor":42},{"not_picked":["Slimebound:PrepareCrush","Slimebound:LeechEnergy+1","Slimebound:SlimeSpikes"],"picked":"Singing Bowl","floor":43},{"not_picked":["Slimebound:PressTheAttack","Slimebound:SplitAcid+1","Slimebound:LivingWall+1"],"picked":"Singing Bowl","floor":45},{"not_picked":["Slimebound:ViciousTackle","Slimebound:SplitMire+1","Slimebound:GoopSpray"],"picked":"Singing Bowl","floor":46},{"not_picked":["Slimebound:RejuvenatingLick","Slimebound:GoopTackle+1","Slimebound:SamplingLick"],"picked":"Singing Bowl","floor":47},{"not_picked":["Slimebound:RainOfGoop","Slimebound:SamplingLick+1"],"picked":"Slimebound:Gluttony+1","floor":47},{"not_picked":["Slimebound:BestDefense+1","Slimebound:GoopSpray+1","Slimebound:Chomp"],"picked":"Singing Bowl","floor":47},{"not_picked":["Slimebound:Prepare","Slimebound:OneTwoCombo","Slimebound:ViciousTackle+1"],"picked":"Singing Bowl","floor":47},{"not_picked":["Slimebound:ItLooksTasty","Slimebound:SlimeBarrage+1","Slimebound:FlameTackle+1"],"picked":"Singing Bowl","floor":47},{"not_picked":["Slimebound:SlimeSpikes","Slimebound:SplitLeeching+1","Slimebound:SplitBruiser+1"],"picked":"Singing Bowl","floor":47},{"not_picked":["expansioncontent:PolyBeam","expansioncontent:LastStand"],"picked":"expansioncontent:DecasProtection","floor":48},{"not_picked":["Slimebound:SlimeSpikes+1","Slimebound:GoopTackle","Slimebound:LeechEnergy+1"],"picked":"Singing Bowl","floor":49}],"player_experience":605487,"relics_obtained":[{"floor":2.0,"key":"Strawberry"},{"floor":7.0,"key":"Centennial Puzzle"},{"floor":10.0,"key":"Meat on the Bone"},{"floor":20.0,"key":"Regal Pillow"},{"floor":24.0,"key":"Blood Vial"},{"floor":26,"key":"Bag of Preparation"},{"floor":37,"key":"Thread and Needle"},{"floor":41,"key":"Singing Bowl"},{"floor":43,"key":"Ice Cream"}],"event_choices":[{"cards_removed":["Slimebound:Strike_Slimebound"],"damage_healed":0.0,"max_hp_gain":0.0,"max_hp_loss":0.0,"gold_gain":0.0,"event_name":"The Cleric","player_choice":"Card Removal","floor":6.0,"gold_loss":0.0,"damage_taken":0.0},{"damage_healed":0.0,"max_hp_gain":0.0,"max_hp_loss":0.0,"gold_gain":0.0,"event_name":"Upgrade Shrine","player_choice":"Upgraded","floor":8.0,"gold_loss":0.0,"damage_taken":0.0,"cards_upgraded":["Slimebound:ProtectTheBoss"]},{"damage_healed":0,"gold_gain":0,"player_choice":"Ignored","damage_taken":0,"max_hp_gain":0,"max_hp_loss":0,"event_name":"NoteForYourself","floor":38,"gold_loss":0},{"cards_removed":["Slimebound:Prepare"],"damage_healed":0,"gold_gain":0,"player_choice":"Removed Skill","damage_taken":0,"max_hp_gain":0,"max_hp_loss":0,"event_name":"Falling","floor":40,"gold_loss":0}],"is_beta":false,"boss_relics":[{"not_picked":["Coffee Dripper","Ectoplasm"],"picked":"Tiny House"},{"not_picked":["Runic Pyramid","SacredBark"],"picked":"Slimebound:AbsorbEndCombatUpgraded"}],"items_purged_floors":[47],"is_endless":false,"potions_floor_spawned":[2,4,15,19,20,23,31,33,37,39,45],"ascension_level":0}}