{"host":"vqd8yewason9t24a","time":1608311956,"event":{"mods":["AchievementEnabler","Act Like it!","Aspiration","BaseMod","Better Match","Better Note","BetterRewards","Block Reminder","Card Forge","Colored Map","Colored Powertips","Conspire","DeckTracker","Downfall","Energized Spire","Friendly Minions","Highlight Path","Hubris","Infinite Spire","Minty Spire (QoL Compilation)","Quick Restart","READ ME - Guardian Mod","Rare Cards Sparkle","Relic Stats","Replay The Spire","Spikes Relics","StSLib","SuperFastMode"],"gold_per_floor":[99,374,399,399,399,56,82,7,7,7,0,0,10,29,42,142,142,67,67,77,106,106,106,160,174,187,220,244,244,262,285,306,413,413,338,338,135,162,182,182,232,262,284,284,321,432,125,145,163,171,171,206,206,206,232],"floor_reached":56,"playtime":8965,"items_purged":[],"score":1115,"play_id":"afaf9e72-ffa1-49e9-aaa1-17a7c98a4f1a","local_time":"20201218091916","is_ascension_mode":false,"campfire_choices":[{"floor":1.0,"key":"RECALL"},{"floor":8.0,"key":"REST"},{"floor":10.0,"key":"REST"},{"floor":18.0,"key":"REST"},{"floor":22.0,"key":"REST"},{"floor":35.0,"key":"REST"},{"floor":40.0,"key":"REST"},{"floor":44.0,"key":"REST"},{"floor":54,"key":"REST"}],"circlet_count":0,"master_deck":["Slimebound:Strike_Slimebound","Slimebound:Strike_Slimebound","Slimebound:Strike_Slimebound","Slimebound:Tackle+1","Slimebound:Defend_Slimebound","Slimebound:Defend_Slimebound","Slimebound:Defend_Slimebound","Slimebound:Defend_Slimebound","Slimebound:Split+1","Slimebound:CorrosiveSpit+1","Slimebound:LivingWall+1","Slimebound:RollThrough+1","Slimebound:RejuvenatingLick+1","Slimebound:Schlurp+1","hubris:Fate+1","Slimebound:SamplingLick+1","Slimebound:SlimeSpikes+1","Slimebound:SlimeSlap+1","Slimebound:RejuvenatingLick+1","Slimebound:OneTwoCombo+1","Slimebound:ViciousTackle+1","Slimebound:SplitSpecialist+1","Slimebound:GrowthPunch+1","Slimebound:SplitMire+1","Slimebound:SamplingLick+1","Slimebound:PressTheAttack+1","Slimebound:Gluttony+1","Slimebound:MassFeed+1","Static Discharge+1","Streamline+1","Sadistic Nature+1","Consume+1","Slimebound:RejuvenatingLick+1","Ball Lightning+1","Slimebound:SamplingLick+1","Conserve Battery+1","Capacitor+1","Slimebound:MassFeed+1","Crystallizer+1","Consume+1","Slimebound:HauntingLick+1","Slimebound:SplitSpecialist+1"],"relics":["Slimebound:AbsorbEndCombat","Hammer of Thor","Seething Fire","Anvil of the Gods","downfall:HeartsMalice","Eternal Feather","hubris:Icosahedron","Simple Rune","infinitespire:Lucky Rock","downfall:HeartBlessingBlue","conspire:RoyalGoblet","downfall:HeartBlessingRed","infinitespire:Midas Blood","Replay:Rubber Ducky","MealTicket","aspiration:DefectSkillbook","downfall:HeartBlessingGreen","infinitespire:Beetle Shell","Centennial Puzzle","aspiration:HiddenCompartment","conspire:TopHat","Lizard Tail","BlackRope","infinitespire:Broken Mirror"],"acts_visited":["Exordium","TheCity","TheBeyond","TheEnding"],"potions_floor_usage":[55,55],"damage_taken":[{"damage":0.0,"enemies":"Replay:BlueRogue","floor":3.0,"turns":1.0},{"damage":0.0,"enemies":"Jaw Worm","floor":4.0,"turns":1.0},{"damage":0.0,"enemies":"downfall:FleeingMerchant","floor":6.0,"turns":1.0},{"damage":8.0,"enemies":"downfall:FleeingMerchant","floor":11.0,"turns":4.0},{"damage":8.0,"enemies":"Cultist","floor":13.0,"turns":2.0},{"damage":2.0,"enemies":"conspire:RoseBush","floor":14.0,"turns":2.0},{"damage":10.0,"enemies":"conspire:2 RoseBushes","floor":15.0,"turns":3.0},{"damage":0.0,"enemies":"downfall:Defect","floor":16.0,"turns":1.0},{"damage":8.0,"enemies":"conspire:FuzzyDice","floor":20.0,"turns":2.0},{"damage":20.0,"enemies":"Slavers","floor":21.0,"turns":2.0},{"damage":14.0,"enemies":"Shell Parasite","floor":25.0,"turns":2.0},{"damage":4.0,"enemies":"Centurion and Healer","floor":26.0,"turns":2.0},{"damage":3.0,"enemies":"Book of Stabbing","floor":27.0,"turns":2.0},{"damage":23.0,"enemies":"conspire:HollyBat","floor":28.0,"turns":8.0},{"damage":0.0,"enemies":"Sentry and Sphere","floor":30.0,"turns":3.0},{"damage":8.0,"enemies":"Snake Plant","floor":31.0,"turns":4.0},{"damage":4.0,"enemies":"Cultist and Chosen","floor":32.0,"turns":4.0},{"damage":17.0,"enemies":"downfall:Ironclad","floor":33.0,"turns":4.0},{"damage":12.0,"enemies":"downfall:FleeingMerchant","floor":37.0,"turns":2.0},{"damage":41.0,"enemies":"3 Darklings","floor":38.0,"turns":3.0},{"damage":14.0,"enemies":"Orb Walker","floor":39.0,"turns":2.0},{"damage":4.0,"enemies":"R_Hoarder","floor":42.0,"turns":6.0},{"damage":27.0,"enemies":"Jaw Worm Horde","floor":43.0,"turns":4.0},{"damage":12.0,"enemies":"conspire:MimicChest","floor":45.0,"turns":2.0},{"damage":4.0,"enemies":"4 Shapes","floor":48.0,"turns":3.0},{"damage":0.0,"enemies":"Sphere and 2 Shapes","floor":49.0,"turns":3.0},{"damage":21.0,"enemies":"downfall:Silent","floor":50.0,"turns":5.0},{"damage":8.0,"enemies":"downfall:CharBossMerchant","floor":52.0,"turns":3.0},{"damage":101,"enemies":"downfall:NeowBoss","floor":55,"turns":22}],"seed_played":"5223391818247445462","potions_obtained":[{"floor":3.0,"key":"Slimebound:SlimedPotion"},{"floor":13.0,"key":"Explosive Potion"},{"floor":14.0,"key":"Death Potion"}],"is_trial":false,"path_per_floor":["R","?","E","M","?","$","T","R","?","R","$","?","M","M","M","B",null,"R","?","M","E","R","?","T","M","M","E","M","?","M","M","M","B",null,"R","?","$","M","M","R","T","E","M","R","?","?","$","M","M","B",null,"E","$","R","B",null],"character_chosen":"SLIMEBOUND","items_purchased":["Simple Rune","infinitespire:Lucky Rock","Slimebound:Schlurp","infinitespire:Beetle Shell","Centennial Puzzle","Streamline","Sadistic Nature","BlackRope"],"campfire_rested":8,"item_purchase_floors":[6,6,6,37,37,37,37,47],"current_hp_per_floor":[60,60,60,60,60,60,60,70,70,70,70,73,73,73,73,73,73,73,73,73,65,73,73,73,63,73,73,70,70,73,73,73,73,73,73,73,73,51,53,73,73,73,66,73,73,73,73,73,73,61,73,73,73,73,40],"gold":232,"neow_bonus":"THREE_ENEMY_KILL","is_daily":false,"chose_seed":false,"campfire_upgraded":0,"win_rate":0.0,"timestamp":1608311956,"path_taken":["R","?","E","?","?","$","T","R","?","R","$","?","M","?","M","BOSS","R","?","M","E","R","?","T","M","M","E","M","?","?","M","M","BOSS","R","?","?","M","M","R","T","E","M","R","?","?","$","?","M","BOSS","E","$","R","BOSS"],"items_purchased_type":["Relic","Relic","Card","Relic","Relic","Card","Card","Relic"],"build_version":"2020-12-13","purchased_purges":0,"victory":true,"max_hp_per_floor":[60,60,60,60,60,60,60,70,70,70,70,73,73,73,73,73,73,73,73,73,73,73,73,73,73,73,73,73,73,73,73,73,73,73,73,73,73,73,73,73,73,73,73,73,73,73,73,73,73,73,73,73,73,73,73],"relic_stats":{"Centennial Puzzle":[27],"Lizard Tail":0,"counters":[29,95],"Eternal Feather":33,"MealTicket":0,"obtain_stats":[{"conspire:RoyalGoblet":17,"downfall:HeartBlessingRed":18,"downfall:HeartsMalice":0,"Eternal Feather":3,"downfall:HeartBlessingGreen":35,"Hammer of Thor":0,"infinitespire:Beetle Shell":37,"Seething Fire":0,"infinitespire:Lucky Rock":6,"BlackRope":47,"aspiration:HiddenCompartment":41,"conspire:TopHat":42,"Replay:Rubber Ducky":24,"Centennial Puzzle":37,"Lizard Tail":45,"hubris:Icosahedron":5,"aspiration:DefectSkillbook":34,"Anvil of the Gods":0,"downfall:HeartBlessingBlue":8,"infinitespire:Broken Mirror":52,"Simple Rune":6,"MealTicket":27,"Slimebound:AbsorbEndCombat":0,"infinitespire:Midas Blood":21},{"conspire:RoyalGoblet":8,"downfall:HeartBlessingRed":8,"downfall:HeartsMalice":0,"Eternal Feather":1,"downfall:HeartBlessingGreen":18,"Hammer of Thor":0,"infinitespire:Beetle Shell":19,"Seething Fire":0,"infinitespire:Lucky Rock":3,"BlackRope":24,"aspiration:HiddenCompartment":21,"conspire:TopHat":22,"Replay:Rubber Ducky":10,"Centennial Puzzle":19,"Lizard Tail":24,"hubris:Icosahedron":2,"aspiration:DefectSkillbook":18,"Anvil of the Gods":0,"downfall:HeartBlessingBlue":3,"infinitespire:Broken Mirror":28,"Simple Rune":3,"MealTicket":13,"Slimebound:AbsorbEndCombat":0,"infinitespire:Midas Blood":10},{"conspire:RoyalGoblet":11,"downfall:HeartBlessingRed":11,"downfall:HeartsMalice":0,"Eternal Feather":0,"downfall:HeartBlessingGreen":42,"Hammer of Thor":0,"infinitespire:Beetle Shell":44,"Seething Fire":0,"infinitespire:Lucky Rock":0,"BlackRope":61,"aspiration:HiddenCompartment":49,"conspire:TopHat":55,"Replay:Rubber Ducky":15,"Centennial Puzzle":44,"Lizard Tail":61,"hubris:Icosahedron":0,"aspiration:DefectSkillbook":42,"Anvil of the Gods":0,"downfall:HeartBlessingBlue":0,"infinitespire:Broken Mirror":73,"Simple Rune":0,"MealTicket":21,"Slimebound:AbsorbEndCombat":0,"infinitespire:Midas Blood":15}]},"card_choices":[{"not_picked":["Slimebound:RollThrough","Slimebound:GrowthPunch"],"picked":"Slimebound:LivingWall","floor":3.0},{"not_picked":["Slimebound:ServeAndProtect","Slimebound:PressTheAttack"],"picked":"Slimebound:RollThrough","floor":4.0},{"not_picked":["Slimebound:Equalize","Slimebound:SlimeTap"],"picked":"Slimebound:RejuvenatingLick","floor":6.0},{"not_picked":["ReplayTheSpireMod:Echoes of Time","infinitespire:SealOfDarkness+"],"picked":"hubris:Fate","floor":9.0},{"not_picked":["Slimebound:ForwardTackle","Slimebound:GrowthPunch"],"picked":"Slimebound:SamplingLick","floor":11.0},{"not_picked":["Slimebound:Prepare","Slimebound:SplitBruiser"],"picked":"Slimebound:SlimeSpikes","floor":13.0},{"not_picked":["Slimebound:SplitBruiser","Slimebound:DisruptingSlam"],"picked":"Slimebound:SlimeSlap","floor":14.0},{"not_picked":["Slimebound:FinishingTackle","Slimebound:SlimeSpikes"],"picked":"Slimebound:RejuvenatingLick","floor":15.0},{"not_picked":["Slimebound:DuplicatedForm","Slimebound:Teamwork"],"picked":"Slimebound:OneTwoCombo","floor":16.0},{"not_picked":["Slimebound:SplitMire","Slimebound:LivingWall"],"picked":"Slimebound:ViciousTackle","floor":20.0},{"not_picked":["Slimebound:PrepareCrush","Slimebound:FinishingTackle"],"picked":"Slimebound:SplitSpecialist+1","floor":21.0},{"not_picked":["Slimebound:Chomp","Slimebound:ViciousTackle"],"picked":"Slimebound:GrowthPunch+1","floor":25.0},{"not_picked":["Slimebound:ServeAndProtect","Slimebound:SamplingLick"],"picked":"Slimebound:SplitMire","floor":26.0},{"not_picked":["Slimebound:ViciousTackle","Slimebound:SlimeSlap"],"picked":"Slimebound:ServeAndProtect","floor":27.0},{"not_picked":["Slimebound:ComboTackle+1","Slimebound:ProtectTheBoss"],"picked":"Slimebound:SamplingLick","floor":28.0},{"not_picked":["Slimebound:ProtectTheBoss","Slimebound:ServeAndProtect"],"picked":"Slimebound:Grow+1","floor":30.0},{"not_picked":["Slimebound:Replication","Slimebound:SplitLeeching"],"picked":"Slimebound:PressTheAttack","floor":31.0},{"not_picked":["Slimebound:SplitAcid","Slimebound:LeechEnergy"],"picked":"Slimebound:Gluttony","floor":32.0},{"not_picked":["Slimebound:CheckThePlaybook","Slimebound:PrepareCrush"],"picked":"Slimebound:MassFeed","floor":33.0},{"not_picked":["Slimebound:PrepareCrush","Genetic Algorithm","Doom and Gloom"],"picked":"Static Discharge+1","floor":37.0},{"not_picked":["Slimebound:SplitLeeching+1","Self Repair","conspire:Rain"],"picked":"Consume+1","floor":38.0},{"not_picked":["Gash","conspire:Rain","Slimebound:SlimeTap"],"picked":"Slimebound:RejuvenatingLick","floor":39.0},{"not_picked":["ReplaySort","Scrape+1","BootSequence+1"],"picked":"Ball Lightning+1","floor":42.0},{"not_picked":["Coolheaded","Slimebound:FinishingTackle","Slimebound:LivingWall+1"],"picked":"Slimebound:SamplingLick+1","floor":43.0},{"not_picked":["Turbo+1","BasicCrystalCard+1","Steam+1"],"picked":"Conserve Battery+1","floor":45.0},{"not_picked":["Beam Cell","Slimebound:SplitAcid+1","Darkness+1"],"picked":"Capacitor+1","floor":46.0},{"not_picked":["Slimebound:FinishingTackle","Barrage","Reprogram"],"picked":"Slimebound:MassFeed","floor":46.0},{"not_picked":["ReplayTheSpireMod:System Scan+1","Slimebound:SlimeTap+1","Go for the Eyes+1"],"picked":"Crystallizer","floor":46.0},{"not_picked":["Cold Snap","Streamline","Redo"],"picked":"Consume+1","floor":48.0},{"not_picked":["Turbo+1","Slimebound:Chomp","Slimebound:Prepare+1"],"picked":"Slimebound:HauntingLick","floor":49.0},{"not_picked":["FIFO Queue+1","Slimebound:GoopTackle","Slimebound:SplitMire+1"],"picked":"Slimebound:SplitSpecialist+1","floor":52}],"player_experience":521175,"relics_obtained":[{"floor":3.0,"key":"Eternal Feather"},{"floor":21.0,"key":"infinitespire:Midas Blood"},{"floor":24.0,"key":"Replay:Rubber Ducky"},{"floor":27.0,"key":"MealTicket"},{"floor":41.0,"key":"aspiration:HiddenCompartment"},{"floor":42.0,"key":"conspire:TopHat"},{"floor":45.0,"key":"Lizard Tail"},{"floor":52,"key":"infinitespire:Broken Mirror"}],"event_choices":[{"cards_removed":["Slimebound:SlimeSpikes"],"damage_healed":0.0,"max_hp_gain":0.0,"max_hp_loss":0.0,"gold_gain":0.0,"event_name":"betterNote:BetterNote","player_choice":"Give","floor":19.0,"gold_loss":0.0,"damage_taken":0.0,"cards_obtained":["Slimebound:GrowthPunch"]},{"damage_healed":0.0,"max_hp_gain":0.0,"max_hp_loss":0.0,"gold_gain":0.0,"event_name":"Upgrade Shrine","player_choice":"Ignored","floor":29.0,"gold_loss":0.0,"damage_taken":0.0},{"damage_healed":0.0,"max_hp_gain":0.0,"max_hp_loss":0.0,"gold_gain":0.0,"event_name":"Upgrade Shrine","player_choice":"Ignored","floor":36.0,"gold_loss":0.0,"damage_taken":0.0}],"is_beta":false,"boss_relics":[{"not_picked":["hubris:VirtuousBlindfold","Tiny House"],"picked":"conspire:RoyalGoblet"},{"not_picked":["ChewingGum","Empty Cage"],"picked":"aspiration:DefectSkillbook"}],"items_purged_floors":[],"is_endless":false,"potions_floor_spawned":[3,13,14,15,20,21,27,28,33,39,43,48,49],"ascension_level":0}}