{"host":"r2b8ojg4o4pyvjvq","time":1608305435,"event":{"mods":["BaseMod","Colored Map","Downfall","Highlight Path","Hubris","Marisa????????","Minty Spire (QoL Compilation)","Quick Restart","Replay The Spire","StSLib","SuperFastMode"],"gold_per_floor":[116,116,116,127,140,174,174,189,189,45,64,64,90,103,103,203,253,268,268,268,279,4,4,34,34,34,64,64,64,64],"floor_reached":29,"playtime":869,"items_purged":["Strike_MRS"],"score":378,"play_id":"3b20c85c-a226-41d6-9061-b49760dd85e1","local_time":"20201218163035","is_ascension_mode":true,"campfire_choices":[{"floor":12,"key":"REST"},{"data":"EnergyFlow","floor":15,"key":"SMITH"},{"floor":23,"key":"REST"},{"floor":25,"key":"REST"}],"circlet_count":0,"master_deck":["Strike_MRS","Strike_MRS","Strike_MRS","Defend_MRS","Defend_MRS","Defend_MRS","Defend_MRS","MasterSpark+1","UpSweep","Defend_B","TreasureHunter+1","PropBag+1","EnergyFlow+1","MagicAbsorber","MeteoricShower+1","SporeBomb","Parasite","Parasite","PropBag+1","GasGiant+1","CasketOfStar","GalacticHalo","NonDirectionalLaser","MagicChant+1","Shame"],"relics":["MiniHakkero","Whetstone","Replay:Wax Seal","hubris:PeanutButter","ShroomBag","Blue Doll","Tiny House","hubris:Towel","Simple Rune","Singing Bowl","Orichalcum","ReplayTheSpireMod:TigerMarble","Toxic Egg 2","Meat on the Bone","Gremlin Horn"],"acts_visited":["Exordium","TheCity"],"potions_floor_usage":[16,27,27],"damage_taken":[{"damage":4.0,"enemies":"Jaw Worm","floor":1.0,"turns":3.0},{"damage":0.0,"enemies":"Small Slimes","floor":4.0,"turns":3.0},{"damage":6.0,"enemies":"Cultist","floor":5.0,"turns":4.0},{"damage":36,"enemies":"3 Sentries","floor":6,"turns":13},{"damage":8,"enemies":"Blue Slaver","floor":8,"turns":4},{"damage":0,"enemies":"Large Slime","floor":11,"turns":5},{"damage":0,"enemies":"2 Fungi Beasts","floor":14,"turns":3},{"damage":29,"enemies":"The Guardian","floor":16,"turns":10},{"damage":28,"enemies":"Spheric Guardian","floor":18,"turns":6},{"damage":25,"enemies":"Shell Parasite","floor":21,"turns":7},{"damage":30,"enemies":"Replay:Snechameleon","floor":24,"turns":7},{"damage":47,"enemies":"Slavers","floor":27,"turns":7},{"damage":30,"enemies":"Cultist and Chosen","floor":29,"turns":4}],"seed_played":"1750278027639453513","potions_obtained":[{"floor":6,"key":"ColorlessPotion"},{"floor":8,"key":"Energy Potion"},{"floor":11,"key":"BlessingOfTheForge"},{"floor":17,"key":"GamblersBrew"},{"floor":24,"key":"Block Potion"},{"floor":27,"key":"Strength Potion"}],"is_trial":false,"path_per_floor":["M","?","?","M","M","E","?","M","T","$","M","R","T","M","R","B",null,"M","?","?","M","$","R","E","R","T","E","?","M"],"character_chosen":"MARISA","items_purchased":["ShroomBag","MagicChant+1","Simple Rune"],"campfire_rested":3,"item_purchase_floors":[10,22,22],"current_hp_per_floor":[64,64,64,64,58,22,22,14,14,14,18,40,40,44,44,19,66,42,42,42,21,21,45,21,45,45,4,4,0,0],"gold":64,"neow_bonus":"THREE_RARE_CARDS","is_daily":false,"chose_seed":false,"campfire_upgraded":1,"win_rate":0.0,"timestamp":1608305435,"path_taken":["M","?","?","M","?","E","?","M","T","$","M","R","?","M","R","BOSS","M","?","?","M","$","R","E","R","T","E","?","M"],"items_purchased_type":["Relic","Card","Relic"],"build_version":"2020-12-13","purchased_purges":1,"victory":false,"max_hp_per_floor":[75,75,75,75,75,75,75,75,75,75,75,75,75,75,75,75,80,80,80,80,80,80,80,82,82,82,84,84,84,84],"card_choices":[{"not_picked":["BinaryStars","CollectingQuirk"],"picked":"TreasureHunter","floor":0.0},{"not_picked":["ShootingEcho","GalacticHalo"],"picked":"PropBag","floor":1.0},{"not_picked":["ShootingEcho","Acceleration"],"picked":"EnergyFlow","floor":4.0},{"not_picked":["StarBarrage","ManaConvection"],"picked":"UltimateShortwave","floor":5},{"not_picked":["SprinkleStarSeal","PowerUp"],"picked":"MagicAbsorber","floor":6},{"not_picked":["DoubleSpark","IllusionStar"],"picked":"SporeBomb","floor":8},{"not_picked":["SporeBomb","ShootingEcho"],"picked":"PropBag","floor":11},{"not_picked":["Robbery","ShootingEcho"],"picked":"GasGiant","floor":14},{"not_picked":["AbsoluteMagnitude","ManaRampage"],"picked":"CasketOfStar","floor":16},{"not_picked":["DeepEcoloBomb","EnergyFlow"],"picked":"GalacticHalo","floor":17},{"not_picked":["Acceleration","6A"],"picked":"NonDirectionalLaser","floor":18},{"not_picked":["IllusionStar","6A+1","GravityBeat"],"picked":"SKIP","floor":21},{"not_picked":["SporeBomb","Acceleration","MaximisePower"],"picked":"Singing Bowl","floor":24},{"not_picked":["IllusionStar","NonDirectionalLaser","UnstableBomb"],"picked":"Singing Bowl","floor":27}],"player_experience":457009,"relics_obtained":[{"floor":6,"key":"Whetstone"},{"floor":6,"key":"Replay:Wax Seal"},{"floor":9,"key":"hubris:PeanutButter"},{"floor":13,"key":"Blue Doll"},{"floor":24,"key":"Singing Bowl"},{"floor":26,"key":"Orichalcum"},{"floor":27,"key":"ReplayTheSpireMod:TigerMarble"}],"event_choices":[{"damage_healed":0.0,"max_hp_gain":0.0,"max_hp_loss":0.0,"gold_gain":0.0,"event_name":"Living Wall","player_choice":"Grow","floor":2.0,"gold_loss":0.0,"damage_taken":0.0,"cards_upgraded":["PropBag"]},{"cards_removed":["Defend_R"],"damage_healed":0.0,"max_hp_gain":0.0,"max_hp_loss":0.0,"gold_gain":0.0,"event_name":"Bonfire Elementals","player_choice":"Offered Basic","floor":3.0,"gold_loss":0.0,"damage_taken":0.0},{"damage_healed":0,"gold_gain":0,"player_choice":"Stole Relic","damage_taken":0,"relics_obtained":["Toxic Egg 2"],"max_hp_gain":0,"max_hp_loss":0,"event_name":"Addict","floor":28,"gold_loss":0,"cards_obtained":["Shame"]}],"is_beta":false,"boss_relics":[{"not_picked":["Empty Cage","Honey Jar"],"picked":"Tiny House"}],"items_purged_floors":[22],"is_endless":false,"potions_floor_spawned":[6,8,11,24,27],"killed_by":"Cultist and Chosen","ascension_level":9}}