{"host":"2yqfi47fogfu1ic4","time":1608281187,"event":{"mods":["AchievementEnabler","BaseMod","Colored Map","Colored Powertips","Highlight Path","Minty Spire (QoL Compilation)","Permanent Neow","Relic Stats","StSLib"],"gold_per_floor":[118,118,118,133,153,153,181,150,150,174,59,59,72,97,97,178,178,207,231,231,252,252,252,272,272,297,297,103,128,128,128],"floor_reached":30,"playtime":2108,"items_purged":["Strike_G"],"score":464,"play_id":"df7cd4b8-d112-490f-be56-9e7372850737","local_time":"20201218094627","is_ascension_mode":true,"campfire_choices":[{"data":"Footwork","floor":6,"key":"SMITH"},{"data":"Noxious Fumes","floor":12,"key":"SMITH"},{"data":"Catalyst","floor":15,"key":"SMITH"},{"data":"Catalyst","floor":23,"key":"SMITH"},{"data":"Leg Sweep","floor":25,"key":"SMITH"},{"floor":27,"key":"RECALL"}],"circlet_count":0,"master_deck":["AscendersBane","Strike_G","Strike_G","Strike_G","Strike_G","Defend_G","Defend_G","Defend_G","Defend_G","Defend_G","Survivor","Neutralize","Backflip","Leg Sweep+1","Footwork+1","Dodge and Roll","Deadly Poison","Noxious Fumes+1","PiercingWail","Catalyst+1","Corpse Explosion","Bane","Catalyst+1","Backflip+1","Poisoned Stab","Acrobatics","Footwork","Dodge and Roll"],"relics":["Runic Dome","Meat on the Bone","CeramicFish","Ornamental Fan","SlaversCollar"],"acts_visited":["Exordium","TheCity"],"potions_floor_usage":[7,24,30,30],"damage_taken":[{"damage":2,"enemies":"2 Louse","floor":1,"turns":3},{"damage":1,"enemies":"Cultist","floor":4,"turns":5},{"damage":0,"enemies":"Small Slimes","floor":5,"turns":5},{"damage":38,"enemies":"Gremlin Nob","floor":7,"turns":6},{"damage":0,"enemies":"Looter","floor":8,"turns":4},{"damage":3,"enemies":"3 Louse","floor":10,"turns":4},{"damage":2,"enemies":"Exordium Wildlife","floor":13,"turns":6},{"damage":10,"enemies":"Looter","floor":14,"turns":4},{"damage":10,"enemies":"Hexaghost","floor":16,"turns":10},{"damage":11,"enemies":"Shell Parasite","floor":18,"turns":6},{"damage":10,"enemies":"Spheric Guardian","floor":19,"turns":4},{"damage":19,"enemies":"Shelled Parasite and Fungi","floor":21,"turns":5},{"damage":13,"enemies":"Snecko","floor":24,"turns":6},{"damage":10,"enemies":"3 Cultists","floor":29,"turns":4},{"damage":32,"enemies":"Book of Stabbing","floor":30,"turns":6}],"seed_played":"-428785170972550491","potions_obtained":[{"floor":4,"key":"PowerPotion"},{"floor":10,"key":"Energy Potion"},{"floor":13,"key":"ColorlessPotion"},{"floor":16,"key":"SteroidPotion"},{"floor":21,"key":"Regen Potion"},{"floor":24,"key":"Dexterity Potion"}],"is_trial":false,"path_per_floor":["M","?","?","M","M","R","E","M","T","M","$","R","M","M","R","B",null,"M","M","?","M","?","R","M","R","T","R","$","M","E"],"character_chosen":"THE_SILENT","items_purchased":["Noxious Fumes","PiercingWail","Acrobatics","Footwork"],"campfire_rested":0,"item_purchase_floors":[11,11,28,28],"current_hp_per_floor":[57,57,57,56,56,56,30,42,42,39,39,39,37,39,39,41,60,49,39,39,32,14,14,28,28,28,28,28,30,0,0],"gold":128,"neow_bonus":"BOSS_RELIC","is_daily":false,"chose_seed":false,"campfire_upgraded":5,"win_rate":0.0,"timestamp":1608281187,"path_taken":["M","?","?","M","M","R","E","M","T","M","$","R","M","M","R","BOSS","M","?","?","M","?","R","M","R","T","R","$","M","E"],"items_purchased_type":["Card","Card","Card","Card"],"build_version":"2020-12-13","purchased_purges":1,"victory":false,"max_hp_per_floor":[66,66,66,66,66,66,66,66,66,66,66,66,66,66,66,66,66,66,66,66,66,71,71,71,71,71,71,71,71,71,71],"relic_stats":{"counters":[15,78],"Ornamental Fan":[16],"CeramicFish":117,"obtain_stats":[{"Runic Dome":0,"SlaversCollar":17,"Ornamental Fan":9,"CeramicFish":7,"Ring of the Snake":0,"Meat on the Bone":3},{"Runic Dome":0,"SlaversCollar":9,"Ornamental Fan":5,"CeramicFish":4,"Ring of the Snake":0,"Meat on the Bone":1},{"Runic Dome":0,"SlaversCollar":47,"Ornamental Fan":23,"CeramicFish":19,"Ring of the Snake":0,"Meat on the Bone":3}],"Meat on the Bone":84},"card_choices":[{"not_picked":["Dodge and Roll","Outmaneuver"],"picked":"Backflip","floor":1},{"not_picked":["Choke","Bane"],"picked":"Leg Sweep","floor":4},{"not_picked":["Dagger Throw","Well Laid Plans"],"picked":"Footwork","floor":5},{"not_picked":["Distraction","Outmaneuver","Underhanded Strike"],"picked":"SKIP","floor":7},{"not_picked":["Sucker Punch","Deflect"],"picked":"Dodge and Roll","floor":8},{"not_picked":["Concentrate","Expertise"],"picked":"Deadly Poison","floor":10},{"not_picked":["Flying Knee","Outmaneuver","Prepared"],"picked":"SKIP","floor":13},{"not_picked":["Prepared","Outmaneuver"],"picked":"Catalyst","floor":14},{"not_picked":["Envenom","Tools of the Trade"],"picked":"Corpse Explosion","floor":16},{"not_picked":["Outmaneuver+1","Dodge and Roll"],"picked":"Bane","floor":18},{"not_picked":["Crippling Poison","Slice"],"picked":"Catalyst","floor":19},{"not_picked":["Outmaneuver+1","Concentrate"],"picked":"Backflip+1","floor":21},{"not_picked":["Cloak And Dagger","PiercingWail"],"picked":"Poisoned Stab","floor":24},{"not_picked":["Slice","Flying Knee"],"picked":"Dodge and Roll","floor":29}],"player_experience":1801948,"relics_obtained":[{"floor":3,"key":"Meat on the Bone"},{"floor":7,"key":"CeramicFish"},{"floor":9,"key":"Ornamental Fan"}],"event_choices":[{"damage_healed":0,"gold_gain":0,"player_choice":"Ignored","damage_taken":0,"max_hp_gain":0,"max_hp_loss":0,"event_name":"Shining Light","floor":2,"gold_loss":0},{"damage_healed":0,"gold_gain":0,"player_choice":"Relic","damage_taken":0,"max_hp_gain":0,"max_hp_loss":0,"event_name":"Wheel of Change","floor":3,"gold_loss":0},{"damage_healed":0,"gold_gain":0,"player_choice":"Ignored","damage_taken":0,"max_hp_gain":0,"max_hp_loss":0,"event_name":"Vampires","floor":20,"gold_loss":0},{"damage_healed":0,"gold_gain":0,"player_choice":"Shed Blood","damage_taken":23,"max_hp_gain":5,"max_hp_loss":0,"event_name":"Forgotten Altar","floor":22,"gold_loss":0}],"is_beta":false,"boss_relics":[{"not_picked":["Fusion Hammer","Tiny House"],"picked":"SlaversCollar"}],"items_purged_floors":[28],"is_endless":false,"potions_floor_spawned":[4,10,13,14,16,21,24,29],"killed_by":"Book of Stabbing","ascension_level":20}}