{"host":"svab9sudlrudptws","time":1608326225,"event":{"mods":["BaseMod","Colored Powertips","Minty Spire (QoL Compilation)","Robot Space Explorer","Shade Mod","StSLib","The Blackbeard","The Mystic","The Necromancer","The Poker Player","The Servant 0.9.4"],"gold_per_floor":[109,127,127,147,157,190,211,211,211],"floor_reached":8,"playtime":872,"items_purged":[],"score":75,"play_id":"4abd1e69-3b2d-4cd6-888f-d5846f837766","local_time":"20201218231705","is_ascension_mode":true,"campfire_choices":[],"circlet_count":0,"master_deck":["Strike_S","Strike_S","Strike_S","Strike_S","Defend_S","Defend_S","Defend_S","Defend_S","KidneyShot","Exchange","GearUp","DoubleEdge","Defy","TimeWarp","TimeWarp","Potential"],"relics":["Uniform","Oddly Smooth Stone","Toy Ornithopter","Odd Mushroom"],"acts_visited":["Exordium"],"potions_floor_usage":[8],"damage_taken":[{"damage":0,"enemies":"2 Louse","floor":1,"turns":4},{"damage":1,"enemies":"Cultist","floor":2,"turns":5},{"damage":0,"enemies":"Small Slimes","floor":4,"turns":3},{"damage":0,"enemies":"2 Fungi Beasts","floor":5,"turns":4},{"damage":25,"enemies":"Lagavulin","floor":6,"turns":7},{"damage":9,"enemies":"The Mushroom Lair","floor":7,"turns":5},{"damage":31,"enemies":"3 Sentries","floor":8,"turns":8}],"seed_played":"3204716559550100202","potions_obtained":[{"floor":7,"key":"Ancient Potion"}],"is_trial":false,"path_per_floor":["M","M","?","M","M","E","?","E"],"character_chosen":"THE_SERVANT","items_purchased":[],"campfire_rested":0,"item_purchase_floors":[],"current_hp_per_floor":[59,58,58,58,58,33,24,0,0],"gold":211,"neow_bonus":"RANDOM_COMMON_RELIC","is_daily":false,"chose_seed":false,"campfire_upgraded":0,"win_rate":0.0,"timestamp":1608326225,"path_taken":["M","M","?","M","?","E","?","E"],"items_purchased_type":[],"build_version":"2020-12-13","purchased_purges":0,"victory":false,"max_hp_per_floor":[65,65,65,65,65,65,65,65,65],"card_choices":[{"not_picked":["Alleviate","Starlight","Rewind"],"picked":"SKIP","floor":1},{"not_picked":["Revamp","Rearm"],"picked":"GearUp","floor":2},{"not_picked":["Unruled","Rewind"],"picked":"Defy","floor":4},{"not_picked":["Moondial","Deny"],"picked":"TimeWarp","floor":5},{"not_picked":["BottledTime","Deny"],"picked":"TimeWarp","floor":6},{"not_picked":["Rearm","FanOfKnives"],"picked":"Potential","floor":7}],"player_experience":1604829,"relics_obtained":[{"floor":6,"key":"Toy Ornithopter"},{"floor":7,"key":"Odd Mushroom"}],"event_choices":[{"damage_healed":0,"gold_gain":0,"player_choice":"1 cards matched","damage_taken":0,"max_hp_gain":0,"max_hp_loss":0,"event_name":"Match and Keep!","floor":3,"gold_loss":0,"cards_obtained":["DoubleEdge"]},{"damage_healed":0,"gold_gain":0,"player_choice":"Fought Mushrooms","damage_taken":0,"max_hp_gain":0,"max_hp_loss":0,"event_name":"Mushrooms","floor":7,"gold_loss":0}],"is_beta":false,"boss_relics":[],"items_purged_floors":[],"is_endless":false,"potions_floor_spawned":[7],"killed_by":"3 Sentries","ascension_level":6}}