{"host":"h792lphzw6wlba86","time":1608256991,"event":{"mods":["AchievementEnabler","Aspiration","BaseMod","Better Altar","Better Match","Better Note","Better Sensory Stone","Better Skull","Better Third Choice","BetterRewards","CCEM","Colored Map","Conspire","Downfall","GifTheSpireLib","Googly Eyes","Halation","Highlight Path","Hubris","Hunter ??","Jedi Mod","Mimic Mod","Minty Spire (QoL Compilation)","Permanent Neow","Replay The Spire","Shop Mod","Spicy Shops","StSLib","Stuff the Spire","The Jungle","Unceasing Turn Reminder","everything is the same but u backflip on backflip","slay the spire mod where everything is the same but ironclad has a cowboy hat"],"gold_per_floor":[99,130,55,86,101,101,150,178,178,212,212,43,119,139,156,258,258,108,139,153,183,123,123,123,123,151,151,24,44,57,75,92,188,188,188,188,221,239,265,265,265,265,297,297,297,313,313,325,345,345,345,345,345],"floor_reached":52,"playtime":3481,"items_purged":[],"score":838,"play_id":"b4a97b88-b48a-447c-9bcc-3c227313f9bd","local_time":"20201217200311","is_ascension_mode":true,"campfire_choices":[{"floor":1.0,"key":"RECALL"},{"floor":3.0,"key":"REST"},{"data":"Slimebound:LeechEnergy","floor":6.0,"key":"SMITH"},{"data":"Slimebound:SamplingLick","floor":18.0,"key":"SMITH"},{"data":"Slimebound:RejuvenatingLick","floor":23.0,"key":"SMITH"},{"data":"Slimebound:Split","floor":25.0,"key":"SMITH"},{"data":"Slimebound:SelfFormingGoo","floor":27.0,"key":"SMITH"},{"data":"Apotheosis","floor":35.0,"key":"SMITH"},{"data":"Slimebound:LeechEnergy","floor":40,"key":"SMITH"},{"data":"Slimebound:Defend_Slimebound","floor":42,"key":"SMITH"},{"data":"Slimebound:Defend_Slimebound","floor":44,"key":"SMITH"}],"circlet_count":0,"master_deck":["Slimebound:Strike_Slimebound","Slimebound:Strike_Slimebound","Slimebound:Defend_Slimebound","Slimebound:Defend_Slimebound","Slimebound:Defend_Slimebound","Slimebound:Defend_Slimebound+1","Slimebound:Split+1","Slimebound:CorrosiveSpit","Slimebound:SamplingLick+1","Slimebound:RainOfGoop+1","Slimebound:LeechEnergy+1","Slimebound:LevelUp","Slimebound:Replication","Slimebound:AcidTongue","Slimebound:GoopSpray","Slimebound:SplitBruiser","Slimebound:RejuvenatingLick+1","Slimebound:SplitMire","Slimebound:SelfFormingGoo+1","Slimebound:LeechEnergy+1","Apotheosis+1","Slimebound:AcidTongue","Slimebound:TongueLash","Slimebound:SelfFormingGoo","Slimebound:OneTwoCombo","Slimebound:Schlurp","Slimebound:SamplingLick+1","Slimebound:Replication","Slimebound:Prepare+1","StuffTheSpire:BrainWave","Slimebound:LeechEnergy+1"],"relics":["Slimebound:AbsorbEndCombat","Darkstone Periapt","downfall:HeartBlessingRed","Simple Rune","jedi:crownofsimplicity","Replay:Baseball","StuffTheSpire:Mouthbags","halation:LettersToHer","Empty Cage","downfall:HeartBlessingGreen","downfall:HeartBlessingBlue","CCEMRelics:GrindingGear","Letter Opener","Omamori","Bronze Scales","hubris:MysteriousPyramids","hubris:ToyBattleship","Happy Flower","Replay:Bottled Snecko","Replay:Accelerometer","ReplayTheSpireMod:Ring of Collecting","ReplayTheSpireMod:Ring of Exchange"],"acts_visited":["Exordium","TheCity","TheBeyond","TheEnding"],"potions_floor_usage":[43],"damage_taken":[{"damage":42.0,"enemies":"Gremlin Nob","floor":2.0,"turns":4.0},{"damage":34.0,"enemies":"Lagavulin","floor":4.0,"turns":7.0},{"damage":4.0,"enemies":"Jaw Worm","floor":5.0,"turns":2.0},{"damage":39.0,"enemies":"Gremlin Nob","floor":8.0,"turns":4.0},{"damage":16.0,"enemies":"Replay:BlueRogue","floor":10.0,"turns":4.0},{"damage":11.0,"enemies":"downfall:FleeingMerchant","floor":12.0,"turns":4.0},{"damage":0.0,"enemies":"2 Louse","floor":14.0,"turns":1.0},{"damage":0.0,"enemies":"Cultist","floor":15.0,"turns":2.0},{"damage":40.0,"enemies":"downfall:Watcher","floor":16.0,"turns":5.0},{"damage":45.0,"enemies":"Gremlin Leader","floor":19.0,"turns":5.0},{"damage":12.0,"enemies":"Spheric Guardian","floor":20.0,"turns":2.0},{"damage":13.0,"enemies":"Book of Stabbing","floor":21.0,"turns":4.0},{"damage":44.0,"enemies":"Gremlin Leader","floor":26.0,"turns":3.0},{"damage":35.0,"enemies":"downfall:FleeingMerchant","floor":28.0,"turns":4.0},{"damage":5.0,"enemies":"Chosen","floor":29.0,"turns":2.0},{"damage":13.0,"enemies":"Snake Plant","floor":30.0,"turns":3.0},{"damage":21.0,"enemies":"3 Cultists","floor":31.0,"turns":3.0},{"damage":17.0,"enemies":"Cultist and Chosen","floor":32.0,"turns":4.0},{"damage":31.0,"enemies":"downfall:Ironclad","floor":33.0,"turns":5.0},{"damage":28,"enemies":"Reptomancer","floor":37,"turns":5},{"damage":17,"enemies":"Orb Walker","floor":38,"turns":2},{"damage":39,"enemies":"R_Hoarder","floor":39,"turns":5},{"damage":38,"enemies":"Reptomancer","floor":43,"turns":4},{"damage":20,"enemies":"3 Shapes","floor":46,"turns":2},{"damage":33,"enemies":"Spire Growth","floor":48,"turns":3},{"damage":20,"enemies":"4 Shapes","floor":49,"turns":2},{"damage":38,"enemies":"downfall:Defect","floor":50,"turns":5},{"damage":97,"enemies":"downfall:CharBossMerchant","floor":52,"turns":7}],"seed_played":"-8268476699159582593","potions_obtained":[{"floor":4.0,"key":"GamblersBrew"},{"floor":8.0,"key":"Explosive Potion"},{"floor":13.0,"key":"AttackPotion"},{"floor":13.0,"key":"EntropicBrew"},{"floor":26.0,"key":"EssenceOfSteel"},{"floor":29.0,"key":"SmokeBomb"},{"floor":38,"key":"Slimebound:SlimedPotion"},{"floor":43,"key":"ColorlessPotion"},{"floor":49,"key":"FearPotion"}],"is_trial":false,"path_per_floor":["R","E","R","E","M","R","T","E","?","E","?","$","?","M","M","B",null,"R","E","M","E","?","R","T","R","E","R","$","M","M","M","M","B",null,"R","?","E","M","E","R","T","R","E","R","?","M","?","M","M","B",null,"E"],"character_chosen":"SLIMEBOUND","items_purchased":["StuffTheSpire:Mouthbags","Apotheosis","hubris:MysteriousPyramids"],"campfire_rested":1,"item_purchase_floors":[12,28,28],"current_hp_per_floor":[60,30,48,42,50,50,50,27,27,43,43,60,60,60,60,41,60,70,62,66,70,70,70,70,70,57,57,70,70,70,70,70,70,70,70,70,70,70,70,70,70,70,67,67,67,70,63,55,63,63,63,0,0],"gold":345,"neow_bonus":"ONE_RANDOM_RARE_CARD","is_daily":false,"chose_seed":false,"campfire_upgraded":9,"win_rate":0.0,"timestamp":1608256991,"path_taken":["R","E","R","E","M","R","T","E","?","E","?","?","?","M","M","BOSS","R","E","M","E","?","R","T","R","E","R","$","M","M","M","M","BOSS","R","?","E","M","E","R","T","R","E","R","?","?","?","M","M","BOSS","E"],"items_purchased_type":["Relic","Card","Relic"],"build_version":"2020-12-13","purchased_purges":0,"victory":false,"max_hp_per_floor":[60,60,60,60,60,60,60,60,60,60,60,60,60,60,60,60,60,70,70,70,70,70,70,70,70,70,70,70,70,70,70,70,70,70,70,70,70,70,70,70,70,70,70,70,70,70,63,63,63,63,63,63,63],"card_choices":[{"not_picked":["Slimebound:FinishingTackle","Slimebound:SlimeBarrage"],"picked":"Slimebound:SamplingLick","floor":2.0},{"not_picked":["Slimebound:RejuvenatingLick","Slimebound:Dissolve"],"picked":"Slimebound:RainOfGoop","floor":4.0},{"not_picked":["Slimebound:SplitLeeching","Slimebound:Repurpose"],"picked":"Slimebound:LeechEnergy","floor":5.0},{"not_picked":["Slimebound:SlimeBrawl","Slimebound:LeechingTouch"],"picked":"Slimebound:LevelUp","floor":8.0},{"not_picked":["Slimebound:PressTheAttack","Slimebound:MinionMaster"],"picked":"Slimebound:Replication","floor":10.0},{"not_picked":["Slimebound:PrepareCrush","Slimebound:Dissolve"],"picked":"Slimebound:AcidTongue","floor":12.0},{"not_picked":["Slimebound:ComboTackle","Slimebound:LivingWall"],"picked":"Slimebound:GoopSpray","floor":13.0},{"not_picked":["Slimebound:ComboTackle","Slimebound:LeechingTouch"],"picked":"Slimebound:SplitBruiser","floor":14.0},{"not_picked":["Slimebound:Teamwork","Slimebound:Equalize"],"picked":"Slimebound:RejuvenatingLick","floor":15.0},{"not_picked":["Slimebound:DivideAndConquer","Slimebound:RollThrough","Slimebound:ComboTackle"],"picked":"SKIP","floor":19.0},{"not_picked":["Slimebound:ForwardTackle","Slimebound:GrowthPunch","Slimebound:Prepare"],"picked":"SKIP","floor":20.0},{"not_picked":["Slimebound:FinishingTackle","Slimebound:Overexert"],"picked":"Slimebound:SplitMire","floor":21.0},{"not_picked":["Slimebound:FlameTackle+1","Slimebound:ServeAndProtect+1"],"picked":"Slimebound:SelfFormingGoo","floor":26.0},{"not_picked":["Slimebound:RainOfGoop","Slimebound:DisruptingSlam"],"picked":"Slimebound:LeechEnergy","floor":28.0},{"not_picked":["Slimebound:ComboTackle","Slimebound:RollThrough"],"picked":"Slimebound:AcidTongue","floor":29.0},{"not_picked":["Slimebound:ComboTackle","Slimebound:GrowthPunch"],"picked":"Slimebound:TongueLash","floor":30.0},{"not_picked":["Slimebound:FinishingTackle","Slimebound:PressTheAttack","Slimebound:LeechEnergy"],"picked":"SKIP","floor":31.0},{"not_picked":["Slimebound:FormOfPuddle","Slimebound:FinishingTackle","Slimebound:PressTheAttack"],"picked":"SKIP","floor":32.0},{"not_picked":["Slimebound:WasteNot","Slimebound:Overexert"],"picked":"Slimebound:SelfFormingGoo","floor":33.0},{"not_picked":["Slimebound:MegaLick","Slimebound:LeechEnergy"],"picked":"Slimebound:Schlurp","floor":37},{"not_picked":["Slimebound:DivideAndConquer+1","Slimebound:PressTheAttack"],"picked":"Slimebound:SamplingLick+1","floor":38},{"not_picked":["Slimebound:ServeAndProtect+1","Slimebound:Repurpose+1"],"picked":"Slimebound:Replication","floor":39},{"not_picked":["Slimebound:GoopTackle","Slimebound:ItLooksTasty","Slimebound:ServeAndProtect+1"],"picked":"SKIP","floor":43},{"not_picked":["Slimebound:Darklings","Slimebound:AcidTongue+1"],"picked":"Slimebound:Prepare+1","floor":46},{"not_picked":["Slimebound:ViciousTackle","Slimebound:DivideAndConquer+1"],"picked":"Slimebound:LeechEnergy+1","floor":48},{"not_picked":["Slimebound:FinishingTackle","Slimebound:SplitLeeching","Slimebound:PressTheAttack+1"],"picked":"SKIP","floor":49}],"player_experience":627430,"relics_obtained":[{"floor":2.0,"key":"Darkstone Periapt"},{"floor":4.0,"key":"Simple Rune"},{"floor":8.0,"key":"jedi:crownofsimplicity"},{"floor":10.0,"key":"Replay:Baseball"},{"floor":13.0,"key":"halation:LettersToHer"},{"floor":19.0,"key":"CCEMRelics:GrindingGear"},{"floor":21.0,"key":"Letter Opener"},{"floor":24.0,"key":"halation:LettersToHer"},{"floor":24.0,"key":"Omamori"},{"floor":26.0,"key":"Bronze Scales"},{"floor":37,"key":"hubris:ToyBattleship"},{"floor":39,"key":"Happy Flower"},{"floor":41,"key":"halation:LettersToHer"},{"floor":41,"key":"Replay:Bottled Snecko"},{"floor":43,"key":"Replay:Accelerometer"},{"floor":45,"key":"ReplayTheSpireMod:Ring of Collecting"},{"floor":45,"key":"ReplayTheSpireMod:Ring of Exchange"}],"event_choices":[{"damage_healed":0.0,"max_hp_gain":0.0,"max_hp_loss":0.0,"gold_gain":0.0,"event_name":"Living Wall","player_choice":"Grow","floor":9.0,"gold_loss":0.0,"damage_taken":0.0,"cards_upgraded":["Slimebound:RainOfGoop"]},{"damage_healed":0.0,"max_hp_gain":0.0,"max_hp_loss":0.0,"gold_gain":0.0,"event_name":"conspire:LoneGhost","player_choice":"Disagree","floor":11.0,"gold_loss":0.0,"damage_taken":0.0},{"damage_healed":0.0,"max_hp_gain":0.0,"max_hp_loss":0.0,"gold_gain":0.0,"event_name":"conspire:Investor","player_choice":"Leave","floor":36.0,"gold_loss":0.0,"damage_taken":0.0}],"is_beta":false,"boss_relics":[{"not_picked":["halation:PinkAlligatorPlush","Pandora\u0027s Box"],"picked":"Empty Cage"},{"not_picked":["Ring of Chaos","Replay:Drink Me","halation:SmartPhone"]}],"items_purged_floors":[],"is_endless":false,"potions_floor_spawned":[4,8,14,15,26,29,31,32,38,43,49],"killed_by":"downfall:CharBossMerchant","ascension_level":1}}