{"host":"a7kkotolxcg5vljr","time":1608308412,"event":{"mods":["2.2 Compatiblity","AchievementEnabler","Act Like it!","BaseMod","Better Altar","Better Skull","Better Third Choice","Colored Map","Colored Powertips","Downfall","Hermit","Highlight Path","Marisa????????","Minty Spire (QoL Compilation)","Quick Restart","Rare Cards Sparkle","Replay The Spire","Spicy Shops","StSLib","The Cursed","The Disciple","The Servant 0.9.4"],"gold_per_floor":[110,110,125,145,109,119,119,145,145,145,170,170,170,184,184,281,281,300,300,319,47,60,60,76,76,76,94,94,34,34,34,34,34,34],"floor_reached":33,"playtime":1187,"items_purged":["ReplayTheSpireMod:Doomed"],"score":255,"play_id":"b862813b-ecb2-473e-9852-343e964b48d2","local_time":"20201218112012","is_ascension_mode":false,"campfire_choices":[{"floor":7,"key":"RECALL"},{"floor":10,"key":"REST"},{"floor":13,"key":"REST"},{"data":"Zap","floor":15,"key":"SMITH"},{"data":"Echo Form","floor":23,"key":"SMITH"},{"floor":30,"key":"REST"}],"circlet_count":0,"master_deck":["Strike_B","Strike_B","Strike_B","Strike_B","Defend_B","Defend_B","Defend_B","Defend_B","Zap+1","Dualcast","Static Discharge","Fusion","Tempest","Redo","Gash","Static Discharge","Regret","Coolheaded","Echo Form+1","Ball Lightning","Zap+1","Sweeping Beam+1","Metamorphosis","Cold Snap","Fission","Rebound","White Noise"],"relics":["Cracked Core","Strawberry","betterThird:SlimedRelic","Regal Pillow","Tiny Chest","Letter Opener","ReplayTheSpireMod:TigerMarble","Nuclear Battery","ReplayTheSpireMod:CursedCoin","Replay:Baseball","Ornamental Fan"],"acts_visited":["Exordium","TheCity"],"potions_floor_usage":[8,8,11,16,22,33],"damage_taken":[{"damage":2,"enemies":"Small Slimes","floor":1,"turns":3},{"damage":3,"enemies":"Jaw Worm","floor":3,"turns":3},{"damage":7,"enemies":"2 Louse","floor":4,"turns":3},{"damage":15,"enemies":"Looter","floor":6,"turns":2},{"damage":18,"enemies":"Lagavulin","floor":8,"turns":4},{"damage":35,"enemies":"3 Sentries","floor":11,"turns":6},{"damage":3,"enemies":"Red Slaver","floor":14,"turns":3},{"damage":65,"enemies":"The Guardian","floor":16,"turns":8},{"damage":1,"enemies":"Chosen","floor":18,"turns":4},{"damage":8,"enemies":"Spheric Guardian","floor":20,"turns":3},{"damage":18,"enemies":"Centurion and Healer","floor":22,"turns":5},{"damage":35,"enemies":"Snecko","floor":24,"turns":4},{"damage":6,"enemies":"Chosen and Byrds","floor":27,"turns":5},{"damage":65,"enemies":"Collector","floor":33,"turns":6}],"seed_played":"-801317225518316928","potions_obtained":[{"floor":1,"key":"Dexterity Potion"},{"floor":4,"key":"sneckomod:MuddlingPotion"},{"floor":6,"key":"PowerPotion"},{"floor":11,"key":"sneckomod:MuddlingPotion"},{"floor":18,"key":"sneckomod:MuddlingPotion"},{"floor":22,"key":"sneckomod:MuddlingPotion"}],"is_trial":false,"path_per_floor":["M","?","M","M","?","M","R","E","T","R","E","?","R","M","R","B",null,"M","?","M","$","M","R","M","T","T","M","?","?","R","$","R_BF","B"],"character_chosen":"DEFECT","items_purchased":["Metamorphosis","ReplayTheSpireMod:CursedCoin","Replay:Baseball"],"campfire_rested":3,"item_purchase_floors":[21,21,21],"current_hp_per_floor":[80,80,77,70,59,44,44,26,26,65,30,30,69,66,66,1,82,81,81,73,73,55,55,20,20,20,14,14,14,53,53,53,0,0],"gold":34,"neow_bonus":"RANDOM_COMMON_RELIC","is_daily":false,"chose_seed":false,"campfire_upgraded":2,"win_rate":0.0,"timestamp":1608308412,"path_taken":["M","?","M","M","?","M","R","E","T","R","E","?","R","M","R","BOSS","M","?","?","$","M","R","M","?","T","M","?","?","R","$","R_BF","BOSS"],"items_purchased_type":["Card","Relic","Relic"],"build_version":"2020-12-13","purchased_purges":1,"victory":false,"max_hp_per_floor":[82,82,82,82,82,82,82,82,82,82,82,82,82,82,82,82,82,82,82,82,82,82,82,82,82,82,82,82,82,82,82,82,82,82],"card_choices":[{"not_picked":["Reprogram","Chaos"],"picked":"Static Discharge","floor":1},{"not_picked":["Reprogram","Go for the Eyes"],"picked":"Fusion","floor":3},{"not_picked":["Rebound","Turbo"],"picked":"Tempest","floor":4},{"not_picked":["Hologram","Amplify"],"picked":"Redo","floor":6},{"not_picked":["Compile Driver","Steam"],"picked":"Gash","floor":8},{"not_picked":["Beam Cell","Sunder"],"picked":"Static Discharge","floor":11},{"not_picked":["Stack","Rebound"],"picked":"Coolheaded","floor":14},{"not_picked":["Meteor Strike","Multi-Cast"],"picked":"Echo Form","floor":16},{"not_picked":["BasicCrystalCard","Redo+1"],"picked":"Ball Lightning","floor":18},{"not_picked":["BasicCrystalCard+1","Consume"],"picked":"Sweeping Beam+1","floor":20},{"not_picked":["Barrage","Gash"],"picked":"Cold Snap","floor":22},{"not_picked":["BasicCrystalCard","Leap"],"picked":"Fission","floor":24},{"not_picked":["Sweeping Beam","Compile Driver"],"picked":"Rebound","floor":27}],"player_experience":356944,"relics_obtained":[{"floor":8,"key":"Regal Pillow"},{"floor":9,"key":"Tiny Chest"},{"floor":11,"key":"Letter Opener"},{"floor":26,"key":"Ornamental Fan"}],"event_choices":[{"damage_healed":0,"gold_gain":0,"player_choice":"Ignored","damage_taken":0,"max_hp_gain":0,"max_hp_loss":0,"event_name":"Golden Wing","floor":2,"gold_loss":0},{"damage_healed":0,"gold_gain":0,"player_choice":"Slimed","damage_taken":11,"max_hp_gain":0,"max_hp_loss":0,"event_name":"betterThird:BetterGoop","floor":5,"gold_loss":36},{"damage_healed":0,"gold_gain":0,"player_choice":"Box","damage_taken":0,"relics_obtained":["ReplayTheSpireMod:TigerMarble"],"max_hp_gain":0,"max_hp_loss":0,"event_name":"Big Fish","floor":12,"gold_loss":0,"cards_obtained":["Regret"]},{"damage_healed":0,"gold_gain":0,"player_choice":"Copied","damage_taken":0,"max_hp_gain":0,"max_hp_loss":0,"event_name":"Duplicator","floor":19,"gold_loss":0,"cards_obtained":["Zap"]},{"damage_healed":0,"gold_gain":0,"player_choice":"Read","damage_taken":0,"max_hp_gain":0,"max_hp_loss":0,"event_name":"The Library","floor":28,"gold_loss":0,"cards_obtained":["White Noise"]}],"is_beta":false,"boss_relics":[{"not_picked":["Tiny House","Painkiller Herb"],"picked":"Nuclear Battery"}],"items_purged_floors":[21],"is_endless":false,"potions_floor_spawned":[1,4,6,11,18,22],"killed_by":"Collector","ascension_level":0}}