{"host":"jrmqsbok61y7b34d","time":1608314298,"event":{"mods":["BaseMod","Colored Map","Colored Powertips","Emptier Cage","Minty Spire (QoL Compilation)","Permanent Neow","Quick Restart","Relic Stats","StSLib","Unceasing Turn Reminder"],"gold_per_floor":[140,140,181,201,243,243,272,272,323,349,368,406,406,406,406,482,482,482,58,58,58,96,96,126,144,169,169,204,58,96,133,133,207,207,249,124,179,199,117,117,147,147,147,178,192,192,192,208,208,208],"floor_reached":51,"playtime":12591,"items_purged":["Strike_P","Strike_P","Defend_P"],"score":1284,"play_id":"664eab61-dc9b-4c4a-ad11-fa4fbadfdca1","local_time":"20201218175818","is_ascension_mode":true,"campfire_choices":[{"data":"BowlingBash","floor":6.0,"key":"SMITH"},{"floor":8.0,"key":"REST"},{"data":"SpiritShield","floor":13.0,"key":"SMITH"},{"data":"Eruption","floor":15.0,"key":"SMITH"},{"data":"Blasphemy","floor":23.0,"key":"SMITH"},{"floor":27.0,"key":"REST"},{"data":"Wish","floor":32.0,"key":"SMITH"},{"data":"Wallop","floor":40.0,"key":"SMITH"},{"data":"Devotion","floor":42.0,"key":"SMITH"},{"floor":46.0,"key":"REST"},{"data":"MentalFortress","floor":47.0,"key":"SMITH"},{"floor":49,"key":"REST"}],"circlet_count":0,"master_deck":["AscendersBane","Defend_P","Defend_P","Defend_P","Eruption+1","Vigilance","Wish+1","FearNoEvil","BowlingBash+1","EmptyBody","CutThroughFate","SpiritShield+1","ThirdEye","Blasphemy+1","FlurryOfBlows","JustLucky","Evaluate+1","Perseverance+1","FlyingSleeves","ClearTheMind+1","Devotion+1","CutThroughFate","EmptyBody+1","Wallop+1","MentalFortress+1","Perseverance+1","Scrawl+1","Pray+1","Evaluate+1"],"relics":["PureWater","Singing Bowl","Toy Ornithopter","Omamori","Cursed Key","Yang","WarpedTongs","Toxic Egg 2","Shuriken","VioletLotus","WingedGreaves","Art of War","Ice Cream"],"acts_visited":["Exordium","TheCity","TheBeyond"],"potions_floor_usage":[50,50],"damage_taken":[{"damage":0.0,"enemies":"Small Slimes","floor":1.0,"turns":7.0},{"damage":9.0,"enemies":"Cultist","floor":3.0,"turns":5.0},{"damage":0.0,"enemies":"2 Louse","floor":4.0,"turns":6.0},{"damage":2.0,"enemies":"Looter","floor":5.0,"turns":5.0},{"damage":31.0,"enemies":"Gremlin Nob","floor":7.0,"turns":4.0},{"damage":5.0,"enemies":"Lagavulin","floor":10.0,"turns":3.0},{"damage":1.0,"enemies":"Blue Slaver","floor":11.0,"turns":4.0},{"damage":5.0,"enemies":"Lots of Slimes","floor":12.0,"turns":8.0},{"damage":9.0,"enemies":"Hexaghost","floor":16.0,"turns":7.0},{"damage":0.0,"enemies":"Shell Parasite","floor":18.0,"turns":3.0},{"damage":0.0,"enemies":"Chosen","floor":22.0,"turns":5.0},{"damage":13.0,"enemies":"Book of Stabbing","floor":24.0,"turns":5.0},{"damage":4.0,"enemies":"Sentry and Sphere","floor":25.0,"turns":7.0},{"damage":11.0,"enemies":"Slavers","floor":28.0,"turns":7.0},{"damage":0.0,"enemies":"Chosen and Byrds","floor":30.0,"turns":6.0},{"damage":4.0,"enemies":"Snake Plant","floor":31.0,"turns":6.0},{"damage":69.0,"enemies":"Automaton","floor":33.0,"turns":11.0},{"damage":10.0,"enemies":"3 Darklings","floor":35.0,"turns":9.0},{"damage":1.0,"enemies":"Mind Bloom Boss Battle","floor":37.0,"turns":8.0},{"damage":9.0,"enemies":"Orb Walker","floor":38.0,"turns":4.0},{"damage":0.0,"enemies":"Nemesis","floor":41.0,"turns":5.0},{"damage":58.0,"enemies":"Reptomancer","floor":44.0,"turns":5.0},{"damage":17.0,"enemies":"Writhing Mass","floor":45.0,"turns":6.0},{"damage":0,"enemies":"3 Darklings","floor":48,"turns":5},{"damage":20,"enemies":"Time Eater","floor":50,"turns":8}],"seed_played":"6787061113688943503","potions_obtained":[{"floor":4.0,"key":"Dexterity Potion"},{"floor":7.0,"key":"DistilledChaos"},{"floor":10.0,"key":"PowerPotion"},{"floor":12.0,"key":"EntropicBrew"},{"floor":25.0,"key":"FairyPotion"},{"floor":28.0,"key":"FairyPotion"},{"floor":35.0,"key":"GamblersBrew"},{"floor":44.0,"key":"FearPotion"},{"floor":48,"key":"DuplicationPotion"}],"is_trial":false,"path_per_floor":["M","?","M","M","M","R","E","R","T","E","M","M","R","?","R","B",null,"M","$","?","?","M","R","E","M","T","R","E","$","M","M","R","B",null,"M","$","?","M","$","R","E","R","T","E","M","R","R","M","R","B",null],"character_chosen":"WATCHER","items_purchased":["Yang","FlurryOfBlows","JustLucky","FlyingSleeves","MentalFortress"],"campfire_rested":4,"item_purchase_floors":[19,19,19,29,39],"current_hp_per_floor":[61,61,52,52,50,50,19,39,39,41,40,35,35,28,28,44,64,69,69,56,56,58,58,45,41,41,64,55,55,55,53,53,24,67,57,57,56,52,52,52,52,52,52,24,7,31,31,31,55,45],"gold":208,"neow_bonus":"ONE_RANDOM_RARE_CARD","is_daily":false,"chose_seed":false,"campfire_upgraded":8,"win_rate":0.0,"timestamp":1608314298,"path_taken":["M","?","M","M","M","R","E","R","T","E","?","M","R","?","R","BOSS","M","$","?","?","?","R","E","M","T","R","E","?","M","M","R","BOSS","M","$","?","M","$","R","E","R","T","E","M","R","R","M","R","BOSS"],"items_purchased_type":["Relic","Card","Card","Card","Card"],"build_version":"2020-12-13","purchased_purges":3,"victory":true,"max_hp_per_floor":[68,68,68,68,68,68,68,68,68,70,70,70,70,70,70,70,70,70,70,75,75,77,77,77,77,77,77,79,79,79,81,81,81,81,81,81,81,81,81,81,81,81,81,81,81,81,81,81,81,81],"relic_stats":{"Singing Bowl":8,"counters":[25,149],"Shuriken":[30],"Yang":[207],"VioletLotus":[13],"Art of War":[4],"Cursed Key":1,"obtain_stats":[{"Ice Cream":44,"Singing Bowl":7,"Yang":19,"Omamori":10,"Cursed Key":17,"WarpedTongs":21,"Shuriken":28,"VioletLotus":34,"WingedGreaves":37,"Art of War":41,"PureWater":0,"Toxic Egg 2":24,"Toy Ornithopter":9},{"Ice Cream":22,"Singing Bowl":5,"Yang":10,"Omamori":6,"Cursed Key":9,"WarpedTongs":10,"Shuriken":14,"VioletLotus":17,"WingedGreaves":19,"Art of War":21,"PureWater":0,"Toxic Egg 2":12,"Toy Ornithopter":5},{"Ice Cream":130,"Singing Bowl":27,"Yang":52,"Omamori":30,"Cursed Key":49,"WarpedTongs":52,"Shuriken":76,"VioletLotus":99,"WingedGreaves":116,"Art of War":125,"PureWater":0,"Toxic Egg 2":62,"Toy Ornithopter":27}],"Toy Ornithopter":50,"WarpedTongs":[94]},"card_choices":[{"not_picked":["Halt","WindmillStrike"],"picked":"FearNoEvil","floor":1.0},{"not_picked":["Sanctity","Halt"],"picked":"BowlingBash","floor":3.0},{"not_picked":["WreathOfFlame","Nirvana"],"picked":"EmptyBody","floor":4.0},{"not_picked":["Prostrate","ClearTheMind"],"picked":"CutThroughFate","floor":5.0},{"not_picked":["Perseverance","Halt"],"picked":"SpiritShield","floor":7.0},{"not_picked":["MentalFortress","InnerPeace","Wish"],"picked":"Singing Bowl","floor":10.0},{"not_picked":["Evaluate","Indignation"],"picked":"ThirdEye","floor":11.0},{"not_picked":["Crescendo","Prostrate","SashWhip"],"picked":"SKIP","floor":12.0},{"not_picked":["MasterReality","LessonLearned"],"picked":"Blasphemy","floor":16.0},{"not_picked":["SashWhip+1","PathToVictory","ReachHeaven"],"picked":"Singing Bowl","floor":22.0},{"not_picked":["Vengeance+1","EmptyMind+1"],"picked":"Evaluate+1","floor":24.0},{"not_picked":["BowlingBash","EmptyBody+1"],"picked":"Perseverance+1","floor":25.0},{"not_picked":["Judgement+1","Worship+1","Halt+1"],"picked":"Singing Bowl","floor":28.0},{"not_picked":["DeceiveReality+1","Wireheading"],"picked":"ClearTheMind+1","floor":30.0},{"not_picked":["Wireheading+1","Prostrate+1","FlurryOfBlows"],"picked":"Singing Bowl","floor":31.0},{"not_picked":["LessonLearned","DeusExMachina+1"],"picked":"Devotion","floor":33.0},{"not_picked":["ClearTheMind+1","FollowUp+1"],"picked":"CutThroughFate","floor":35.0},{"not_picked":["Pray+1","Evaluate+1"],"picked":"EmptyBody+1","floor":37.0},{"not_picked":["CarveReality","CutThroughFate"],"picked":"Wallop","floor":38.0},{"not_picked":["Prostrate+1","WreathOfFlame+1"],"picked":"Perseverance+1","floor":41.0},{"not_picked":["JustLucky","ClearTheMind+1"],"picked":"Scrawl+1","floor":44.0},{"not_picked":["FlyingSleeves+1","CutThroughFate"],"picked":"Pray+1","floor":45.0},{"not_picked":["BowlingBash+1","EmptyBody+1"],"picked":"Evaluate+1","floor":48}],"player_experience":934968,"relics_obtained":[{"floor":7.0,"key":"Singing Bowl"},{"floor":9.0,"key":"Toy Ornithopter"},{"floor":10.0,"key":"Omamori"},{"floor":24.0,"key":"Toxic Egg 2"},{"floor":28.0,"key":"Shuriken"},{"floor":37.0,"key":"WingedGreaves"},{"floor":41.0,"key":"Art of War"},{"floor":44.0,"key":"Ice Cream"}],"event_choices":[{"cards_removed":["Strike_P"],"damage_healed":0.0,"max_hp_gain":0.0,"max_hp_loss":0.0,"gold_gain":0.0,"event_name":"Bonfire Elementals","player_choice":"Offered Basic","floor":2.0,"gold_loss":0.0,"damage_taken":0.0},{"cards_removed":["Strike_P"],"damage_healed":0.0,"max_hp_gain":0.0,"max_hp_loss":0.0,"gold_gain":0.0,"event_name":"Golden Wing","player_choice":"Card Removal","floor":14.0,"gold_loss":0.0,"damage_taken":7.0},{"damage_healed":0.0,"max_hp_gain":5.0,"max_hp_loss":0.0,"gold_gain":0.0,"event_name":"Forgotten Altar","player_choice":"Shed Blood","floor":20.0,"gold_loss":0.0,"damage_taken":18.0},{"damage_healed":0.0,"max_hp_gain":0.0,"max_hp_loss":0.0,"gold_gain":0.0,"event_name":"Accursed Blacksmith","player_choice":"Rummage","floor":21.0,"gold_loss":0.0,"damage_taken":0.0,"relics_obtained":["WarpedTongs"],"cards_obtained":["Pain"]},{"damage_healed":0.0,"max_hp_gain":0.0,"max_hp_loss":0.0,"gold_gain":0.0,"event_name":"MindBloom","player_choice":"Fight","floor":37.0,"gold_loss":0.0,"damage_taken":0.0}],"is_beta":false,"boss_relics":[{"not_picked":["Empty Cage","Runic Dome"],"picked":"Cursed Key"},{"not_picked":["Busted Crown","Snecko Eye"],"picked":"VioletLotus"}],"items_purged_floors":[19,29,36],"is_endless":false,"potions_floor_spawned":[4,7,10,12,18,25,28,35,44,48],"ascension_level":14}}