{"host":"q9718omregw4er46","time":1608321080,"event":{"mods":["BaseMod","Bestiary","Colored Powertips","Custom Start","Highlight Path","Minty Spire (QoL Compilation)","Practice Mode","Quick Restart","Relic Stats"],"gold_per_floor":[115,38,52,71,87,87,115,131,131,143,143,143],"floor_reached":11,"playtime":343,"items_purged":[],"score":150,"play_id":"68c2f6ba-aadc-4fbe-8069-70b77c12d3ad","local_time":"20201219005120","is_ascension_mode":true,"campfire_choices":[{"floor":6,"key":"REST"}],"circlet_count":0,"master_deck":["AscendersBane","Strike_B","Strike_B","Strike_B","Strike_B","Defend_B","Defend_B","Defend_B","Defend_B","Zap","Dualcast","Doom and Gloom","Self Repair","Ball Lightning","Core Surge"],"relics":["Cracked Core","Oddly Smooth Stone","Orichalcum","DataDisk"],"acts_visited":["Exordium"],"potions_floor_usage":[7,11],"damage_taken":[{"damage":0,"enemies":"Cultist","floor":1,"turns":4},{"damage":12,"enemies":"Jaw Worm","floor":3,"turns":4},{"damage":14,"enemies":"Small Slimes","floor":4,"turns":4},{"damage":32,"enemies":"Exordium Wildlife","floor":5,"turns":6},{"damage":30,"enemies":"3 Sentries","floor":7,"turns":7},{"damage":5,"enemies":"Red Slaver","floor":8,"turns":4},{"damage":6,"enemies":"2 Fungi Beasts","floor":10,"turns":3},{"damage":30,"enemies":"Lagavulin","floor":11,"turns":5}],"seed_played":"-6419494567922960185","potions_obtained":[{"floor":1,"key":"Swift Potion"},{"floor":3,"key":"FearPotion"},{"floor":10,"key":"ColorlessPotion"}],"is_trial":false,"path_per_floor":["M","$","M","M","M","R","E","M","T","M","E"],"character_chosen":"DEFECT","items_purchased":["Self Repair"],"campfire_rested":1,"item_purchase_floors":[2],"current_hp_per_floor":[64,64,59,52,27,48,25,27,27,28,0,0],"gold":143,"neow_bonus":"RANDOM_COMMON_RELIC","is_daily":false,"chose_seed":false,"campfire_upgraded":0,"win_rate":0.0,"timestamp":1608321080,"path_taken":["M","?","M","M","M","R","E","M","T","M","E"],"items_purchased_type":["Card"],"build_version":"2020-12-13","purchased_purges":0,"victory":false,"max_hp_per_floor":[71,71,71,71,71,71,71,71,71,71,71,71],"relic_stats":{"counters":[8,37],"Orichalcum":[42],"obtain_stats":[{"DataDisk":9,"Oddly Smooth Stone":0,"Orichalcum":7,"Cracked Core":0},{"DataDisk":6,"Oddly Smooth Stone":0,"Orichalcum":5,"Cracked Core":0},{"DataDisk":29,"Oddly Smooth Stone":0,"Orichalcum":25,"Cracked Core":0}]},"card_choices":[{"not_picked":["Hologram","Barrage"],"picked":"Doom and Gloom","floor":1},{"not_picked":["Hologram","Conserve Battery","Streamline"],"picked":"SKIP","floor":3},{"not_picked":["Steam Power","Steam","Redo"],"picked":"SKIP","floor":4},{"not_picked":["Steam Power","Turbo"],"picked":"Ball Lightning","floor":5},{"not_picked":["Storm","Heatsinks","Ball Lightning"],"picked":"SKIP","floor":7},{"not_picked":["Cold Snap","Ball Lightning"],"picked":"Core Surge","floor":8},{"not_picked":["Skim","Sweeping Beam","Darkness"],"picked":"SKIP","floor":10}],"player_experience":1050086,"relics_obtained":[{"floor":7,"key":"Orichalcum"},{"floor":9,"key":"DataDisk"}],"event_choices":[],"is_beta":false,"boss_relics":[],"items_purged_floors":[],"is_endless":false,"potions_floor_spawned":[1,3,5,10],"killed_by":"Lagavulin","ascension_level":19}}