{"host":"d9m9v0h6vo0edadb","time":1608295474,"event":{"mods":["BaseMod","Hermit","Keyboard Shortcuts","Minty Spire (QoL Compilation)","StSLib","SuperFastMode","The Cursed"],"gold_per_floor":[109,67,67,67,85,118,130,130,130,144,157,157,157],"floor_reached":12,"playtime":102,"items_purged":[],"score":205,"play_id":"5b9ad90e-250a-4909-864f-ea22bff38dfa","local_time":"20201218214434","is_ascension_mode":true,"campfire_choices":[{"data":"Loop","floor":8.0,"key":"SMITH"}],"circlet_count":0,"master_deck":["AscendersBane","Strike_B","Strike_B","Strike_B","Strike_B","Defend_B","Defend_B","Defend_B","Defend_B","Zap","Dualcast","Heatsinks+1","Loop+1","Cold Snap","Compile Driver","Heatsinks","Creative AI","Coolheaded"],"relics":["Cracked Core","NeowsBlessing","Ginger","Prayer Wheel"],"acts_visited":["Exordium"],"potions_floor_usage":[],"damage_taken":[{"damage":0.0,"enemies":"Jaw Worm","floor":1.0,"turns":1.0},{"damage":0.0,"enemies":"Cultist","floor":5.0,"turns":1.0},{"damage":0.0,"enemies":"Lagavulin","floor":6.0,"turns":2.0},{"damage":0.0,"enemies":"Small Slimes","floor":7.0,"turns":3.0},{"damage":16.0,"enemies":"2 Fungi Beasts","floor":10.0,"turns":3.0},{"damage":12.0,"enemies":"Large Slime","floor":11.0,"turns":6.0},{"damage":0,"enemies":"Gremlin Nob","floor":12,"turns":3}],"seed_played":"-7494407254458413430","potions_obtained":[{"floor":5.0,"key":"LiquidMemories"},{"floor":7.0,"key":"Explosive Potion"}],"is_trial":false,"path_per_floor":["M","$","?","$","M","E","M","R","T","M","M","E"],"character_chosen":"DEFECT","items_purchased":["Loop"],"campfire_rested":0,"item_purchase_floors":[2],"current_hp_per_floor":[64,64,64,64,64,64,64,64,64,48,36,36,36],"gold":157,"neow_bonus":"THREE_ENEMY_KILL","is_daily":false,"chose_seed":false,"campfire_upgraded":1,"win_rate":0.0,"timestamp":1608295474,"path_taken":["M","$","?","$","M","E","M","R","T","?","M","E"],"items_purchased_type":["Card"],"build_version":"2020-12-13","purchased_purges":0,"victory":false,"max_hp_per_floor":[71,71,71,71,71,71,71,71,71,71,71,71,71],"card_choices":[{"not_picked":["Hologram","Ball Lightning"],"picked":"Heatsinks","floor":1.0},{"not_picked":["Barrage","Rebound"],"picked":"Cold Snap","floor":5.0},{"not_picked":["Sweeping Beam","Double Energy"],"picked":"Compile Driver","floor":6.0},{"not_picked":["Conserve Battery","Stack"],"picked":"Heatsinks","floor":7.0},{"not_picked":["Chill","Chaos"],"picked":"Creative AI","floor":10.0},{"not_picked":["Sweeping Beam","Stack","Barrage"],"picked":"SKIP","floor":10.0},{"not_picked":["Consume","Force Field"],"picked":"Coolheaded","floor":11},{"not_picked":["Hello World","Conserve Battery","Genetic Algorithm"],"picked":"SKIP","floor":11}],"player_experience":939184,"relics_obtained":[{"floor":6.0,"key":"Ginger"},{"floor":9.0,"key":"Prayer Wheel"}],"event_choices":[{"damage_healed":0.0,"max_hp_gain":0.0,"max_hp_loss":0.0,"gold_gain":0.0,"event_name":"Upgrade Shrine","player_choice":"Upgraded","floor":3.0,"gold_loss":0.0,"damage_taken":0.0,"cards_upgraded":["Heatsinks"]}],"is_beta":false,"boss_relics":[],"items_purged_floors":[],"is_endless":false,"potions_floor_spawned":[5,7,10],"killed_by":"Gremlin Nob","ascension_level":19}}