{"host":"hb4vxw74c1uv2sb0","time":1608323802,"event":{"mods":["AchievementEnabler","AlwaysNeverKeys","Aspiration","BaseMod","Better Altar","Better Match","Better Sensory Stone","Better Skull","Better Third Choice","BetterRewards","CCEM","Card Forge","Colored Map","Colored Powertips","Conspire","Defuse TimeMaze Blight","Energized Spire","GifTheSpireLib","Googly Eyes","Highlight Path","Infinite Spire","JesterMod","Jorbs\u0027s Wanderer Trilogy","Luminous","Mad Scientist","Marisa????????","Minty Spire (QoL Compilation)","Permanent Neow","Replay The Spire","Shade Mod","Shop Mod","StSLib","The Cursed","The Death Knight","The Forsaken","The Hierophant","The Necromancer","The Servant 0.9.4"],"gold_per_floor":[112,124,137,102,117,117,117,130,130,130,149,149,179,199,199,302,302,315,325,98,98,46,46,80,99,99,109,123,123,123,133,133,233,233,249,268,63,75,75,75,105,105,158,173,190,208,208,237,237,237,237,237,113,139,139],"floor_reached":56,"playtime":8039,"items_purged":["Decay","Strike_S"],"score":1258,"play_id":"ff2116e1-0923-4d17-a4b2-1bb63fe11521","local_time":"20201218123642","is_ascension_mode":false,"campfire_choices":[{"floor":6.0,"key":"REST"},{"floor":10.0,"key":"REST"},{"floor":15.0,"key":"REST"},{"floor":23.0,"key":"REST"},{"data":"Revamp","floor":29.0,"key":"SMITH"},{"data":"MurderousAura","floor":32.0,"key":"SMITH"},{"floor":40.0,"key":"REST"},{"data":"SurpressingFire","floor":42.0,"key":"SMITH"},{"data":"Potential","floor":47.0,"key":"SMITH"},{"floor":49.0,"key":"REST"},{"data":"Contraction","floor":52.0,"key":"SMITH"}],"circlet_count":0,"master_deck":["Defend_S","KidneyShot","Exchange","Orbit","MurderousAura+1","Potential+1","Potential","Ricochet","Inflame","DancingSilver","Replace","Foresight","Rearm","Luminosity","SurpressingFire+1","Rearm+1","WasteNot+1","Barrier+1","FastForward+1","Revamp+1","SilverBlades","SilverBlades","ShatteredReality+1","Potential+1","ShatteredReality+1","SilverBlades+1","Contraction+1","MurderousAura","SilverMatrix","Alleviate","ShatteredReality+1","Bandage Up","infinitespire:TheBestDefense","infinitespire:Execution","infinitespire:FutureSight","FanOfKnives+1","FastForward+1","Sunlight+1","Deny","Starlight+1","DualDimension+1"],"relics":["Hammer of Thor","Seething Fire","Anvil of the Gods","m_ScarletBlood","Blue Candle","Molten Egg 2","Singing Bowl","Cursed Key","Nloth\u0027s Gift","conspire:TopHat","CCEMRelics:Barrel","SlaversCollar","Philosopher\u0027s Stone","infinitespire:Satchel","aspiration:Lifesprig","Chameleon Ring","Turnip"],"acts_visited":["Exordium","TheCity","TheBeyond","TheEnding"],"potions_floor_usage":[],"damage_taken":[{"damage":19.0,"enemies":"Small Slimes","floor":1.0,"turns":4.0},{"damage":0.0,"enemies":"conspire:RoseBush","floor":2.0,"turns":4.0},{"damage":2.0,"enemies":"Cultist","floor":3.0,"turns":4.0},{"damage":13.0,"enemies":"Gremlin Gang","floor":5.0,"turns":4.0},{"damage":16.0,"enemies":"Exordium Wildlife","floor":8.0,"turns":4.0},{"damage":24.0,"enemies":"Exordium Thugs","floor":11.0,"turns":3.0},{"damage":0.0,"enemies":"Replay:BlueRogue","floor":13.0,"turns":5.0},{"damage":12.0,"enemies":"2 Fungi Beasts","floor":14.0,"turns":3.0},{"damage":38.0,"enemies":"The Guardian","floor":16.0,"turns":7.0},{"damage":17.0,"enemies":"conspire:FuzzyDice","floor":18.0,"turns":6.0},{"damage":0.0,"enemies":"Chosen","floor":19.0,"turns":4.0},{"damage":58.0,"enemies":"Book of Stabbing","floor":24.0,"turns":7.0},{"damage":1.0,"enemies":"Snecko","floor":25.0,"turns":4.0},{"damage":7.0,"enemies":"Snake Plant","floor":27.0,"turns":5.0},{"damage":5.0,"enemies":"conspire:HollyBat","floor":28.0,"turns":7.0},{"damage":6.0,"enemies":"Snecko","floor":31.0,"turns":6.0},{"damage":23.0,"enemies":"Collector","floor":33.0,"turns":8.0},{"damage":32.0,"enemies":"Orb Walker","floor":35.0,"turns":5.0},{"damage":28.0,"enemies":"3 Darklings","floor":36.0,"turns":5.0},{"damage":42.0,"enemies":"Spire Growth","floor":38.0,"turns":6.0},{"damage":0.0,"enemies":"Reptomancer","floor":41.0,"turns":1.0},{"damage":0.0,"enemies":"Writhing Mass","floor":44.0,"turns":1.0},{"damage":0.0,"enemies":"Sphere and 2 Shapes","floor":45.0,"turns":5.0},{"damage":24.0,"enemies":"4 Shapes","floor":46.0,"turns":9.0},{"damage":9.0,"enemies":"Giant Head","floor":48.0,"turns":6.0},{"damage":9.0,"enemies":"conspire:OrnateMirror","floor":50.0,"turns":7.0},{"damage":44.0,"enemies":"Shield and Spear","floor":54.0,"turns":5.0},{"damage":68,"enemies":"The Heart","floor":55,"turns":6}],"seed_played":"-7431209073341527467","potions_obtained":[{"floor":5.0,"key":"SpeedPotion"},{"floor":11.0,"key":"LifebloodPotion"},{"floor":13.0,"key":"PowerPotion"},{"floor":16.0,"key":"SmokeBomb"},{"floor":19.0,"key":"Ancient Potion"},{"floor":25.0,"key":"EssenceOfSteel"},{"floor":31.0,"key":"DuplicationPotion"},{"floor":38.0,"key":"Reflective Coating"},{"floor":44.0,"key":"FearPotion"},{"floor":45.0,"key":"Strength Potion"}],"is_trial":false,"path_per_floor":["M","M","M","?","M","R","?","M","T","R","M","?","E","M","R","B",null,"M","M","$","?","$","R","E","M","T","M","M","R","?","M","R","B",null,"M","M","$","M","AVR","R","E","R","T","M","M","M","R","E","R","B",null,"R","$","E","B",null],"character_chosen":"THE_SERVANT","items_purchased":["SurpressingFire","Orrery","SilverBlades","Alleviate","ShatteredReality+1","Bandage Up","Starlight+1"],"campfire_rested":6,"item_purchase_floors":[20,20,22,37,37,37,53],"current_hp_per_floor":[28,28,26,42,29,48,48,32,32,51,41,41,41,31,51,29,67,50,50,50,50,50,67,9,66,66,59,54,54,61,55,55,44,67,37,9,9,33,33,54,54,54,54,54,71,53,53,48,69,64,73,73,73,33,40],"gold":139,"neow_bonus":"TRANSFORM_TWO_CARDS","is_daily":false,"chose_seed":false,"campfire_upgraded":5,"win_rate":0.0,"timestamp":1608323802,"path_taken":["M","M","M","?","M","R","?","M","T","R","M","?","E","M","R","BOSS","M","M","$","?","$","R","E","?","T","?","M","R","?","M","R","BOSS","M","M","$","M","AVR","R","E","R","T","M","M","M","R","E","R","BOSS","R","$","E","BOSS"],"items_purchased_type":["Card","Relic","Card","Card","Card","Card","Card"],"build_version":"2020-12-13","purchased_purges":2,"victory":true,"max_hp_per_floor":[65,65,65,65,65,65,65,65,65,65,65,65,65,67,67,67,67,67,67,67,67,67,67,67,67,67,67,67,67,67,67,67,67,67,69,69,69,71,71,71,71,71,71,71,71,73,73,73,73,73,73,73,73,73,73],"card_choices":[{"not_picked":["BottledTime","Revamp"],"picked":"Potential","floor":1.0},{"not_picked":["SpecialFormula","Defy"],"picked":"TimeTheft","floor":2.0},{"not_picked":["Revamp","RealityMarble"],"picked":"Potential","floor":3.0},{"not_picked":["ShatteredReality","Defy"],"picked":"Ricochet","floor":5.0},{"not_picked":["TimeWarp","InstantArmor"],"picked":"DancingSilver","floor":8.0},{"not_picked":["FastForward","Defy"],"picked":"Replace","floor":11.0},{"not_picked":["Inflame","Potential+1"],"picked":"Foresight","floor":13.0},{"not_picked":["BottledTime","DoubleEdge+1","Starlight+1"],"picked":"Singing Bowl","floor":14.0},{"not_picked":["SilverMatrix","Duplication"],"picked":"Solidify","floor":16.0},{"not_picked":["Defy+1","TimeTheft"],"picked":"Rearm","floor":18.0},{"not_picked":["Alleviate","Flex"],"picked":"Luminosity","floor":19.0},{"not_picked":["RealityMarble","Alleviate"],"picked":"Rearm+1","floor":20.0},{"not_picked":["Deny","Alleviate"],"picked":"WasteNot+1","floor":20.0},{"not_picked":["FastForward","Spin+1"],"picked":"Barrier+1","floor":20.0},{"not_picked":["DualDimension","Revamp"],"picked":"FastForward+1","floor":20.0},{"not_picked":["InstantArmor","Deadline+1"],"picked":"Revamp","floor":20.0},{"not_picked":["GearUp+1","SilverMatrix"],"picked":"ShatteredReality+1","floor":24.0},{"not_picked":["Spin+1","Rearm"],"picked":"Potential+1","floor":25.0},{"not_picked":["Gouge+1","Flex"],"picked":"ShatteredReality+1","floor":27.0},{"not_picked":["Spin+1","TimeWarp+1"],"picked":"SilverBlades+1","floor":28.0},{"not_picked":["BottledTime","Rearm"],"picked":"Contraction","floor":31.0},{"not_picked":["Sunlight+1","Demon Form"],"picked":"MurderousAura","floor":33.0},{"not_picked":["Rewind+1","Ricochet+1","Replace"],"picked":"Singing Bowl","floor":35.0},{"not_picked":["TimeWarp+1","Ricochet+1"],"picked":"SilverMatrix","floor":36.0},{"not_picked":["Sabotage+1","ShatteredReality+1","Unruled+1"],"picked":"Singing Bowl","floor":38.0},{"not_picked":["Moondial+1","TheWorld"],"picked":"FanOfKnives+1","floor":41.0},{"not_picked":["Revamp","Comet+1"],"picked":"FastForward+1","floor":44.0},{"not_picked":["Starlight+1","Sabotage+1"],"picked":"Sunlight+1","floor":45.0},{"not_picked":["TimeTheft","Demon Form","Spin+1"],"picked":"Singing Bowl","floor":46.0},{"not_picked":["Hightail+1","FastForward+1"],"picked":"Deny","floor":48.0},{"not_picked":["Embodiment","Collapse+1"],"picked":"DualDimension+1","floor":54.0}],"player_experience":653473,"relics_obtained":[{"floor":9.0,"key":"Blue Candle"},{"floor":13.0,"key":"Singing Bowl"},{"floor":24.0,"key":"conspire:TopHat"},{"floor":26.0,"key":"CCEMRelics:Barrel"},{"floor":41.0,"key":"infinitespire:Satchel"},{"floor":43.0,"key":"aspiration:Lifesprig"},{"floor":48.0,"key":"Chameleon Ring"},{"floor":54.0,"key":"Turnip"}],"event_choices":[{"damage_healed":16.0,"max_hp_gain":0.0,"max_hp_loss":0.0,"gold_gain":0.0,"event_name":"The Cleric","player_choice":"Healed","floor":4.0,"gold_loss":35.0,"damage_taken":0.0},{"damage_healed":0.0,"max_hp_gain":0.0,"max_hp_loss":0.0,"gold_gain":0.0,"event_name":"N\u0027loth","player_choice":"Traded Relic","floor":21.0,"relics_lost":["Orrery"],"gold_loss":0.0,"damage_taken":0.0,"relics_obtained":["Nloth\u0027s Gift"]}],"is_beta":false,"boss_relics":[{"not_picked":["CCEMRelics:TransientCore","energizedSpire:EnergizedDie"],"picked":"Cursed Key"},{"not_picked":["energizedSpire:StickyHand","energizedSpire:MagnifyingGlass"],"picked":"SlaversCollar"}],"items_purged_floors":[39,53],"is_endless":false,"potions_floor_spawned":[5,11,13,16,19,25,31,38,44,45],"ascension_level":0}}