{"host":"0fmi5fguj5lvt8pf","time":1608327307,"event":{"mods":["BaseMod","BetterRewards","Colored Map","Downfall","Minty Spire (QoL Compilation)","Permanent Neow","StSLib"],"gold_per_floor":[99,119,219,219,230,230,230,248,282,282,301,301,301,286,304,402,402,402,415,431,447,397,397,397,409,432,444,444],"floor_reached":27,"playtime":1566,"items_purged":[],"score":213,"play_id":"e4707d80-dd59-4e02-9621-82dc7fbc36e1","local_time":"20201218133507","is_ascension_mode":false,"campfire_choices":[{"data":"champ:Taunt","floor":1.0,"key":"SMITH"},{"data":"champ:Encircle","floor":4.0,"key":"SMITH"},{"data":"champ:Haymaker","floor":10.0,"key":"SMITH"},{"floor":18,"key":"RECALL"},{"data":"champ:AdrenalArmor","floor":23,"key":"SMITH"}],"circlet_count":0,"master_deck":["champ:Strike+1","champ:Strike","champ:Strike+1","champ:Defend","champ:Defend+1","champ:Defend+1","champ:Defend","champ:Execute","champ:Taunt+1","champ:Encircle+1","champ:StanceDance","champ:Haymaker+1","Regret","champ:Duel+1","champ:EnchantCrown","champ:AdrenalArmor+1","champ:Aggression","Necronomicurse","champ:FanOfKnives"],"relics":["champ:ChampionCrown","Gambling Chip","Champion Belt","Singing Bowl","Matryoshka","Whetstone","MawBank","Necronomicon"],"acts_visited":["Exordium","TheCity"],"potions_floor_usage":[16,16,16,21],"damage_taken":[{"damage":12.0,"enemies":"Small Slimes","floor":2.0,"turns":6.0},{"damage":28.0,"enemies":"Small Slimes","floor":3.0,"turns":4.0},{"damage":10.0,"enemies":"Cultist","floor":5.0,"turns":2.0},{"damage":15.0,"enemies":"2 Louse","floor":8.0,"turns":2.0},{"damage":52.0,"enemies":"Lagavulin","floor":9.0,"turns":4.0},{"damage":26.0,"enemies":"3 Louse","floor":11.0,"turns":3.0},{"damage":40.0,"enemies":"downfall:FleeingMerchant","floor":14.0,"turns":4.0},{"damage":26.0,"enemies":"Large Slime","floor":15.0,"turns":6.0},{"damage":44,"enemies":"downfall:Ironclad","floor":16,"turns":9},{"damage":48,"enemies":"3 Byrds","floor":19,"turns":5},{"damage":20,"enemies":"Chosen","floor":20,"turns":5},{"damage":60,"enemies":"Shelled Parasite and Fungi","floor":21,"turns":7},{"damage":58,"enemies":"Centurion and Healer","floor":26,"turns":6},{"damage":34,"enemies":"Slavers","floor":27,"turns":2}],"seed_played":"3980570783399929859","potions_obtained":[{"floor":2.0,"key":"SkillPotion"},{"floor":5.0,"key":"Swift Potion"},{"floor":6.0,"key":"champ:TechniquePotion"},{"floor":9.0,"key":"BlessingOfTheForge"},{"floor":15.0,"key":"Strength Potion"},{"floor":20,"key":"champ:TechniquePotion"}],"is_trial":false,"path_per_floor":["R","M","?","R","M","?","T","M","E","R","M","?","?","$","M","B",null,"R","M","M","M","?","R","T","?","M","E"],"character_chosen":"THE_CHAMP","items_purchased":[],"campfire_rested":0,"item_purchase_floors":[],"current_hp_per_floor":[81,74,54,54,54,54,54,54,43,43,38,38,38,36,37,10,87,87,69,69,37,69,69,69,53,33,0,0],"gold":444,"neow_bonus":"ONE_RARE_RELIC","is_daily":false,"chose_seed":false,"campfire_upgraded":4,"win_rate":0.0,"timestamp":1608327307,"path_taken":["R","M","?","R","M","?","T","?","E","R","M","?","?","$","M","BOSS","R","M","M","M","?","R","T","?","M","E"],"items_purchased_type":[],"build_version":"2020-12-13","purchased_purges":0,"victory":false,"max_hp_per_floor":[81,81,81,81,81,81,81,83,83,83,85,85,85,85,87,87,87,87,87,89,89,89,89,89,89,89,89,89],"card_choices":[{"not_picked":["champ:IronFortress","champ:ShieldSigil"],"picked":"champ:Encircle","floor":2.0},{"not_picked":["champ:Circumvent","champ:DefensiveShout"],"picked":"champ:StanceDance","floor":3.0},{"not_picked":["champ:GladiatorStyle","champ:StrikeOfGenius","champ:RapidStrikes"],"picked":"SKIP","floor":5.0},{"not_picked":["champ:RageSigil","champ:FocusedBerserking","champ:BringItOn"],"picked":"Singing Bowl","floor":8.0},{"not_picked":["champ:Balance","champ:TornadoPunch"],"picked":"champ:Haymaker","floor":9.0},{"not_picked":["champ:Circumvent","champ:TornadoPunch","champ:BladeFlurry"],"picked":"Singing Bowl","floor":11.0},{"not_picked":["champ:FocusedDefense","champ:StanceDance"],"picked":"champ:Duel","floor":14.0},{"not_picked":["champ:StanceDance","champ:Shatter","champ:PerfectedStrike"],"picked":"Singing Bowl","floor":15.0},{"not_picked":["champ:EnchantShield","champ:ShieldThrow"],"picked":"champ:EnchantCrown","floor":16},{"not_picked":["champ:Backstep","champ:RageSigil"],"picked":"champ:AdrenalArmor","floor":19},{"not_picked":["champ:DefensiveStyle+1","champ:CrookedStrike","champ:BerserkersShout+1"],"picked":"Singing Bowl","floor":20},{"not_picked":["champ:Circumvent","champ:TornadoPunch"],"picked":"champ:Aggression","floor":21},{"not_picked":["champ:ShieldSigil","champ:GladiatorStyle"],"picked":"champ:FanOfKnives","floor":26}],"player_experience":1183493,"relics_obtained":[{"floor":3.0,"key":"Champion Belt"},{"floor":7.0,"key":"Singing Bowl"},{"floor":9.0,"key":"Matryoshka"},{"floor":24,"key":"Whetstone"},{"floor":24,"key":"MawBank"},{"floor":25,"key":"Necronomicon"}],"event_choices":[{"damage_healed":0.0,"max_hp_gain":0.0,"max_hp_loss":0.0,"gold_gain":0.0,"event_name":"Lab","player_choice":"Got Potions","floor":6.0,"gold_loss":0.0,"damage_taken":0.0},{"cards_removed":["champ:Strike"],"damage_healed":0.0,"max_hp_gain":0.0,"max_hp_loss":0.0,"gold_gain":0.0,"event_name":"Living Wall","player_choice":"Forget","floor":12.0,"gold_loss":0.0,"damage_taken":0.0}],"is_beta":false,"boss_relics":[{"not_picked":["Ectoplasm","Velvet Choker","champ:PowerArmor"]}],"items_purged_floors":[],"is_endless":false,"potions_floor_spawned":[2,5,9,15,20],"killed_by":"Slavers","ascension_level":0}}