{"host":"gpvfax9ls8tf4xze","time":1608335629,"event":{"mods":["Aspiration","BaseMod","BetterRewards","Colored Powertips","Downfall","GifTheSpireLib","Minty Spire (QoL Compilation)","Replay The Spire","StSLib","Stuff the Spire","The Hierophant"],"gold_per_floor":[99,99,24,24,42,54,54,54,54],"floor_reached":8,"playtime":224,"items_purged":[],"score":44,"play_id":"b6954eb7-ee52-471f-ad68-c334f6b74fa5","local_time":"20201219085349","is_ascension_mode":false,"campfire_choices":[{"floor":1,"key":"RECALL"},{"data":"Slimebound:CorrosiveSpit","floor":3,"key":"SMITH"}],"circlet_count":0,"master_deck":["Slimebound:Strike_Slimebound","Slimebound:Strike_Slimebound","Slimebound:Strike_Slimebound","Slimebound:Tackle","Slimebound:Defend_Slimebound","Slimebound:Defend_Slimebound","Slimebound:Defend_Slimebound","Slimebound:Defend_Slimebound","Slimebound:Split","Slimebound:CorrosiveSpit+1","Slimebound:LeechingTouch","Slimebound:SamplingLick"],"relics":["Slimebound:AbsorbEndCombat","downfall:HeartBlessingRed"],"acts_visited":["Exordium"],"potions_floor_usage":[],"damage_taken":[{"damage":5,"enemies":"Jaw Worm","floor":5,"turns":4},{"damage":4,"enemies":"2 Louse","floor":6,"turns":2},{"damage":0,"enemies":"Lagavulin","floor":8,"turns":1}],"seed_played":"2892313930877668220","potions_obtained":[{"floor":0,"key":"Reflective Coating"},{"floor":0,"key":"Venom Potion"},{"floor":0,"key":"Cursed Concoction"}],"is_trial":false,"path_per_floor":["R","?","R","?","M","M","T","E"],"character_chosen":"SLIMEBOUND","items_purchased":[],"campfire_rested":0,"item_purchase_floors":[],"current_hp_per_floor":[60,65,65,65,65,65,65,65,65],"gold":54,"neow_bonus":"THREE_SMALL_POTIONS","is_daily":false,"chose_seed":false,"campfire_upgraded":1,"win_rate":0.0,"timestamp":1608335629,"path_taken":["R","?","R","?","M","M","T","E"],"items_purchased_type":[],"build_version":"2020-12-13","purchased_purges":0,"victory":false,"max_hp_per_floor":[60,65,65,65,65,65,65,65,65],"card_choices":[{"not_picked":["Slimebound:SplitMire","Slimebound:SplitBruiser"],"picked":"Slimebound:LeechingTouch","floor":5},{"not_picked":["Slimebound:RollThrough","Slimebound:GoopSpray"],"picked":"Slimebound:SamplingLick","floor":6}],"player_experience":694574,"relics_obtained":[],"event_choices":[{"damage_healed":0,"gold_gain":0,"player_choice":"Donut","damage_taken":0,"max_hp_gain":5,"max_hp_loss":0,"event_name":"Big Fish","floor":2,"gold_loss":0}],"is_beta":false,"boss_relics":[],"items_purged_floors":[],"is_endless":false,"potions_floor_spawned":[],"killed_by":"Lagavulin","ascension_level":0}}