{"host":"brnfk772nsb90w3t","time":1608281334,"event":{"mods":["AchievementEnabler","BaseMod","Colored Powertips","Downfall","Highlight Path","Minty Spire (QoL Compilation)","Quick Restart","Shop Mod","StSLib","SuperFastMode"],"gold_per_floor":[99,115,132,144,206,233,314,20,20,54,69,80,91,36,56,56,56],"floor_reached":16,"playtime":1192,"items_purged":["Guardian:Strike_Guardian"],"score":114,"play_id":"25364170-6fe3-49fe-980e-f9abb64996f5","local_time":"20201218164854","is_ascension_mode":false,"campfire_choices":[{"data":"Guardian:TwinSlam","floor":1.0,"key":"SMITH"},{"data":"Guardian:ConstructionForm","floor":9.0,"key":"SMITH"}],"circlet_count":0,"master_deck":["Guardian:Strike_Guardian","Guardian:Strike_Guardian","Guardian:Strike_Guardian","Guardian:Defend_Guardian","Guardian:Defend_Guardian","Guardian:Defend_Guardian","Guardian:Defend_Guardian","Guardian:CurlUp","Guardian:TwinSlam+1","Guardian:PrimingBeam","Guardian:Gem_Cyan","Guardian:ConstructionForm+1","Guardian:PrimingBeam","Guardian:Incinerate","Guardian:ChargeCore","Guardian:MultiBeam","Guardian:GuardianWhirl","Guardian:BronzeArmor"],"relics":["Guardian:ModeShifter","PreservedInsect","Mummified Hand","Bottled Lightning","Juzu Bracelet","Tiny Chest"],"acts_visited":["Exordium"],"potions_floor_usage":[16],"damage_taken":[{"damage":0.0,"enemies":"Cultist","floor":2.0,"turns":4.0},{"damage":0.0,"enemies":"Small Slimes","floor":3.0,"turns":2.0},{"damage":1.0,"enemies":"Jaw Worm","floor":4.0,"turns":4.0},{"damage":20.0,"enemies":"3 Sentries","floor":5.0,"turns":11.0},{"damage":14.0,"enemies":"3 Sentries","floor":6.0,"turns":7.0},{"damage":0.0,"enemies":"downfall:FleeingMerchant","floor":8.0,"turns":4.0},{"damage":33,"enemies":"Lagavulin","floor":10,"turns":8},{"damage":0,"enemies":"Blue Slaver","floor":11,"turns":2},{"damage":1,"enemies":"Large Slime","floor":12,"turns":6},{"damage":0,"enemies":"2 Fungi Beasts","floor":13,"turns":3},{"damage":0,"enemies":"downfall:FleeingMerchant","floor":14,"turns":4},{"damage":4,"enemies":"Gremlin Gang","floor":15,"turns":5},{"damage":16,"enemies":"downfall:Defect","floor":16,"turns":4}],"seed_played":"-1590584660494227790","potions_obtained":[{"floor":2.0,"key":"Swift Potion"},{"floor":4.0,"key":"Block Potion"},{"floor":10,"key":"SpeedPotion"},{"floor":11,"key":"Explosive Potion"}],"is_trial":false,"path_per_floor":["R","M","M","M","?","E","T","$","R","E","M","M","M","$","M","B"],"character_chosen":"GUARDIAN","items_purchased":["Juzu Bracelet","Guardian:PrimingBeam","Guardian:GuardianWhirl"],"campfire_rested":0,"item_purchase_floors":[8,8,14],"current_hp_per_floor":[88,88,88,87,67,53,53,53,53,20,20,19,19,19,15,0,0],"gold":56,"neow_bonus":"TEN_PERCENT_HP_BONUS","is_daily":false,"chose_seed":false,"campfire_upgraded":2,"win_rate":0.0,"timestamp":1608281334,"path_taken":["R","M","M","?","?","E","T","$","R","E","M","M","M","?","M","BOSS"],"items_purchased_type":["Relic","Card","Card"],"build_version":"2020-12-13","purchased_purges":1,"victory":false,"max_hp_per_floor":[88,88,88,88,88,88,88,88,88,88,88,88,88,88,88,88,88],"card_choices":[{"not_picked":["Guardian:SentryBeam","Guardian:WalkerClaw"],"picked":"Guardian:PrimingBeam","floor":2.0},{"not_picked":["Guardian:TemporalStrike","Guardian:WalkerClaw"],"picked":"Guardian:Gem_Cyan","floor":3.0},{"not_picked":["Guardian:WalkerClaw","Guardian:Clone"],"picked":"Guardian:Gem_Purple","floor":4.0},{"not_picked":["Guardian:MultiBeam","Guardian:TemporalShield"],"picked":"Guardian:Gem_Crimson","floor":5.0},{"not_picked":["Guardian:Recover","Guardian:ShieldCharger"],"picked":"Guardian:ConstructionForm","floor":6.0},{"not_picked":["Guardian:Gem_Cyan","Guardian:StasisStrike","Guardian:VentSteam"],"picked":"SKIP","floor":8.0},{"not_picked":["Guardian:PolyBeam","Guardian:TimeCapacitor"],"picked":"Guardian:Incinerate","floor":10},{"not_picked":["Guardian:Gem_Lightblue","Guardian:Recover","Guardian:PrimingBeam"],"picked":"SKIP","floor":11},{"not_picked":["Guardian:RollAttack","Guardian:CrystalBeam"],"picked":"Guardian:ChargeCore","floor":12},{"not_picked":["Guardian:Repulse","Guardian:DecasProtection","Guardian:PrimingBeam"],"picked":"SKIP","floor":13},{"not_picked":["Guardian:Gem_Green","Guardian:Gem_Cyan"],"picked":"Guardian:MultiBeam","floor":14},{"not_picked":["Guardian:WalkerClaw","Guardian:ShieldSpikes"],"picked":"Guardian:BronzeArmor","floor":15}],"player_experience":609756,"relics_obtained":[{"floor":5.0,"key":"PreservedInsect"},{"floor":6.0,"key":"Mummified Hand"},{"floor":7.0,"key":"Bottled Lightning"},{"floor":10,"key":"Tiny Chest"}],"event_choices":[],"is_beta":false,"boss_relics":[],"items_purged_floors":[8],"is_endless":false,"potions_floor_spawned":[2,4,10,11],"killed_by":"downfall:Defect","ascension_level":0}}