{"host":"36mulxq349byzoa2","time":1608256257,"event":{"mods":["AchievementEnabler","BaseMod","Better Match","Block Reminder","Colored Map","Colored Powertips","Minty Spire (QoL Compilation)","Rare Cards Sparkle","StSLib","SuperFastMode"],"gold_per_floor":[117,117,129,140,65,65,65,83,83,118,118,143,143,143,143,143,143],"floor_reached":16,"playtime":314,"items_purged":["Strike_R"],"score":98,"play_id":"6ea41deb-de58-410f-af54-ff08b2b26c5c","local_time":"20201217205057","is_ascension_mode":false,"campfire_choices":[{"data":"Bash","floor":6,"key":"SMITH"},{"floor":11,"key":"REST"},{"floor":13,"key":"REST"},{"floor":15,"key":"REST"}],"circlet_count":0,"master_deck":["Strike_R","Strike_R","Strike_R","Strike_R","Defend_R","Defend_R","Bash+1"],"relics":["Burning Blood","Ornamental Fan","Kunai","Odd Mushroom","Golden Idol"],"acts_visited":["Exordium"],"potions_floor_usage":[12,12,16],"damage_taken":[{"damage":2,"enemies":"2 Louse","floor":1,"turns":3},{"damage":0,"enemies":"Small Slimes","floor":3,"turns":3},{"damage":11,"enemies":"Jaw Worm","floor":4,"turns":2},{"damage":33,"enemies":"Exordium Thugs","floor":8,"turns":4},{"damage":24,"enemies":"Gremlin Nob","floor":10,"turns":4},{"damage":34,"enemies":"The Mushroom Lair","floor":12,"turns":6},{"damage":71,"enemies":"Slime Boss","floor":16,"turns":12}],"seed_played":"56501598423403847","potions_obtained":[{"floor":3,"key":"EntropicBrew"},{"floor":8,"key":"LiquidMemories"},{"floor":10,"key":"EssenceOfSteel"}],"is_trial":false,"path_per_floor":["M","?","M","M","$","R","$","M","T","E","R","?","R","?","R","B"],"character_chosen":"IRONCLAD","items_purchased":[],"campfire_rested":3,"item_purchase_floors":[],"current_hp_per_floor":[80,73,79,74,74,74,74,47,47,29,53,25,49,49,71,0,0],"gold":143,"neow_bonus":"REMOVE_CARD","is_daily":false,"chose_seed":false,"campfire_upgraded":1,"win_rate":0.0,"timestamp":1608256257,"path_taken":["M","?","M","M","$","R","$","M","T","E","R","?","R","?","R","BOSS"],"items_purchased_type":[],"build_version":"2020-12-13","purchased_purges":1,"victory":false,"max_hp_per_floor":[80,80,80,80,80,80,80,80,80,80,80,80,80,74,74,74,74],"card_choices":[{"not_picked":["Havoc","Heavy Blade","Pommel Strike"],"picked":"SKIP","floor":1},{"not_picked":["Flex","Combust","Sentinel"],"picked":"SKIP","floor":3},{"not_picked":["Impervious","Blood for Blood","Thunderclap"],"picked":"SKIP","floor":4},{"not_picked":["Ghostly Armor","True Grit","Iron Wave"],"picked":"SKIP","floor":8},{"not_picked":["Pommel Strike","Havoc","Warcry"],"picked":"SKIP","floor":10}],"player_experience":982364,"relics_obtained":[{"floor":9,"key":"Ornamental Fan"},{"floor":10,"key":"Kunai"},{"floor":12,"key":"Odd Mushroom"}],"event_choices":[{"cards_removed":["Defend_R"],"damage_healed":0,"gold_gain":0,"player_choice":"Card Removal","damage_taken":7,"max_hp_gain":0,"max_hp_loss":0,"event_name":"Golden Wing","floor":2,"gold_loss":0},{"damage_healed":0,"gold_gain":0,"player_choice":"Fought Mushrooms","damage_taken":0,"max_hp_gain":0,"max_hp_loss":0,"event_name":"Mushrooms","floor":12,"gold_loss":0},{"damage_healed":0,"gold_gain":0,"player_choice":"Lose Max HP","damage_taken":0,"relics_obtained":["Golden Idol"],"max_hp_gain":0,"max_hp_loss":6,"event_name":"Golden Idol","floor":14,"gold_loss":0}],"is_beta":false,"boss_relics":[],"items_purged_floors":[5],"is_endless":false,"potions_floor_spawned":[3,8,10],"killed_by":"Slime Boss","ascension_level":0}}