{"host":"Qube","time":1608330790,"event":{"mods":["AchievementEnabler","BaseMod","Colored Powertips","Minty Spire (QoL Compilation)","Quick Restart","Random Character Button"],"gold_per_floor":[110,130,149,169,182,182,216,216,216,235,235,248,260,287,287,361,361,373,373,391,57,57,57,107,107,107,138,154,154,164,199,199,274,274,287,287,287,303,318,318,337,337,337,337,38,38,55,68,68,68,68],"floor_reached":50,"playtime":2300,"items_purged":["Defend_B"],"score":967,"play_id":"93a8531d-9289-4c83-9a14-23a158654cb2","local_time":"20201218143310","is_ascension_mode":true,"campfire_choices":[{"floor":6.0,"key":"REST"},{"floor":8.0,"key":"REST"},{"floor":15.0,"key":"REST"},{"floor":23.0,"key":"REST"},{"data":"Defragment","floor":25.0,"key":"SMITH"},{"floor":32.0,"key":"REST"},{"data":"Zap","floor":40.0,"key":"SMITH"},{"data":"Self Repair","floor":42.0,"key":"SMITH"},{"data":"Electrodynamics","floor":44.0,"key":"SMITH"},{"data":"Stack","floor":46.0,"key":"SMITH"},{"floor":49.0,"key":"REST"}],"circlet_count":0,"master_deck":["AscendersBane","Strike_B","Strike_B","Strike_B","Defend_B","Zap+1","Dualcast","Ball Lightning","Genetic Algorithm","Beam Cell","Conserve Battery","Streamline","Auto Shields","Self Repair+1","Rebound","Thunder Strike","Defragment+1","Electrodynamics+1","Seek","Reinforced Body","Reboot","Ball Lightning+1","Stack+1","Loop"],"relics":["Cracked Core","Torii","Vajra","Singing Bowl","StrikeDummy","Cursed Key","Nilry\u0027s Codex","Bottled Tornado","Cables","SlaversCollar","Strange Spoon"],"acts_visited":["Exordium","TheCity","TheBeyond"],"potions_floor_usage":[50],"damage_taken":[{"damage":9.0,"enemies":"Jaw Worm","floor":1.0,"turns":4.0},{"damage":1.0,"enemies":"Cultist","floor":2.0,"turns":3.0},{"damage":7.0,"enemies":"Small Slimes","floor":3.0,"turns":2.0},{"damage":7.0,"enemies":"2 Fungi Beasts","floor":4.0,"turns":3.0},{"damage":13.0,"enemies":"Lots of Slimes","floor":5.0,"turns":4.0},{"damage":24.0,"enemies":"3 Sentries","floor":7.0,"turns":8.0},{"damage":0.0,"enemies":"Looter","floor":10.0,"turns":2.0},{"damage":0.0,"enemies":"Blue Slaver","floor":12.0,"turns":2.0},{"damage":2.0,"enemies":"Gremlin Gang","floor":13.0,"turns":5.0},{"damage":14.0,"enemies":"Lagavulin","floor":14.0,"turns":6.0},{"damage":21.0,"enemies":"The Guardian","floor":16.0,"turns":12.0},{"damage":7.0,"enemies":"2 Thieves","floor":18.0,"turns":3.0},{"damage":23.0,"enemies":"Spheric Guardian","floor":20.0,"turns":4.0},{"damage":37.0,"enemies":"Book of Stabbing","floor":27.0,"turns":5.0},{"damage":14.0,"enemies":"Centurion and Healer","floor":28.0,"turns":4.0},{"damage":0.0,"enemies":"Chosen and Byrds","floor":30.0,"turns":4.0},{"damage":32.0,"enemies":"Slavers","floor":31.0,"turns":4.0},{"damage":29.0,"enemies":"Collector","floor":33.0,"turns":6.0},{"damage":17.0,"enemies":"3 Darklings","floor":35.0,"turns":3.0},{"damage":1.0,"enemies":"Orb Walker","floor":38.0,"turns":4.0},{"damage":12.0,"enemies":"Spire Growth","floor":39.0,"turns":5.0},{"damage":0.0,"enemies":"Sphere and 2 Shapes","floor":41.0,"turns":3.0},{"damage":41.0,"enemies":"Jaw Worm Horde","floor":47.0,"turns":4.0},{"damage":26.0,"enemies":"Writhing Mass","floor":48.0,"turns":9.0},{"damage":62,"enemies":"Donu and Deca","floor":50,"turns":6}],"seed_played":"5290350235967849147","potions_obtained":[{"floor":2.0,"key":"FairyPotion"},{"floor":7.0,"key":"GamblersBrew"},{"floor":13.0,"key":"SpeedPotion"},{"floor":16.0,"key":"DistilledChaos"},{"floor":20.0,"key":"SpeedPotion"},{"floor":31.0,"key":"PowerPotion"},{"floor":33.0,"key":"BlessingOfTheForge"},{"floor":35.0,"key":"Dexterity Potion"},{"floor":38.0,"key":"LiquidBronze"},{"floor":48.0,"key":"EssenceOfDarkness"}],"is_trial":false,"path_per_floor":["M","M","M","M","M","R","E","R","T","M","?","M","M","E","R","B",null,"M","?","M","$","?","R","?","R","T","E","M","?","M","E","R","B",null,"M","?","?","M","M","R","M","R","T","R","$","R","M","M","R","B"],"character_chosen":"DEFECT","items_purchased":["Electrodynamics","Seek","Strange Spoon","Stack"],"campfire_rested":6,"item_purchase_floors":[21,21,45,45],"current_hp_per_floor":[37,36,29,22,9,30,6,27,27,27,27,27,34,27,48,34,63,65,65,49,49,28,50,50,50,50,22,17,17,26,24,48,26,67,57,57,57,65,62,62,64,64,64,64,64,64,35,19,45,0,0],"gold":68,"neow_bonus":"ONE_RARE_RELIC","is_daily":false,"chose_seed":false,"campfire_upgraded":5,"win_rate":0.0,"timestamp":1608330790,"path_taken":["M","M","M","M","M","R","E","R","T","M","?","M","?","E","R","BOSS","M","?","M","$","?","R","?","R","T","E","M","?","?","E","R","BOSS","M","?","?","?","M","R","M","R","T","R","$","R","M","M","R","BOSS"],"items_purchased_type":["Card","Card","Relic","Card"],"build_version":"2020-12-17","purchased_purges":1,"victory":false,"max_hp_per_floor":[71,71,71,71,71,71,71,71,71,71,71,71,73,73,73,73,73,75,75,75,75,75,75,75,75,75,77,79,79,81,81,81,81,81,81,81,81,83,85,85,87,87,87,87,87,87,89,89,89,89,89],"card_choices":[{"not_picked":["Turbo","Tempest"],"picked":"Ball Lightning","floor":1.0},{"not_picked":["Barrage","Hologram"],"picked":"Genetic Algorithm","floor":2.0},{"not_picked":["Capacitor","Conserve Battery"],"picked":"Beam Cell","floor":3.0},{"not_picked":["Stack","Amplify","Turbo"],"picked":"SKIP","floor":4.0},{"not_picked":["Gash","Beam Cell"],"picked":"Conserve Battery","floor":5.0},{"not_picked":["Steam","Blizzard"],"picked":"Streamline","floor":7.0},{"not_picked":["Barrage","Chaos"],"picked":"Auto Shields","floor":10.0},{"not_picked":["Fusion","Cold Snap"],"picked":"Self Repair","floor":12.0},{"not_picked":["Coolheaded","Compile Driver","Auto Shields"],"picked":"Singing Bowl","floor":13.0},{"not_picked":["Chaos","Coolheaded"],"picked":"Rebound","floor":14.0},{"not_picked":["Fission","Multi-Cast"],"picked":"Thunder Strike","floor":16.0},{"not_picked":["Cold Snap","Go for the Eyes","Steam"],"picked":"Singing Bowl","floor":18.0},{"not_picked":["Sweeping Beam","Recycle"],"picked":"Defragment","floor":20.0},{"not_picked":["Leap","Cold Snap","Stack+1"],"picked":"Singing Bowl","floor":27.0},{"not_picked":["Chill","Consume","Gash"],"picked":"Singing Bowl","floor":28.0},{"not_picked":["Ball Lightning","Rebound","Steam"],"picked":"Singing Bowl","floor":30.0},{"not_picked":["Fusion","Barrage"],"picked":"Reinforced Body","floor":31.0},{"not_picked":["All For One","Echo Form"],"picked":"Reboot","floor":33.0},{"not_picked":["Steam","Beam Cell"],"picked":"Ball Lightning+1","floor":35.0},{"not_picked":["Reprogram","FTL+1","Redo+1"],"picked":"Singing Bowl","floor":38.0},{"not_picked":["Coolheaded","Gash","Sunder"],"picked":"Singing Bowl","floor":39.0},{"not_picked":["White Noise","Rebound+1","Coolheaded"],"picked":"Singing Bowl","floor":41.0},{"not_picked":["Ball Lightning+1","Go for the Eyes","Compile Driver"],"picked":"Singing Bowl","floor":47.0},{"not_picked":["Stack","Multi-Cast"],"picked":"Loop","floor":48.0}],"player_experience":713857,"relics_obtained":[{"floor":7.0,"key":"Vajra"},{"floor":9.0,"key":"Singing Bowl"},{"floor":14.0,"key":"StrikeDummy"},{"floor":22.0,"key":"Nilry\u0027s Codex"},{"floor":27.0,"key":"Bottled Tornado"},{"floor":31.0,"key":"Cables"}],"event_choices":[{"cards_removed":["Defend_B"],"damage_healed":0.0,"max_hp_gain":0.0,"max_hp_loss":0.0,"gold_gain":0.0,"event_name":"Bonfire Elementals","player_choice":"Offered Basic","floor":11.0,"gold_loss":0.0,"damage_taken":0.0},{"damage_healed":0.0,"max_hp_gain":0.0,"max_hp_loss":0.0,"gold_gain":0.0,"event_name":"The Mausoleum","player_choice":"Ignored","floor":19.0,"gold_loss":0.0,"damage_taken":0.0},{"damage_healed":0.0,"max_hp_gain":0.0,"max_hp_loss":0.0,"gold_gain":0.0,"event_name":"Cursed Tome","player_choice":"Obtained Book","floor":22.0,"gold_loss":0.0,"damage_taken":21.0},{"damage_healed":0.0,"max_hp_gain":0.0,"max_hp_loss":0.0,"gold_gain":50.0,"event_name":"Nest","player_choice":"Stole From Cult","floor":24.0,"gold_loss":0.0,"damage_taken":0.0},{"cards_removed":["Defend_B"],"damage_healed":0.0,"max_hp_gain":0.0,"max_hp_loss":0.0,"gold_gain":0.0,"event_name":"Purifier","player_choice":"Purged","floor":29.0,"gold_loss":0.0,"damage_taken":0.0},{"damage_healed":0.0,"max_hp_gain":0.0,"max_hp_loss":0.0,"gold_gain":0.0,"event_name":"Tomb of Lord Red Mask","player_choice":"Ignored","floor":36.0,"gold_loss":0.0,"damage_taken":0.0},{"cards_removed":["Strike_B"],"damage_healed":0.0,"max_hp_gain":0.0,"max_hp_loss":0.0,"gold_gain":0.0,"event_name":"Wheel of Change","player_choice":"Card Removal","floor":37.0,"gold_loss":0.0,"damage_taken":0.0}],"is_beta":true,"boss_relics":[{"not_picked":["FrozenCore","Coffee Dripper"],"picked":"Cursed Key"},{"not_picked":["Tiny House","Runic Dome"],"picked":"SlaversCollar"}],"items_purged_floors":[45],"is_endless":false,"potions_floor_spawned":[2,7,13,16,20,27,31,33,35,38,48],"killed_by":"Donu and Deca","ascension_level":19}}