{"host":"8fjsnt81u6xsmhji","time":1608333415,"event":{"mods":["BaseMod","Colored Powertips","Downfall","Glutton Mod","Minty Spire (QoL Compilation)","Quick Restart","Somnambulant","StSLib","The Bug Knight","The Construct","The Forsaken","The Hierophant","The Mystic"],"gold_per_floor":[99,127,127,139,239,239,291,291,291,216,235,247,264,264,284,386,386,386,386,417,417,429,443,443,543,543,574,390,390,403,418,436,533,533,383,401,421,146,146,167,167,196,208,208,208,224,124,140,152,152,152,152,152],"floor_reached":52,"playtime":4743,"items_purged":["Bite","HollowMod:SoulMaster"],"score":722,"play_id":"ec0169bc-aac1-47cd-99b8-f2261b0954ed","local_time":"20201218171655","is_ascension_mode":false,"campfire_choices":[{"floor":1.0,"key":"REST"},{"floor":3.0,"key":"RECALL"},{"floor":10.0,"key":"REST"},{"data":"HollowMod:SlysStrikes","floor":18.0,"key":"SMITH"},{"data":"HollowMod:SoulShaman","floor":21.0,"key":"SMITH"},{"data":"HollowMod:GrimmsGift","floor":35.0,"key":"SMITH"},{"floor":39.0,"key":"REST"},{"floor":44.0,"key":"REST"}],"circlet_count":0,"master_deck":["HollowMod:QuickDashStart","HollowMod:QuickDashStart+1","HollowMod:QuickDashStart","HollowMod:FocusHealStart+1","HollowMod:PogoStrike","HollowMod:DashSlash","HollowMod:SoulShaman+1","HollowMod:InfectedCysts","HollowMod:NewGlowingWomb","HollowMod:ChannelNail+1","HollowMod:HuntersJournal+1","HollowMod:MonarchWings","HollowMod:SlysStrikes+1","HollowMod:TaintedHusks+1","HollowMod:GrimmsGift+1","Bite","Bite","Bite","Bite+1","HollowMod:SiblingsSouls","HollowMod:NewGlowingWomb","HollowMod:InfectedAttack+1","HollowMod:DoubleDash","HollowMod:InfectionAssault","HollowMod:HuntersJournal","HollowMod:InfectedCysts","HollowMod:PureNailStrike","HollowMod:DungDefenderAura","HollowMod:HuntersJournal+1"],"relics":["HollowMod:VesselMask","Ice Cream","Juzu Bracelet","downfall:ShatteredFragment","downfall:HeartBlessingRed","Philosopher\u0027s Stone","War Paint","White Beast Statue","Letter Opener","downfall:HeartBlessingBlue","downfall:HeartBlessingGreen","HollowMod:KingsBrand","Whetstone","Nunchaku","theForsaken:Lifeblossom","Mercury Hourglass"],"acts_visited":["Exordium","TheCity","TheBeyond","TheEnding"],"potions_floor_usage":[52,52,52],"damage_taken":[{"damage":17.0,"enemies":"3 Sentries","floor":2.0,"turns":12.0},{"damage":1.0,"enemies":"Jaw Worm","floor":4.0,"turns":6.0},{"damage":65.0,"enemies":"downfall:Heads","floor":5.0,"turns":7.0},{"damage":2.0,"enemies":"Small Slimes","floor":11.0,"turns":3.0},{"damage":0.0,"enemies":"Cultist","floor":12.0,"turns":2.0},{"damage":0.0,"enemies":"Gremlin Gang","floor":13.0,"turns":1.0},{"damage":1.0,"enemies":"Large Slime","floor":15.0,"turns":5.0},{"damage":66.0,"enemies":"downfall:Defect","floor":16.0,"turns":9.0},{"damage":16.0,"enemies":"HollowMod:Nosk","floor":20.0,"turns":6.0},{"damage":10.0,"enemies":"3 Byrds","floor":22.0,"turns":3.0},{"damage":0.0,"enemies":"Spheric Guardian","floor":23.0,"turns":3.0},{"damage":22.0,"enemies":"downfall:LadyInBlue","floor":25.0,"turns":8.0},{"damage":15.0,"enemies":"Gremlin Leader","floor":27.0,"turns":6.0},{"damage":11.0,"enemies":"downfall:FleeingMerchant","floor":28.0,"turns":4.0},{"damage":17.0,"enemies":"Centurion and Healer","floor":30.0,"turns":4.0},{"damage":28.0,"enemies":"Snake Plant","floor":31.0,"turns":4.0},{"damage":7.0,"enemies":"Snecko","floor":32.0,"turns":4.0},{"damage":56.0,"enemies":"downfall:Ironclad","floor":33.0,"turns":6.0},{"damage":12.0,"enemies":"3 Shapes","floor":36.0,"turns":6.0},{"damage":42.0,"enemies":"Orb Walker","floor":37.0,"turns":4.0},{"damage":9.0,"enemies":"downfall:FleeingMerchant","floor":38.0,"turns":4.0},{"damage":0.0,"enemies":"downfall:FleeingMerchant","floor":40.0,"turns":3.0},{"damage":31.0,"enemies":"Giant Head","floor":42.0,"turns":6.0},{"damage":36.0,"enemies":"Writhing Mass","floor":43.0,"turns":5.0},{"damage":1.0,"enemies":"3 Darklings","floor":46.0,"turns":2.0},{"damage":13.0,"enemies":"Jaw Worm Horde","floor":48.0,"turns":4.0},{"damage":34.0,"enemies":"Writhing Mass","floor":49.0,"turns":6.0},{"damage":87.0,"enemies":"downfall:Silent","floor":50.0,"turns":9.0},{"damage":129,"enemies":"downfall:CharBossMerchant","floor":52,"turns":7}],"seed_played":"826981556970021210","potions_obtained":[{"floor":2.0,"key":"Slimebound:ThreeZeroPotion"},{"floor":8.0,"key":"AttackPotion"},{"floor":8.0,"key":"Guardian:BlockOnCardUsePotion"},{"floor":8.0,"key":"Explosive Potion"},{"floor":13.0,"key":"Weak Potion"},{"floor":16.0,"key":"SteroidPotion"},{"floor":22.0,"key":"AttackPotion"},{"floor":25.0,"key":"EntropicBrew"},{"floor":25.0,"key":"hexamod:EctoCoolerPotion"},{"floor":28.0,"key":"CultistPotion"},{"floor":30.0,"key":"Dexterity Potion"},{"floor":31.0,"key":"PowerPotion"},{"floor":32.0,"key":"AttackPotion"},{"floor":33.0,"key":"Strength Potion"},{"floor":36.0,"key":"EntropicBrew"},{"floor":38.0,"key":"Dexterity Potion"},{"floor":42.0,"key":"DuplicationPotion"},{"floor":43.0,"key":"GamblersBrew"},{"floor":46.0,"key":"SkillPotion"},{"floor":48.0,"key":"Strength Potion"},{"floor":49.0,"key":"champ:CounterPotion"}],"is_trial":false,"path_per_floor":["R","E","R","M","?","?","T","?","?","R","M","M","M","?","M","B",null,"R","?","E","R","M","M","T","?","?","E","$","?","M","M","M","B",null,"R","M","M","$","R","$","T","E","M","R","?","M","$","M","M","B",null,"E"],"character_chosen":"THE_BUGKNIGHT","items_purchased":["HollowMod:InfectedAttack","HollowMod:DoubleDash","HollowMod:KingsBrand","HollowMod:PureNailStrike","HollowMod:DungDefenderAura","Whetstone","Nunchaku"],"campfire_rested":4,"item_purchase_floors":[28,28,38,38,38,40,40],"current_hp_per_floor":[75,70,70,75,16,16,16,16,16,38,44,52,54,54,67,13,75,75,75,69,69,67,69,69,61,61,75,69,69,68,56,59,23,75,85,83,52,53,78,80,80,77,60,85,85,85,85,85,72,28,85,0,0],"gold":152,"neow_bonus":"ONE_RARE_RELIC","is_daily":false,"chose_seed":false,"campfire_upgraded":3,"win_rate":0.0,"timestamp":1608333415,"path_taken":["R","E","R","M","?","?","T","?","?","R","M","M","M","?","M","BOSS","R","?","E","R","M","M","T","?","?","E","$","?","M","M","M","BOSS","R","M","M","$","R","$","T","E","M","R","?","M","?","M","M","BOSS","E"],"items_purchased_type":["Card","Card","Relic","Card","Card","Relic","Relic"],"build_version":"2020-12-13","purchased_purges":2,"victory":false,"max_hp_per_floor":[75,75,75,75,75,75,75,75,75,75,75,75,75,75,75,75,75,75,75,75,75,75,75,75,75,75,75,75,75,75,75,75,75,75,85,85,85,85,85,85,85,85,85,85,85,85,85,85,85,85,85,85,85],"card_choices":[{"not_picked":["HollowMod:GreatSlash","HollowMod:HeavyBlow"],"picked":"HollowMod:DashSlash","floor":2.0},{"not_picked":["HollowMod:ShadowDash","HollowMod:ChannelNail"],"picked":"HollowMod:SoulShaman","floor":4.0},{"not_picked":["HollowMod:VengefulVoid","HollowMod:ChannelNail"],"picked":"HollowMod:InfectedCysts","floor":5.0},{"not_picked":["HollowMod:WraithStrike","HollowMod:DungDefenderAura"],"picked":"HollowMod:NewGlowingWomb","floor":11.0},{"not_picked":["HollowMod:WraithStrike","HollowMod:SiblingsShadow"],"picked":"HollowMod:ChannelNail","floor":12.0},{"not_picked":["HollowMod:GreatSlash","HollowMod:SharpenedNail"],"picked":"HollowMod:HuntersJournal","floor":13.0},{"not_picked":["HollowMod:CycloneSlash","HollowMod:BaldurShell","HollowMod:SoulStrike"],"picked":"SKIP","floor":15.0},{"not_picked":["HollowMod:Weaversong","HollowMod:SoulMaster"],"picked":"HollowMod:SlysStrikes","floor":16.0},{"not_picked":["HollowMod:SiblingsShadow","HollowMod:DashSlash"],"picked":"HollowMod:TaintedHusks+1","floor":20.0},{"not_picked":["HollowMod:SharpenedShadows","HollowMod:VengefulVoid","HollowMod:CrystalDash"],"picked":"SKIP","floor":22.0},{"not_picked":["HollowMod:NewLittleFool","HollowMod:WraithStrike+1","HollowMod:SoulStrike"],"picked":"SKIP","floor":23.0},{"not_picked":["HollowMod:LifebloodCocoon","HollowMod:SoulStrike"],"picked":"HollowMod:GrimmsGift","floor":25.0},{"not_picked":["HollowMod:HeavyBlow+1","HollowMod:RecoilStrike+1"],"picked":"HollowMod:SiblingsSouls","floor":27.0},{"not_picked":["HollowMod:HornetsHelp","HollowMod:CoiledNail+1"],"picked":"HollowMod:NewGlowingWomb","floor":28.0},{"not_picked":["HollowMod:NewJinnsSoul","HollowMod:LifebloodCocoon"],"picked":"HollowMod:InfectionAssault","floor":30.0},{"not_picked":["HollowMod:DescendingDark","HollowMod:CornifersMapStart","HollowMod:ChannelNail"],"picked":"SKIP","floor":31.0},{"not_picked":["HollowMod:NewJinnsSoul","HollowMod:RecoilStrike+1"],"picked":"HollowMod:HuntersJournal","floor":32.0},{"not_picked":["HollowMod:PureVessel","HollowMod:ElderbugsWisdom"],"picked":"HollowMod:SoulMaster","floor":33.0},{"not_picked":["HollowMod:SoulSplash+1","HollowMod:WraithStrike+1","HollowMod:VengefulVoid+1"],"picked":"SKIP","floor":36.0},{"not_picked":["HollowMod:SharpenedNail","HollowMod:FastStrike"],"picked":"HollowMod:InfectedCysts","floor":37.0},{"not_picked":["HollowMod:CycloneSlash+1","HollowMod:BlackTendrils","HollowMod:VengefulSpirit"],"picked":"SKIP","floor":38.0},{"not_picked":["HollowMod:TaintedHusks+1","HollowMod:SoulSplash"],"picked":"HollowMod:HuntersJournal+1","floor":42.0},{"not_picked":["HollowMod:HeavyBlow","HollowMod:GreatSlash","HollowMod:SoulStrike+1"],"picked":"SKIP","floor":43.0},{"not_picked":["HollowMod:DreamGate","HollowMod:DashSlash","HollowMod:SharpenedNail+1"],"picked":"SKIP","floor":46.0},{"not_picked":["HollowMod:InfectionAssault+1","HollowMod:ZotesMagnificence","HollowMod:GrimmsGift+1"],"picked":"SKIP","floor":48.0},{"not_picked":["HollowMod:SharpenedNail+1","HollowMod:SharpenedShadows+1","HollowMod:GreatSlash"],"picked":"SKIP","floor":49.0}],"player_experience":569352,"relics_obtained":[{"floor":2.0,"key":"Juzu Bracelet"},{"floor":7.0,"key":"Blood Vial"},{"floor":20.0,"key":"War Paint"},{"floor":25.0,"key":"White Beast Statue"},{"floor":27.0,"key":"Letter Opener"},{"floor":41.0,"key":"theForsaken:Lifeblossom"},{"floor":42.0,"key":"Mercury Hourglass"}],"event_choices":[{"damage_healed":0.0,"max_hp_gain":0.0,"max_hp_loss":0.0,"gold_gain":0.0,"event_name":"NoteForYourself","player_choice":"Ignored","floor":6.0,"gold_loss":0.0,"damage_taken":0.0},{"damage_healed":0.0,"max_hp_gain":0.0,"max_hp_loss":0.0,"gold_gain":0.0,"event_name":"Lab","player_choice":"Got Potions","floor":8.0,"gold_loss":0.0,"damage_taken":0.0},{"damage_healed":0.0,"max_hp_gain":0.0,"max_hp_loss":0.0,"gold_gain":0.0,"cards_transformed":["HollowMod:SoulMaster"],"event_name":"Transmorgrifier","player_choice":"Transformed","floor":14.0,"gold_loss":0.0,"damage_taken":0.0,"cards_obtained":["HollowMod:MonarchWings"]},{"damage_healed":0.0,"max_hp_gain":0.0,"max_hp_loss":0.0,"gold_gain":0.0,"event_name":"Vampires","player_choice":"Became a vampire (Vial)","floor":26.0,"relics_lost":["Blood Vial"],"gold_loss":0.0,"damage_taken":0.0,"cards_obtained":["Bite","Bite","Bite","Bite","Bite"]},{"damage_healed":0.0,"max_hp_gain":0.0,"max_hp_loss":0.0,"gold_gain":0.0,"event_name":"Accursed Blacksmith","player_choice":"Forge","floor":45.0,"gold_loss":0.0,"damage_taken":0.0,"cards_upgraded":["HollowMod:ChannelNail"]}],"is_beta":false,"boss_relics":[{"not_picked":["Cursed Key","Tiny House"],"picked":"Philosopher\u0027s Stone"},{"not_picked":["Busted Crown","theForsaken:PaleLantern","Sozu"]}],"items_purged_floors":[28,47],"is_endless":false,"potions_floor_spawned":[2,11,13,16,22,27,28,30,31,32,33,36,37,38,40,42,43,46,48,49],"killed_by":"downfall:CharBossMerchant","ascension_level":0}}