{"host":"6gzy6nvr8uokwcne","time":1608331527,"event":{"mods":["2.2 Compatiblity","AchievementEnabler","BaseMod","Marisa????????","Minty Spire (QoL Compilation)","Quick Restart","StSLib","The Alterego","The Cursed","The Disciple","The Dragon Tamer","The Necromancer","The Servant 0.9.4"],"gold_per_floor":[114,45,59,59,59,90,90,122,122,148,148,159,173,185,185,185,185,185],"floor_reached":16,"playtime":3576,"items_purged":[],"score":145,"play_id":"17a33991-021c-488f-9028-9fa2e38c7415","local_time":"20201218154527","daily_mods":["Heirloom"],"is_ascension_mode":false,"metric_token":851,"campfire_choices":[{"floor":7,"key":"REST"},{"data":"DTMod:SwitchingTactic","floor":11,"key":"SMITH"},{"data":"DTMod:ResonanceForm","floor":15,"key":"SMITH"}],"dtmod_dragon_data":[26,50,-1,-1,0,0],"circlet_count":0,"master_deck":["DTMod:Strike","DTMod:Strike","DTMod:Strike","DTMod:Strike","DTMod:DoubleHit","DTMod:TargetDefense","DTMod:TargetDefense","DTMod:TargetDefense","DTMod:TargetDefense","DTMod:SwitchingTactic+1","DTMod:ShieldDrain","DTMod:Dissolve","DTMod:MagicField","DTMod:CleansingStrike","DTMod:StarRain","DTMod:Shift","DTMod:Punisher","DTMod:FlameSlash","DTMod:ComboAttack","DTMod:TagTeam","DTMod:ResonanceForm+1"],"relics":["DTMod:PactStone","Du-Vu Doll","Unceasing Top","Singing Bowl","The Courier","Bottled Flame","HornCleat","DTMod:AncientBone"],"acts_visited":["Exordium"],"potions_floor_usage":[10,16,16],"damage_taken":[{"damage":0,"enemies":"Cultist","floor":1,"turns":4},{"damage":0,"enemies":"Jaw Worm","floor":3,"turns":4},{"damage":39,"enemies":"Lagavulin","floor":6,"turns":8},{"damage":5,"enemies":"Gremlin Nob","floor":8,"turns":5},{"damage":0,"enemies":"3 Sentries","floor":10,"turns":6},{"damage":0,"enemies":"2 Louse","floor":12,"turns":1},{"damage":0,"enemies":"2 Fungi Beasts","floor":13,"turns":3},{"damage":0,"enemies":"Blue Slaver","floor":14,"turns":3},{"damage":19,"enemies":"The Guardian","floor":16,"turns":14}],"seed_played":"1209065475749554631","potions_obtained":[{"floor":6,"key":"Energy Potion"},{"floor":12,"key":"Strength Potion"},{"floor":14,"key":"Weak Potion"}],"is_trial":true,"path_per_floor":["M","$","M","?","?","E","R","E","T","E","R","M","M","M","R","B"],"character_chosen":"THE_DT","items_purchased":["DTMod:Dissolve"],"campfire_rested":1,"item_purchase_floors":[2],"current_hp_per_floor":[45,45,45,45,45,6,19,14,14,16,16,18,18,18,18,0,0,0],"gold":185,"neow_bonus":"","is_daily":false,"chose_seed":false,"campfire_upgraded":2,"win_rate":0.0,"timestamp":1608331527,"path_taken":["M","$","?","?","?","E","R","E","T","E","R","M","M","M","R","BOSS"],"items_purchased_type":["Card"],"build_version":"2020-12-13","purchased_purges":0,"victory":false,"max_hp_per_floor":[45,45,45,45,45,45,45,45,45,47,47,49,49,49,49,49,49,49],"card_choices":[{"not_picked":["DTMod:BlazingStrike","DTMod:Coolant"],"picked":"DTMod:ShieldDrain","floor":1},{"not_picked":["DTMod:Hide","DTMod:MasterPlan"],"picked":"DTMod:MagicField","floor":3},{"not_picked":["DTMod:Cover","DTMod:CleansingStrike"],"picked":"DTMod:FlameSlash","floor":6},{"not_picked":["DTMod:MaximumCharge","DTMod:QuickFly"],"picked":"DTMod:ComboAttack","floor":8},{"not_picked":["DTMod:MasterPlan","DTMod:CalculatedDefense","DTMod:Cover"],"picked":"Singing Bowl","floor":10},{"not_picked":["DTMod:Conduct","DTMod:StarRain","DTMod:BlazingStrike"],"picked":"Singing Bowl","floor":12},{"not_picked":["DTMod:DeepFocus","DTMod:Threaten"],"picked":"DTMod:TagTeam","floor":13},{"not_picked":["DTMod:LastStand","DTMod:BizarreTactic"],"picked":"DTMod:ResonanceForm","floor":14}],"player_experience":425222,"relics_obtained":[{"floor":6,"key":"The Courier"},{"floor":8,"key":"Bottled Flame"},{"floor":9,"key":"HornCleat"},{"floor":10,"key":"DTMod:AncientBone"}],"event_choices":[{"damage_healed":0,"gold_gain":0,"player_choice":"Box","damage_taken":0,"relics_obtained":["Singing Bowl"],"max_hp_gain":0,"max_hp_loss":0,"event_name":"Big Fish","floor":5,"gold_loss":0,"cards_obtained":["Regret"]}],"is_beta":false,"boss_relics":[],"items_purged_floors":[],"is_endless":true,"potions_floor_spawned":[6,12,14],"killed_by":"The Guardian","ascension_level":0}}