{"host":"Kdaddybrian","time":1608252771,"event":{"mods":["AchievementEnabler","BaseMod","Bestiary","Colored Powertips","Minty Spire (QoL Compilation)","Potion Indicator Mod","Quick Restart","Rare Cards Sparkle","Relic Stats","StSLib","Uncapped"],"gold_per_floor":[117,292,306,325,50,79,79,79,79],"floor_reached":8,"playtime":463,"items_purged":[],"score":84,"play_id":"97ef00bb-2540-4639-9106-e9d1d96a2964","local_time":"20201217195251","is_ascension_mode":true,"campfire_choices":[{"data":"Defragment","floor":7,"key":"SMITH"}],"circlet_count":0,"master_deck":["AscendersBane","Strike_B","Strike_B","Strike_B","Strike_B","Defend_B","Defend_B","Defend_B","Defend_B","Zap","Dualcast","Cold Snap","Doubt","Capacitor","Defragment+1","Gash","Melter"],"relics":["Cracked Core","NeowsBlessing","OrangePellets","Happy Flower"],"acts_visited":["Exordium"],"potions_floor_usage":[],"damage_taken":[{"damage":0.0,"enemies":"Cultist","floor":1.0,"turns":1.0},{"damage":0.0,"enemies":"2 Louse","floor":3.0,"turns":1.0},{"damage":0.0,"enemies":"Small Slimes","floor":4.0,"turns":1.0},{"damage":37,"enemies":"Lagavulin","floor":6,"turns":7},{"damage":32,"enemies":"3 Sentries","floor":8,"turns":4}],"seed_played":"-2668545847427916153","potions_obtained":[{"floor":3.0,"key":"Weak Potion"},{"floor":6,"key":"SkillPotion"}],"is_trial":false,"path_per_floor":["M","?","M","M","$","E","R","E"],"character_chosen":"DEFECT","items_purchased":["OrangePellets","EssenceOfDarkness","Gash"],"campfire_rested":0,"item_purchase_floors":[5,5,5],"current_hp_per_floor":[68,68,68,68,68,31,31,0,0],"gold":79,"neow_bonus":"THREE_ENEMY_KILL","is_daily":false,"chose_seed":false,"campfire_upgraded":1,"win_rate":0.0,"timestamp":1608252771,"path_taken":["M","?","M","M","$","E","R","E"],"items_purchased_type":["Relic","Potion","Card"],"build_version":"2020-12-17","purchased_purges":0,"victory":false,"max_hp_per_floor":[75,75,75,75,75,75,75,75,75],"relic_stats":{"OrangePellets":[1],"Happy Flower":[1],"counters":[5,14],"obtain_stats":[{"OrangePellets":5,"NeowsBlessing":0,"Happy Flower":6,"Cracked Core":0},{"OrangePellets":3,"NeowsBlessing":0,"Happy Flower":4,"Cracked Core":0},{"OrangePellets":3,"NeowsBlessing":0,"Happy Flower":10,"Cracked Core":0}]},"card_choices":[{"not_picked":["Heatsinks","Static Discharge"],"picked":"Cold Snap","floor":1.0},{"not_picked":["Go for the Eyes","Cold Snap"],"picked":"Capacitor","floor":3.0},{"not_picked":["Lockon","Compile Driver"],"picked":"Defragment","floor":4.0},{"not_picked":["Skim","Coolheaded"],"picked":"Melter","floor":6}],"player_experience":2871561,"relics_obtained":[{"floor":6,"key":"Happy Flower"}],"event_choices":[{"damage_healed":0.0,"max_hp_gain":0.0,"max_hp_loss":0.0,"gold_gain":175.0,"event_name":"Liars Game","player_choice":"AGREE","floor":2.0,"gold_loss":0.0,"damage_taken":0.0,"cards_obtained":["Doubt"]}],"is_beta":true,"boss_relics":[],"items_purged_floors":[],"is_endless":false,"potions_floor_spawned":[3,6],"killed_by":"3 Sentries","ascension_level":10}}