{"host":"wha9hktbkslqvblg","time":1608297822,"event":{"mods":["BaseMod","Colored Map","Minty Spire (QoL Compilation)","Relic Stats","SuperFastMode","everything is the same but u backflip on backflip"],"gold_per_floor":[109,109,109,109,125,125,156,156,210,210,226,61,392,392,392,469,469,487,503,520,536,187,187,226,238,238,238,238,257,257,257,257,331,331,349,359,359,141,150,176,26,26,53,72,98,98,132,146,146,146,146,146,146,91,120,120],"floor_reached":57,"playtime":1421,"items_purged":["Strike_R","Bash","Dropkick","Dropkick"],"score":3607,"play_id":"8b39b42e-c64e-42ed-8efb-350727f3318e","local_time":"20201218222342","is_ascension_mode":true,"campfire_choices":[{"data":"Uppercut","floor":6.0,"key":"SMITH"},{"data":"Evolve","floor":8.0,"key":"SMITH"},{"floor":10.0,"key":"REST"},{"data":"Body Slam","floor":15.0,"key":"SMITH"},{"data":"Pommel Strike","floor":23.0,"key":"SMITH"},{"data":"Shrug It Off","floor":28.0,"key":"SMITH"},{"data":"Battle Trance","floor":30.0,"key":"SMITH"},{"floor":32.0,"key":"REST"},{"data":"Master of Strategy","floor":42.0,"key":"SMITH"},{"data":"Bloodletting","floor":46.0,"key":"SMITH"},{"floor":49.0,"key":"RECALL"},{"data":"Finesse","floor":53,"key":"SMITH"}],"circlet_count":0,"master_deck":["AscendersBane","Uppercut+1","Evolve+1","Body Slam+1","Pommel Strike+1","Entrench+1","Shrug It Off+1","Bloodletting+1","Battle Trance+1","Finesse+1","Master of Strategy+1"],"relics":["Black Blood","NeowsBlessing","HornCleat","Dream Catcher","PreservedInsect","Old Coin","Pandora\u0027s Box","ClockworkSouvenir","CeramicFish","InkBottle","Red Skull","Akabeko","Shovel","Blue Candle"],"acts_visited":["Exordium","TheCity","TheBeyond","TheEnding"],"potions_floor_usage":[56],"damage_taken":[{"damage":0.0,"enemies":"Small Slimes","floor":1.0,"turns":1.0},{"damage":0.0,"enemies":"Jaw Worm","floor":5.0,"turns":1.0},{"damage":0.0,"enemies":"Lagavulin","floor":7.0,"turns":1.0},{"damage":0.0,"enemies":"Cultist","floor":11.0,"turns":2.0},{"damage":0.0,"enemies":"Gremlin Nob","floor":13.0,"turns":3.0},{"damage":28.0,"enemies":"Hexaghost","floor":16.0,"turns":9.0},{"damage":29.0,"enemies":"3 Byrds","floor":18.0,"turns":6.0},{"damage":16.0,"enemies":"2 Thieves","floor":19.0,"turns":3.0},{"damage":6.0,"enemies":"Snake Plant","floor":20.0,"turns":4.0},{"damage":13.0,"enemies":"Centurion and Healer","floor":21.0,"turns":5.0},{"damage":19.0,"enemies":"Slavers","floor":24.0,"turns":2.0},{"damage":3.0,"enemies":"Shelled Parasite and Fungi","floor":25.0,"turns":3.0},{"damage":6.0,"enemies":"Snake Plant","floor":29.0,"turns":1.0},{"damage":12.0,"enemies":"Automaton","floor":33.0,"turns":3.0},{"damage":12.0,"enemies":"3 Darklings","floor":35.0,"turns":3.0},{"damage":3.0,"enemies":"Orb Walker","floor":36.0,"turns":2.0},{"damage":6.0,"enemies":"Reptomancer","floor":40.0,"turns":2.0},{"damage":6.0,"enemies":"Jaw Worm Horde","floor":44.0,"turns":1.0},{"damage":9.0,"enemies":"Nemesis","floor":45.0,"turns":1.0},{"damage":6.0,"enemies":"Reptomancer","floor":47.0,"turns":1.0},{"damage":15.0,"enemies":"Transient","floor":48.0,"turns":3.0},{"damage":21.0,"enemies":"Time Eater","floor":50.0,"turns":5.0},{"damage":9.0,"enemies":"Donu and Deca","floor":51.0,"turns":1.0},{"damage":6,"enemies":"Shield and Spear","floor":55,"turns":1},{"damage":41,"enemies":"The Heart","floor":56,"turns":5}],"seed_played":"9114009587669912591","potions_obtained":[{"floor":7.0,"key":"LiquidBronze"},{"floor":11.0,"key":"FairyPotion"},{"floor":19.0,"key":"Strength Potion"},{"floor":21.0,"key":"Block Potion"},{"floor":29.0,"key":"Ancient Potion"},{"floor":48.0,"key":"Dexterity Potion"}],"is_trial":false,"path_per_floor":["M","?","?","?","M","R","E","R","T","R","M","$","E","?","R","B",null,"M","M","M","M","$","R","E","M","T","?","R","M","R","?","R","B",null,"M","M","?","$","?","E","$","R","T","M","E","R","E","M","R","B","B",null,"R","$","E","B",null],"character_chosen":"IRONCLAD","items_purchased":["Dropkick","Dropkick","ClockworkSouvenir","Finesse","PowerPotion"],"campfire_rested":2,"item_purchase_floors":[12,22,22,38,54],"current_hp_per_floor":[74,67,67,49,55,55,61,61,61,75,75,75,75,75,75,53,70,47,37,37,30,30,30,17,20,20,20,20,20,20,20,42,36,65,65,74,71,71,61,67,67,67,67,71,71,71,71,68,68,59,62,69,69,69,71,42],"gold":120,"neow_bonus":"THREE_ENEMY_KILL","is_daily":false,"chose_seed":false,"campfire_upgraded":9,"win_rate":0.0,"timestamp":1608297822,"path_taken":["M","?","?","?","M","R","E","R","T","R","M","$","E","?","R","BOSS","M","M","?","M","$","R","E","M","T","?","R","M","R","?","R","BOSS","M","M","?","$","?","E","?","R","T","M","E","R","E","M","R","BOSS","BOSS","R","$","E","BOSS"],"items_purchased_type":["Card","Card","Relic","Card","Potion"],"build_version":"2020-12-13","purchased_purges":4,"victory":true,"max_hp_per_floor":[75,75,75,75,75,75,75,75,75,75,75,75,75,75,75,75,75,75,75,75,75,75,75,75,75,75,75,75,75,75,75,75,75,75,75,75,71,71,71,71,71,71,71,71,71,71,71,71,71,71,71,71,71,71,71,71],"relic_stats":{"Dream Catcher":2,"Shovel":0,"counters":[25,69],"CeramicFish":27,"Blue Candle":[1],"Black Blood":189,"Pandora\u0027s Box":["Bludgeon","Warcry","Rampage","Offering","Brutality","Juggernaut"],"PreservedInsect":313,"obtain_stats":[{"NeowsBlessing":0,"CeramicFish":24,"Blue Candle":55,"Black Blood":34,"PreservedInsect":9,"Burning Blood":0,"Akabeko":45,"Old Coin":13,"ClockworkSouvenir":22,"Dream Catcher":7,"HornCleat":4,"Shovel":47,"Pandora\u0027s Box":17,"InkBottle":40,"Red Skull":43},{"NeowsBlessing":0,"CeramicFish":11,"Blue Candle":24,"Black Blood":14,"PreservedInsect":3,"Burning Blood":0,"Akabeko":19,"Old Coin":5,"ClockworkSouvenir":10,"Dream Catcher":3,"HornCleat":1,"Shovel":20,"Pandora\u0027s Box":6,"InkBottle":17,"Red Skull":17},{"NeowsBlessing":0,"CeramicFish":37,"Blue Candle":64,"Black Blood":44,"PreservedInsect":3,"Burning Blood":0,"Akabeko":53,"Old Coin":8,"ClockworkSouvenir":35,"Dream Catcher":3,"HornCleat":1,"Shovel":54,"Pandora\u0027s Box":17,"InkBottle":51,"Red Skull":51}],"InkBottle":[20]},"card_choices":[{"not_picked":["Armaments","Flex","Clothesline"],"picked":"SKIP","floor":1.0},{"not_picked":["Clash","Pommel Strike"],"picked":"Uppercut","floor":5.0},{"not_picked":["Anger","Twin Strike"],"picked":"Evolve","floor":7.0},{"not_picked":["Reckless Charge","Uppercut"],"picked":"Body Slam","floor":10.0},{"not_picked":["Dark Embrace","Dual Wield"],"picked":"Pommel Strike","floor":11.0},{"not_picked":["Flame Barrier","Dark Embrace"],"picked":"Entrench","floor":13.0},{"not_picked":["Pommel Strike+1","Evolve","Sword Boomerang"],"picked":"SKIP","floor":18.0},{"not_picked":["Whirlwind+1","Twin Strike"],"picked":"Shrug It Off","floor":19.0},{"not_picked":["Shockwave","Blood for Blood"],"picked":"Bloodletting","floor":20.0},{"not_picked":["Cleave","Whirlwind","Anger"],"picked":"SKIP","floor":21.0},{"not_picked":["Feel No Pain+1","Pummel"],"picked":"Battle Trance","floor":24.0},{"not_picked":["Iron Wave","Shockwave","Uppercut"],"picked":"SKIP","floor":25.0},{"not_picked":["Iron Wave","Thunderclap","Flame Barrier+1"],"picked":"SKIP","floor":29.0},{"not_picked":["Seeing Red","Havoc","Warcry"],"picked":"SKIP","floor":35.0},{"not_picked":["Second Wind","Iron Wave","Pommel Strike+1"],"picked":"SKIP","floor":36.0},{"not_picked":["Trip","Bandage Up"],"picked":"Master of Strategy","floor":39.0},{"not_picked":["Warcry+1","Havoc","Metallicize"],"picked":"SKIP","floor":40.0},{"not_picked":["True Grit+1","Cleave","Sever Soul"],"picked":"SKIP","floor":44.0},{"not_picked":["Exhume","Sword Boomerang","Twin Strike"],"picked":"SKIP","floor":45.0},{"not_picked":["Havoc","Armaments","Iron Wave"],"picked":"SKIP","floor":47.0},{"not_picked":["Ghostly Armor","Second Wind","Searing Blow"],"picked":"SKIP","floor":48.0},{"not_picked":["Sever Soul","Pummel","Disarm"],"picked":"SKIP","floor":55}],"player_experience":870987,"relics_obtained":[{"floor":7.0,"key":"Dream Catcher"},{"floor":9.0,"key":"PreservedInsect"},{"floor":13.0,"key":"Old Coin"},{"floor":24.0,"key":"CeramicFish"},{"floor":40.0,"key":"InkBottle"},{"floor":43.0,"key":"Red Skull"},{"floor":45.0,"key":"Akabeko"},{"floor":47.0,"key":"Shovel"},{"floor":55,"key":"Blue Candle"}],"event_choices":[{"cards_removed":["Strike_R"],"damage_healed":0.0,"max_hp_gain":0.0,"max_hp_loss":0.0,"gold_gain":0.0,"event_name":"Golden Wing","player_choice":"Card Removal","floor":2.0,"gold_loss":0.0,"damage_taken":7.0},{"damage_healed":0.0,"max_hp_gain":0.0,"max_hp_loss":0.0,"gold_gain":0.0,"cards_transformed":["Strike_R"],"event_name":"Living Wall","player_choice":"Change","floor":3.0,"gold_loss":0.0,"damage_taken":0.0,"cards_obtained":["Intimidate"]},{"damage_healed":0.0,"max_hp_gain":0.0,"max_hp_loss":0.0,"gold_gain":0.0,"event_name":"Scrap Ooze","player_choice":"Success","floor":4.0,"gold_loss":0.0,"damage_taken":18.0,"relics_obtained":["HornCleat"]},{"damage_healed":0.0,"max_hp_gain":0.0,"max_hp_loss":0.0,"gold_gain":0.0,"event_name":"Accursed Blacksmith","player_choice":"Forge","floor":14.0,"gold_loss":0.0,"damage_taken":0.0,"cards_upgraded":["Entrench"]},{"cards_removed":["Intimidate"],"damage_healed":0.0,"max_hp_gain":0.0,"max_hp_loss":0.0,"gold_gain":0.0,"event_name":"Back to Basics","player_choice":"Elegance","floor":27.0,"gold_loss":0.0,"damage_taken":0.0},{"damage_healed":0.0,"max_hp_gain":0.0,"max_hp_loss":0.0,"gold_gain":0.0,"event_name":"Cursed Tome","player_choice":"Ignored","floor":31.0,"gold_loss":0.0,"damage_taken":0.0},{"damage_healed":0.0,"max_hp_gain":0.0,"max_hp_loss":4.0,"gold_gain":0.0,"event_name":"Winding Halls","player_choice":"Max HP","floor":37.0,"gold_loss":0.0,"damage_taken":0.0},{"damage_healed":0.0,"max_hp_gain":0.0,"max_hp_loss":0.0,"gold_gain":0.0,"event_name":"SensoryStone","player_choice":"Memory 3","floor":39.0,"gold_loss":0.0,"damage_taken":10.0}],"is_beta":false,"boss_relics":[{"not_picked":["Astrolabe","Calling Bell"],"picked":"Pandora\u0027s Box"},{"not_picked":["Fusion Hammer","Runic Cube"],"picked":"Black Blood"}],"items_purged_floors":[12,22,38,41],"is_endless":false,"potions_floor_spawned":[7,11,19,21,29,36,48],"ascension_level":20}}