{"host":"49c2zf0lajbcs427","time":1608277238,"event":{"mods":["AchievementEnabler","BaseMod","Colored Map","Colored Powertips","Highlight Path","Minty Spire (QoL Compilation)","Relic Stats","StSLib"],"gold_per_floor":[161,161,173,188,263,297,297,316,365,365,365],"floor_reached":10,"playtime":526,"items_purged":[],"score":126,"play_id":"acb6a89e-9251-4bc6-ac25-c62bd7116235","local_time":"20201218204038","is_ascension_mode":true,"campfire_choices":[{"floor":7,"key":"REST"}],"circlet_count":0,"master_deck":["AscendersBane","Strike_P","Strike_P","Strike_P","Strike_P","Defend_P","Defend_P","Defend_P+1","Defend_P","Eruption+1","Vigilance","ReachHeaven","ReachHeaven","Protect","JustLucky","Devotion","EmptyMind"],"relics":["Tiny House","Blue Candle","Omamori"],"acts_visited":["Exordium"],"potions_floor_usage":[3,6,6],"damage_taken":[{"damage":8,"enemies":"Small Slimes","floor":1,"turns":4},{"damage":5,"enemies":"2 Louse","floor":3,"turns":3},{"damage":0,"enemies":"Jaw Worm","floor":4,"turns":3},{"damage":18,"enemies":"Lagavulin","floor":6,"turns":6},{"damage":40,"enemies":"Lots of Slimes","floor":8,"turns":6},{"damage":54,"enemies":"Gremlin Nob","floor":10,"turns":3}],"seed_played":"7550415017722146684","potions_obtained":[{"floor":0,"key":"CultistPotion"},{"floor":1,"key":"Swift Potion"},{"floor":4,"key":"Weak Potion"}],"is_trial":false,"path_per_floor":["M","?","M","M","?","E","R","M","T","E"],"character_chosen":"WATCHER","items_purchased":[],"campfire_rested":1,"item_purchase_floors":[],"current_hp_per_floor":[58,58,53,53,42,24,45,5,5,0,0],"gold":365,"neow_bonus":"BOSS_RELIC","is_daily":false,"chose_seed":false,"campfire_upgraded":0,"win_rate":0.0,"timestamp":1608277238,"path_taken":["M","?","M","M","?","E","R","M","T","E"],"items_purchased_type":[],"build_version":"2020-12-13","purchased_purges":0,"victory":false,"max_hp_per_floor":[73,73,73,73,73,73,73,73,73,73,73],"relic_stats":{"counters":[6,25],"Blue Candle":[0],"obtain_stats":[{"Tiny House":0,"Blue Candle":6,"Omamori":9,"PureWater":0},{"Tiny House":0,"Blue Candle":4,"Omamori":5,"PureWater":0},{"Tiny House":0,"Blue Candle":16,"Omamori":22,"PureWater":0}]},"card_choices":[{"not_picked":["Wireheading","FollowUp"],"picked":"ReachHeaven","floor":0},{"not_picked":["PathToVictory","ThirdEye"],"picked":"ReachHeaven","floor":1},{"not_picked":["SashWhip","ForeignInfluence"],"picked":"Protect","floor":3},{"not_picked":["Perseverance","WindmillStrike"],"picked":"JustLucky","floor":4},{"not_picked":["FollowUp","SashWhip"],"picked":"Devotion","floor":6},{"not_picked":["ReachHeaven","Indignation"],"picked":"EmptyMind","floor":8}],"player_experience":2109337,"relics_obtained":[{"floor":6,"key":"Blue Candle"},{"floor":9,"key":"Omamori"}],"event_choices":[{"damage_healed":0,"gold_gain":0,"player_choice":"Grow","damage_taken":0,"max_hp_gain":0,"max_hp_loss":0,"event_name":"Living Wall","floor":2,"gold_loss":0,"cards_upgraded":["Eruption"]},{"damage_healed":0,"gold_gain":75,"player_choice":"Gather Gold","damage_taken":11,"max_hp_gain":0,"max_hp_loss":0,"event_name":"World of Goop","floor":5,"gold_loss":0}],"is_beta":false,"boss_relics":[],"items_purged_floors":[],"is_endless":false,"potions_floor_spawned":[1,4],"killed_by":"Gremlin Nob","ascension_level":17}}