{"host":"Teixeira","time":1608316988,"event":{"mods":["2.2 Compatiblity","Aspiration","BaseMod","Better Third Choice","Colored Map","Colored Powertips","Hermit","Minty Spire (QoL Compilation)","Permanent Neow","Rare Cards Sparkle","Relic Filter","Replay The Spire","Spicy Shops","StSLib","SuperFastMode"],"gold_per_floor":[43,55,91,146,173,224,258,304,370,382,69,105,92,72,72,187,187,209,209,209,243,115,164,164,89,89,151,178,208,208,133,133,251,251,279,279,341,341,26,66,91,114,190,190,252,278,313,331,331,352],"floor_reached":51,"playtime":3841,"items_purged":["CommonCold","Defend_B"],"score":780,"play_id":"cda9660a-bb03-4e33-9f60-be18510f4303","local_time":"20201218154308","is_ascension_mode":false,"campfire_choices":[{"data":"Defragment","floor":10,"key":"SMITH"},{"floor":15,"key":"REST"},{"data":"Coolheaded","floor":24,"key":"SMITH"},{"data":"Cold Snap","floor":30,"key":"SMITH"},{"data":"Coolheaded","floor":32,"key":"SMITH"},{"data":"Capacitor","floor":44,"key":"SMITH"},{"floor":49,"key":"DIG"}],"circlet_count":0,"master_deck":["Strike_B+1","Strike_B+1","Strike_B+1","Defend_B+2","Defend_B+2","Defend_B+1","Zap+1","Dualcast+1","Coolheaded+1","Beam Cell+1","Blizzard+1","Conserve Battery+1","Defragment+1","Coolheaded+1","Cold Snap+1","Glacier+1","Reboot+1","Cold Snap+1","Chill+1","Self Repair+1","Loop+1","Creative AI+1","CurseOfTheBell","Capacitor+1","Capacitor+1"],"relics":["Cracked Core","Calipers","Replay:Bandana","MawBank","Question Card","Strawberry","Eternal Feather","Toy Ornithopter","PreservedInsect","Boot","SlaversCollar","ReplayTheSpireMod:Ring of Exchange","Ring of Misfortune","Guide Book","Orichalcum","Ginger","Pen Nib","Calling Bell","Happy Flower","Pondfish Scales","Toxic Egg 2","Mark of the Bloom","Bird Faced Urn","aspiration:FaultyCoupler","aspiration:HummingbirdHeart","aspiration:FrozenJewel","Simple Rune","Bag of Marbles"],"acts_visited":["Exordium","TheCity","TheBeyond"],"potions_floor_usage":[7,16,37,37],"damage_taken":[{"damage":1,"enemies":"Cultist","floor":1,"turns":3},{"damage":11,"enemies":"Jaw Worm","floor":3,"turns":3},{"damage":0,"enemies":"2 Louse","floor":5,"turns":2},{"damage":29,"enemies":"3 Sentries","floor":6,"turns":9},{"damage":8,"enemies":"Red Slaver","floor":7,"turns":4},{"damage":13,"enemies":"Lagavulin","floor":8,"turns":8},{"damage":4,"enemies":"2 Fungi Beasts","floor":12,"turns":3},{"damage":6,"enemies":"Exordium Thugs","floor":13,"turns":5},{"damage":14,"enemies":"The Guardian","floor":16,"turns":14},{"damage":11,"enemies":"Shell Parasite","floor":18,"turns":8},{"damage":12,"enemies":"3 Byrds","floor":21,"turns":5},{"damage":24,"enemies":"Gremlin Leader","floor":23,"turns":7},{"damage":5,"enemies":"Slavers","floor":27,"turns":3},{"damage":0,"enemies":"Centurion and Healer","floor":28,"turns":10},{"damage":6,"enemies":"3 Cultists","floor":29,"turns":6},{"damage":0,"enemies":"Champ","floor":33,"turns":12},{"damage":0,"enemies":"Orb Walker","floor":35,"turns":5},{"damage":20,"enemies":"2 Orb Walkers","floor":37,"turns":7},{"damage":0,"enemies":"Nemesis","floor":40,"turns":8},{"damage":0,"enemies":"3 Darklings","floor":42,"turns":4},{"damage":0,"enemies":"R_Hoarder","floor":45,"turns":8},{"damage":0,"enemies":"Spire Growth","floor":46,"turns":7},{"damage":0,"enemies":"Transient","floor":47,"turns":5},{"damage":0,"enemies":"4 Shapes","floor":48,"turns":7},{"damage":0,"enemies":"Replay:Hell Engine","floor":50,"turns":13}],"seed_played":"6750941430986710973","potions_obtained":[{"floor":3,"key":"GamblersBrew"},{"floor":8,"key":"Elixir"},{"floor":13,"key":"Regen Potion"},{"floor":14,"key":"Death Potion"},{"floor":16,"key":"Ancient Potion"},{"floor":18,"key":"Explosive Potion"},{"floor":21,"key":"Explosive Potion"},{"floor":33,"key":"Weak Potion"},{"floor":35,"key":"Adrenaline Potion"},{"floor":46,"key":"DuplicationPotion"}],"is_trial":false,"path_per_floor":["M","$","M","?","M","E","M","E","T","R","$","M","M","?","R","B",null,"M","?","?","M","$","E","R","$","T","E","M","M","R","?","R","B",null,"M","?","?","?","$","E","$","M","T","R","E","M","M","M","R_BF","B",null],"character_chosen":"DEFECT","items_purchased":["PreservedInsect","Cold Snap","Boot","Guide Book","aspiration:FaultyCoupler","Capacitor"],"campfire_rested":1,"item_purchase_floors":[11,11,11,22,39,39],"current_hp_per_floor":[74,74,63,45,45,23,15,2,2,11,11,7,1,1,34,40,82,71,71,71,59,59,35,47,47,47,42,49,50,62,62,74,81,82,82,82,62,62,62,62,62,62,62,62,62,62,62,62,62,62],"gold":352,"neow_bonus":"ONE_RARE_RELIC","is_daily":false,"chose_seed":false,"campfire_upgraded":5,"win_rate":0.0,"timestamp":1608316988,"path_taken":["M","?","?","?","?","E","M","E","T","R","?","M","M","?","R","BOSS","M","?","?","M","$","E","R","?","T","E","M","?","R","?","R","BOSS","M","?","?","?","$","E","?","M","T","R","E","M","M","M","R_BF","BOSS"],"items_purchased_type":["Relic","Card","Relic","Relic","Relic","Card"],"build_version":"2020-11-17","purchased_purges":2,"victory":true,"max_hp_per_floor":[75,75,75,75,75,82,82,82,82,82,82,82,82,82,82,82,82,82,82,82,82,82,82,82,82,82,82,82,82,82,82,82,82,82,82,82,82,78,78,78,78,78,78,78,78,78,78,78,78,78],"card_choices":[{"not_picked":["Hologram","Skim"],"picked":"Coolheaded","floor":1},{"not_picked":["Glacier","Gash"],"picked":"Beam Cell","floor":3},{"not_picked":["Steam Power","Coolheaded"],"picked":"Blizzard","floor":4},{"not_picked":["Darkness","Gash"],"picked":"Conserve Battery","floor":4},{"not_picked":["Reprogram","Sweeping Beam","Beam Cell","Conserve Battery"],"picked":"SKIP","floor":5},{"not_picked":["Stack","Hologram","Auto Shields"],"picked":"Defragment","floor":6},{"not_picked":["All For One","Hologram","Doom and Gloom","Conserve Battery"],"picked":"SKIP","floor":7},{"not_picked":["Electrodynamics","Hologram","White Noise"],"picked":"Coolheaded","floor":8},{"not_picked":["Reprogram","Steam","Consume"],"picked":"Glacier","floor":12},{"not_picked":["Beam Cell","Scrape","Tempest","Leap"],"picked":"SKIP","floor":13},{"not_picked":["Fission","Buffer","Seek"],"picked":"Reboot","floor":16},{"not_picked":["Scrape","Steam+1","Hologram"],"picked":"Cold Snap","floor":18},{"not_picked":["Go for the Eyes","Compile Driver","Gash+1"],"picked":"Chill+1","floor":21},{"not_picked":["Genetic Algorithm","Skim","Steam"],"picked":"Self Repair","floor":23},{"not_picked":["Sweeping Beam","Thunder Strike","Ball Lightning"],"picked":"Loop+1","floor":27},{"not_picked":["Streamline+1","Conserve Battery","Skim","Leap"],"picked":"SKIP","floor":28},{"not_picked":["Streamline","Leap","Hologram+1","Darkness"],"picked":"SKIP","floor":29},{"not_picked":["Thunder Strike","All For One","Reboot"],"picked":"Creative AI","floor":33},{"not_picked":["Beam Cell","Self Repair","Stack+1","Gash"],"picked":"SKIP","floor":35},{"not_picked":["Multi-Cast+1","Ball Lightning+1","Leap+1","Darkness+1"],"picked":"SKIP","floor":40},{"not_picked":["Compile Driver","Barrage","Genetic Algorithm+1","Cold Snap"],"picked":"SKIP","floor":42},{"not_picked":["Coolheaded+1","Self Repair+1","Lockon+1","Storm"],"picked":"SKIP","floor":45},{"not_picked":["FTL","Leap+1","Tempest+1"],"picked":"Capacitor+1","floor":46},{"not_picked":["Compile Driver","Force Field+1","Steam+1","Hologram+1"],"picked":"SKIP","floor":47},{"not_picked":["Machine Learning","Leap+1","Consume+1","Gash"],"picked":"SKIP","floor":48}],"player_experience":14805,"relics_obtained":[{"floor":4,"key":"Question Card"},{"floor":6,"key":"Strawberry"},{"floor":8,"key":"Eternal Feather"},{"floor":9,"key":"Toy Ornithopter"},{"floor":19,"key":"ReplayTheSpireMod:Ring of Exchange"},{"floor":19,"key":"Ring of Misfortune"},{"floor":23,"key":"Orichalcum"},{"floor":26,"key":"Ginger"},{"floor":27,"key":"Pen Nib"},{"floor":34,"key":"Happy Flower"},{"floor":34,"key":"Pondfish Scales"},{"floor":34,"key":"Toxic Egg 2"},{"floor":37,"key":"Bird Faced Urn"},{"floor":40,"key":"aspiration:HummingbirdHeart"},{"floor":43,"key":"aspiration:FrozenJewel"},{"floor":45,"key":"Simple Rune"},{"floor":49,"key":"Bag of Marbles"}],"event_choices":[{"damage_healed":0,"gold_gain":0,"player_choice":"Bought 1 Potion","damage_taken":0,"max_hp_gain":0,"max_hp_loss":0,"event_name":"The Woman in Blue","floor":14,"gold_loss":0},{"cards_removed":["Strike_B"],"damage_healed":0,"gold_gain":0,"player_choice":"Gave Gold","damage_taken":0,"max_hp_gain":0,"max_hp_loss":0,"event_name":"Beggar","floor":31,"gold_loss":75},{"damage_healed":0,"gold_gain":0,"player_choice":"Upgrade","damage_taken":0,"relics_obtained":["Mark of the Bloom"],"max_hp_gain":0,"max_hp_loss":0,"event_name":"MindBloom","floor":36,"gold_loss":0,"cards_upgraded":["Strike_B","Strike_B","Strike_B","Defend_B","Defend_B","Defend_B","Zap","Dualcast","Beam Cell","Conserve Battery","Glacier","Cold Snap","Self Repair","Creative AI"]},{"damage_healed":0,"gold_gain":0,"player_choice":"Fight","damage_taken":0,"max_hp_gain":0,"max_hp_loss":0,"event_name":"Mysterious Sphere","floor":37,"gold_loss":0},{"damage_healed":0,"gold_gain":0,"player_choice":"Max HP","damage_taken":0,"max_hp_gain":0,"max_hp_loss":4,"event_name":"Winding Halls","floor":38,"gold_loss":0}],"is_beta":true,"boss_relics":[{"not_picked":["aspiration:FutureDiary","Snecko Eye"],"picked":"SlaversCollar"},{"not_picked":["Replay:Wanted Poster","SacredBark"],"picked":"Calling Bell"}],"items_purged_floors":[22,25],"is_endless":false,"potions_floor_spawned":[3,8,13,16,18,21,28,33,35,46],"ascension_level":0}}