{"host":"brnfk772nsb90w3t","time":1608282231,"event":{"mods":["AchievementEnabler","BaseMod","Colored Powertips","Downfall","Highlight Path","Minty Spire (QoL Compilation)","Quick Restart","Shop Mod","StSLib","SuperFastMode"],"gold_per_floor":[349,367,395,406,439,457,506,506,506,506,536,609,621,621,639,639,639],"floor_reached":16,"playtime":877,"items_purged":[],"score":110,"play_id":"ee3f973b-2db1-453b-858b-420e640b2a9a","local_time":"20201218170351","is_ascension_mode":false,"campfire_choices":[{"data":"Guardian:TwinSlam","floor":1.0,"key":"SMITH"},{"floor":10,"key":"REST"}],"circlet_count":0,"master_deck":["Guardian:Strike_Guardian","Guardian:Strike_Guardian","Guardian:Strike_Guardian","Guardian:Defend_Guardian","Guardian:Defend_Guardian","Guardian:Defend_Guardian","Guardian:Defend_Guardian","Guardian:CurlUp+1","Guardian:TwinSlam+1","Clumsy","Guardian:DecasProtection","Guardian:PrismaticBeam+1","Guardian:PiercingHide","Guardian:ShieldCharger+1","Regret","Guardian:PrimingBeam"],"relics":["Guardian:ModeShifter","Mummified Hand","Anchor","Bag of Marbles","Odd Mushroom","Ornamental Fan"],"acts_visited":["Exordium"],"potions_floor_usage":[15,16],"damage_taken":[{"damage":5.0,"enemies":"Jaw Worm","floor":2.0,"turns":3.0},{"damage":27.0,"enemies":"3 Sentries","floor":3.0,"turns":10.0},{"damage":0.0,"enemies":"Small Slimes","floor":4.0,"turns":4.0},{"damage":36.0,"enemies":"Lagavulin","floor":5.0,"turns":10.0},{"damage":0.0,"enemies":"2 Louse","floor":6.0,"turns":2.0},{"damage":13,"enemies":"The Mushroom Lair","floor":11,"turns":6},{"damage":3,"enemies":"Large Slime","floor":13,"turns":7},{"damage":13,"enemies":"Exordium Thugs","floor":15,"turns":5},{"damage":13,"enemies":"downfall:Silent","floor":16,"turns":2}],"seed_played":"-8576424085861713949","potions_obtained":[{"floor":3.0,"key":"Fruit Juice"},{"floor":6.0,"key":"SteroidPotion"},{"floor":13,"key":"champ:CounterPotion"},{"floor":15,"key":"LiquidMemories"}],"is_trial":false,"path_per_floor":["R","M","E","M","E","M","T","?","?","R","?","T","M","?","M","B"],"character_chosen":"GUARDIAN","items_purchased":[],"campfire_rested":1,"item_purchase_floors":[],"current_hp_per_floor":[80,75,53,53,17,17,17,17,17,42,29,29,26,26,13,0,0],"gold":639,"neow_bonus":"TWO_FIFTY_GOLD","is_daily":false,"chose_seed":false,"campfire_upgraded":1,"win_rate":0.0,"timestamp":1608282231,"path_taken":["R","M","E","M","E","M","T","?","?","R","?","?","M","?","M","BOSS"],"items_purchased_type":[],"build_version":"2020-12-13","purchased_purges":0,"victory":false,"max_hp_per_floor":[80,80,85,85,85,85,85,85,85,85,85,85,85,85,85,85,85],"card_choices":[{"not_picked":["Guardian:MultiBeam","Guardian:WalkerClaw"],"picked":"Guardian:DecasProtection","floor":2.0},{"not_picked":["Guardian:Gem_White","Guardian:ChargeCore"],"picked":"Guardian:PrismaticBeam","floor":3.0},{"not_picked":["Guardian:TemporalStrike","Guardian:Reroute"],"picked":"Guardian:PiercingHide","floor":4.0},{"not_picked":["Guardian:TemporalStrike","Guardian:WalkerClaw","Guardian:PiercingHide"],"picked":"SKIP","floor":5.0},{"not_picked":["Guardian:Preprogram","Guardian:Reroute"],"picked":"Guardian:ShieldCharger","floor":6.0},{"not_picked":["Guardian:Incinerate","Guardian:DonusPower"],"picked":"Guardian:PrimingBeam","floor":13},{"not_picked":["Guardian:Incinerate","Guardian:PiercingHide","Guardian:Reroute"],"picked":"SKIP","floor":15}],"player_experience":610948,"relics_obtained":[{"floor":3.0,"key":"Mummified Hand"},{"floor":5.0,"key":"Anchor"},{"floor":7.0,"key":"Bag of Marbles"},{"floor":11,"key":"Odd Mushroom"},{"floor":12,"key":"Ornamental Fan"}],"event_choices":[{"damage_healed":0,"gold_gain":0,"player_choice":"Fled","damage_taken":0,"max_hp_gain":0,"max_hp_loss":0,"event_name":"Scrap Ooze","floor":9,"gold_loss":0},{"damage_healed":0,"gold_gain":0,"player_choice":"Fought Mushrooms","damage_taken":0,"max_hp_gain":0,"max_hp_loss":0,"event_name":"Mushrooms","floor":11,"gold_loss":0},{"cards_removed":["Guardian:Strike_Guardian"],"damage_healed":0,"gold_gain":0,"player_choice":"Offered Basic","damage_taken":0,"max_hp_gain":0,"max_hp_loss":0,"event_name":"Bonfire Elementals","floor":14,"gold_loss":0}],"is_beta":false,"boss_relics":[],"items_purged_floors":[],"is_endless":false,"potions_floor_spawned":[3,6,13,15],"killed_by":"downfall:Silent","ascension_level":0}}