{"host":"5pvsezzv96u4cz40","time":1608257624,"event":{"mods":["2.2 Compatiblity","Act Like it!","BaseMod","BetterRewards","CapriCore","Colored Map","Colored Powertips","GifTheSpireLib","GungeonMod","Hermit","Hero for Fun","Hubris","Infinite Spire","Jorbs\u0027s Wanderer Trilogy","Lobotomy","Marisa????????","Menagerie","Minty Spire (QoL Compilation)","Reimu??????","Remilia??????","Replay The Spire","Shop Mod","StSLib","The Bladedancer","The Exalted","The Immortal","The Servant 0.9.4","??????REMEMod"],"gold_per_floor":[19,30,30,40,59,93,133,164,164,189,189,222,238,264,326,423,423,446,469,489,506,521,552,577,593,644,660,679,377,377,399,399,502,502,530,547,169,199,199,199,239,430,430,450,471,507,507,570,620,732,732,756,756,768,505,519,580,597,635,635,635,645,645,645,665,665,773,773,789,789,806,831,850,850,900,900,900,900,952,952,952,983,983,1015,1015,1166,1166,1187,404,755,773,773,806,806,806,806,806,806,828,828,853,853,968,968,968],"floor_reached":104,"playtime":4085,"items_purged":["LittlePrince","UniverseFragment","DespairKnight"],"score":2514,"play_id":"c1a10adc-7207-4720-bd26-508cf2525a60","local_time":"20201218031344","is_ascension_mode":false,"campfire_choices":[{"floor":11,"key":"RECALL"},{"data":"Consecutive_Normal_Punch","floor":30,"key":"SMITH"},{"data":"Do_Nothing","floor":32,"key":"SMITH"},{"data":"Madness","floor":40,"key":"SMITH"},{"floor":47,"key":"REST"},{"data":"infinitespire:DeathsTouch","floor":61,"key":"SMITH"},{"data":"hubris:InfiniteBlow","floor":64,"key":"SMITH"},{"data":"hubris:InfiniteBlow+1","floor":66,"key":"SMITH"},{"data":"hubris:InfiniteBlow+2","floor":74,"key":"SMITH"},{"data":"hubris:InfiniteBlow+3","floor":78,"key":"SMITH"},{"data":"hubris:InfiniteBlow+4","floor":80,"key":"SMITH"},{"data":"hubris:InfiniteBlow+5","floor":83,"key":"SMITH"},{"data":"hubris:InfiniteBlow+6","floor":85,"key":"SMITH"},{"data":"hubris:InfiniteBlow+7","floor":94,"key":"SMITH"},{"data":"hubris:InfiniteBlow+8","floor":102,"key":"SMITH"}],"circlet_count":0,"master_deck":["Strike_Y","Strike_Y","Strike_Y+1","Strike_Y","Strike_Y","Defend_Y","Defend_Y","Defend_Y","Defend_Y","Defend_Y","ShyLook","Normal_Punch","SingingMachine","Normal_Punch+1","Menagerie:RelicOfProgenitus","Terrifying_Presence","PunishingBird","Wear_Disguise","Slap","Serious_Side_Hops","Toss_Stone","CherryBlossoms","Get_Hopes_Up","OldLady","Slap","Oh+1","Yawn","Do_Nothing+1","Consecutive_Normal_Punch+1","Consecutive_Normal_Punch+1","Consecutive_Normal_Punch","OSAHOGD","Ignore+1","Madness","Toss_Stone+1","Ignore","Finesse","Hip_Strike","CurseOfTheBell","Slap","Serious_Punch","infinitespire:DeathsTouch+1","Freischutz","hubris:InfiniteBlow+9","REME_Flogging","Dramatic Entrance","infinitespire:SealOfDarkness+","infinitespire:SealOfDarkness+","hermit:Feint+1","PlagueDoctor"],"relics":["Cape","REME_ComplimentaryCards","CogitoBucket","DemoMod:GlassGuonStoneRelic","REME_ArchaeologicalTools","Thread and Needle","Black Star","AtMidnight","Eternal Feather","Whetstone","Boot","Replay:Bandana","MerchantsRug","REME_DuelDisc","Pen Nib","ClockworkSouvenir","hubris:MobiusCoin","infinitespire:Eraser","CrazyTorch:ReiMu","Pantograph","Bromod:ArcaneTempo","Calling Bell","Gremlin Food","White Beast Statue","Bromod:ArcaneUltimatum","Replay:Baseball","DemoMod:MemoryAlloy","Tea:ReiMu","Bottled Tornado","Oddly Smooth Stone","Ring of Chaos","Bromod:ArcaneDeflection","Bag of Marbles","StoneCalendar","Bottled Flame","Mastiff:ReiMu","infinitespire:ShieldingShard","hubris:TerracottaHorce","PrismaticShard","infinitespire:Broken Mirror","Replay:Bottled Snecko","Old Coin","Toy Ornithopter","infinitespire:Bottled Soul","hubris:Towel","Bottled Lightning","Blood Vial","Omamori","SlaversCollar"],"acts_visited":["Menagerie:Menagerie","TheCity","TheBeyond","Menagerie:Menagerie","TheCity","TheBeyond","Exordium"],"potions_floor_usage":[38,54,67,67,93],"damage_taken":[{"damage":0,"enemies":"Menagerie:WhisperingWraith","floor":1,"turns":1},{"damage":0,"enemies":"Menagerie:2_RABBITS","floor":2,"turns":1},{"damage":0,"enemies":"Menagerie:StygianBoar","floor":4,"turns":1},{"damage":0,"enemies":"Menagerie:3_RABBITS","floor":5,"turns":2},{"damage":0,"enemies":"Menagerie:MaskedSummoner","floor":6,"turns":1},{"damage":0,"enemies":"Menagerie:MeltingSalamander","floor":7,"turns":1},{"damage":0,"enemies":"Menagerie:Hexasnake","floor":8,"turns":1},{"damage":0,"enemies":"Menagerie:3_RABBITS","floor":10,"turns":1},{"damage":0,"enemies":"Menagerie:VoidReaper","floor":12,"turns":1},{"damage":0,"enemies":"Menagerie:KEEPER_AND_YOUNG_SUNEATER","floor":13,"turns":2},{"damage":0,"enemies":"Menagerie:RedMage","floor":14,"turns":3},{"damage":0,"enemies":"Menagerie:AVATARS","floor":16,"turns":1},{"damage":0,"enemies":"2 Thieves","floor":18,"turns":1},{"damage":0,"enemies":"3 Byrds","floor":19,"turns":2},{"damage":0,"enemies":"Sentry and Sphere","floor":20,"turns":1},{"damage":0,"enemies":"Centurion and Healer","floor":21,"turns":1},{"damage":0,"enemies":"Snake Plant","floor":22,"turns":1},{"damage":0,"enemies":"Nightmare","floor":23,"turns":1},{"damage":0,"enemies":"3 Cultists","floor":24,"turns":1},{"damage":0,"enemies":"Centurion and Healer","floor":25,"turns":1},{"damage":0,"enemies":"Snake Plant","floor":27,"turns":1},{"damage":0,"enemies":"Shelled Parasite and Fungi","floor":28,"turns":2},{"damage":0,"enemies":"Snecko","floor":31,"turns":1},{"damage":0,"enemies":"Collector","floor":33,"turns":1},{"damage":0,"enemies":"3 Shapes","floor":35,"turns":2},{"damage":0,"enemies":"3 Darklings","floor":36,"turns":2},{"damage":0,"enemies":"Jaw Worm Horde","floor":38,"turns":2},{"damage":0,"enemies":"Nemesis","floor":41,"turns":1},{"damage":0,"enemies":"Maw","floor":44,"turns":1},{"damage":0,"enemies":"4 Shapes","floor":45,"turns":2},{"damage":0,"enemies":"Reptomancer","floor":46,"turns":1},{"damage":0,"enemies":"Transient","floor":48,"turns":1},{"damage":0,"enemies":"hubris:GrandSnecko","floor":50,"turns":2},{"damage":0,"enemies":"Menagerie:StygianBoar","floor":52,"turns":1},{"damage":0,"enemies":"Menagerie:2_RABBITS","floor":54,"turns":1},{"damage":0,"enemies":"Menagerie:MonstrousExperiment","floor":56,"turns":1},{"damage":0,"enemies":"Nightmare_Alpha","floor":57,"turns":4},{"damage":0,"enemies":"Menagerie:RedMage","floor":58,"turns":1},{"damage":0,"enemies":"Menagerie:VoidReaper","floor":59,"turns":1},{"damage":0,"enemies":"Menagerie:MENAGERIE_WILDLIFE","floor":62,"turns":2},{"damage":0,"enemies":"Menagerie:AVATARS","floor":67,"turns":1},{"damage":0,"enemies":"Shell Parasite","floor":69,"turns":1},{"damage":0,"enemies":"3 Byrds","floor":71,"turns":1},{"damage":0,"enemies":"3 Cultists","floor":72,"turns":1},{"damage":0,"enemies":"Centurion and Healer","floor":73,"turns":1},{"damage":0,"enemies":"Nightmare","floor":82,"turns":1},{"damage":0,"enemies":"Gremlin Leader","floor":84,"turns":1},{"damage":0,"enemies":"hubris:MusketHawk","floor":86,"turns":1},{"damage":0,"enemies":"Orb Walker","floor":88,"turns":1},{"damage":0,"enemies":"Mind Bloom Boss Battle","floor":90,"turns":1},{"damage":0,"enemies":"3 Shapes","floor":91,"turns":3},{"damage":0,"enemies":"Nightmare","floor":93,"turns":1},{"damage":0,"enemies":"Writhing Mass","floor":99,"turns":1},{"damage":0,"enemies":"R_Hoarder","floor":101,"turns":1},{"damage":0,"enemies":"Awakened One","floor":103,"turns":3}],"seed_played":"-1990981353335999226","potions_obtained":[{"floor":2,"key":"Dexterity Potion"},{"floor":4,"key":"PowerPotion"},{"floor":6,"key":"SteroidPotion"},{"floor":8,"key":"ColorlessPotion"},{"floor":22,"key":"Languid Potion"},{"floor":24,"key":"SkillPotion"},{"floor":25,"key":"PowerPotion"},{"floor":31,"key":"PowerPotion"},{"floor":45,"key":"DistilledChaos"},{"floor":54,"key":"ZuzhouPotion:ReiMu"},{"floor":56,"key":"GrandPatriotsElixir:ReiMu"},{"floor":86,"key":"SpeedPotion"},{"floor":88,"key":"infinitespire:BlackPotion"},{"floor":99,"key":"Swift Potion"}],"is_trial":false,"path_per_floor":["M","M","?","M","M","E","M","M","T","M","R","E","M","M","R_BF","B",null,"M","M","M","M","M","NM","M","M","T","M","M","$","R","M","R","B",null,"M","M","$","M","?","R","E","?","T","M","M","E","R","M","R_BF","B",null,"M","?","M","$","M","NM","M","E","T","R","M","AVR","R","?","R","B",null,"M","AVR","M","M","M","R","?","PTL","PTL","R","T","R","?","NM","R","E","R","B",null,"M","$","?","M","?","NM","R","?","T","?","?","M","AVR","E","R_BF","B",null],"character_chosen":"OPM","items_purchased":["Replay:Bandana","MerchantsRug","Pen Nib","ClockworkSouvenir","Serious_Punch","PrismaticShard","infinitespire:Broken Mirror","Replay:Bottled Snecko"],"campfire_rested":1,"item_purchase_floors":[29,29,37,37,55,89,89,89],"current_hp_per_floor":[999,999,999,999,999,999,999,999,999,999,999,999,999,999,999,999,999,999,999,999,999,999,999,999,999,999,999,999,999,999,999,999,999,999,999,999,999,999,999,999,999,999,999,999,999,999,999,999,999,999,999,999,999,999,999,999,999,999,999,999,999,999,999,999,999,999,999,999,999,999,999,999,999,999,999,999,999,999,999,999,999,999,999,999,999,999,999,999,999,999,999,999,999,999,999,999,999,999,999,999,999,999,999,999,999],"gold":968,"neow_bonus":"","is_daily":false,"chose_seed":false,"campfire_upgraded":13,"win_rate":0.0,"timestamp":1608257624,"path_taken":["M","M","?","M","M","E","M","M","T","M","R","E","M","M","R_BF","BOSS","M","M","M","M","M","NM","M","M","T","M","M","$","R","M","R","BOSS","M","M","$","M","?","R","E","?","T","M","M","E","R","M","R_BF","BOSS","M","?","M","$","M","NM","M","E","T","R","M","AVR","R","?","R","BOSS","M","AVR","M","M","M","R","?","PTL","PTL","R","T","R","?","NM","R","E","R","BOSS","M","$","?","M","?","NM","R","?","T","?","?","M","AVR","E","R_BF","BOSS"],"items_purchased_type":["Relic","Relic","Relic","Relic","Card","Relic","Relic","Relic"],"build_version":"2020-12-13","purchased_purges":3,"victory":false,"max_hp_per_floor":[999,999,999,999,999,999,999,999,999,999,999,999,999,999,999,999,999,999,999,999,999,999,999,999,999,999,999,999,999,999,999,999,999,999,999,999,999,999,999,999,999,999,999,999,999,999,999,999,999,999,999,999,999,999,999,999,999,999,999,999,999,999,999,999,999,999,999,999,999,999,999,999,999,999,999,999,999,999,999,999,999,999,999,999,999,999,999,999,999,999,999,999,999,999,999,999,999,999,999,999,999,999,999,999,999],"card_choices":[{"not_picked":["Scorched","OSAHOGD"],"picked":"ShyLook","floor":1},{"not_picked":["Side_Hop","Slap"],"picked":"Normal_Punch","floor":1},{"not_picked":["FairyFestival","Bloodbath"],"picked":"SingingMachine","floor":2},{"not_picked":["Yawn","Side_Hop"],"picked":"Normal_Punch","floor":2},{"not_picked":["Normal_Punch","Yawn"],"picked":"Terrifying_Presence","floor":4},{"not_picked":["QueenBee","SpiderBud"],"picked":"DespairKnight","floor":4},{"not_picked":["Bloodbath","Wellcheers"],"picked":"PunishingBird","floor":5},{"not_picked":["Hop","Side_Hop"],"picked":"Wear_Disguise","floor":5},{"not_picked":["Yawn","Consecutive_Normal_Punch"],"picked":"Slap","floor":6},{"not_picked":["Ignore","Slap"],"picked":"Serious_Side_Hops","floor":7},{"not_picked":["Normal_Punch","Slap"],"picked":"Toss_Stone","floor":8},{"not_picked":["QueenOfHatred","MeatLantern"],"picked":"CherryBlossoms","floor":8},{"not_picked":["Toss_Stone","Normal_Punch","Slap"],"picked":"SKIP","floor":10},{"not_picked":["Normal_Punch","Side_Hop"],"picked":"Get_Hopes_Up","floor":12},{"not_picked":["QueenBee","FieryBird"],"picked":"OldLady","floor":13},{"not_picked":["Yawn","Slap","Side_Hop"],"picked":"SKIP","floor":13},{"not_picked":["Yawn","Slap","Side_Hop"],"picked":"SKIP","floor":13},{"not_picked":["Toss_Stone","Side_Hop"],"picked":"Slap","floor":14},{"not_picked":["Serious_Side_Hops","Serious_Punch"],"picked":"Oh","floor":16},{"not_picked":["SilentOrchestra","CrumblingArmor"],"picked":"UniverseFragment","floor":16},{"not_picked":["Yawn","Side_Hop","Wear_Disguise+1"],"picked":"SKIP","floor":18},{"not_picked":["Consecutive_Normal_Punch+1","Hop"],"picked":"Yawn","floor":19},{"not_picked":["Mercenary","Yin"],"picked":"LittlePrince","floor":19},{"not_picked":["Toss_Stone","Hop"],"picked":"Do_Nothing","floor":20},{"not_picked":["Wear_Disguise","Hop+1"],"picked":"Consecutive_Normal_Punch","floor":21},{"not_picked":["Oh","Hop"],"picked":"Consecutive_Normal_Punch+1","floor":22},{"not_picked":["Wear_Disguise+1","Normal_Punch"],"picked":"Consecutive_Normal_Punch","floor":23},{"not_picked":["Murderer","DreamingCurrent"],"picked":"OSAHOGD","floor":24},{"not_picked":["Slap","Yawn","Hop"],"picked":"SKIP","floor":24},{"not_picked":["Consecutive_Normal_Punch","Slap","Side_Hop"],"picked":"SKIP","floor":25},{"not_picked":["Hop","Wear_Disguise+1","Ignore"],"picked":"SKIP","floor":27},{"not_picked":["Toss_Stone","Yawn","Slap"],"picked":"SKIP","floor":28},{"not_picked":["Slap","Side_Hop","Ignore+1"],"picked":"SKIP","floor":31},{"not_picked":["Hop+1","Slap"],"picked":"Ignore+1","floor":35},{"not_picked":["Normal_Punch+1","Yawn","Hop"],"picked":"SKIP","floor":36},{"not_picked":["Hop+1","Consecutive_Normal_Punch","Normal_Punch+1"],"picked":"SKIP","floor":38},{"not_picked":["Side_Hop","Wear_Disguise","Yawn+1"],"picked":"SKIP","floor":41},{"not_picked":["Slap+1","Hop+1"],"picked":"Toss_Stone+1","floor":42},{"not_picked":["Normal_Punch+1","Side_Hop","Do_Nothing"],"picked":"SKIP","floor":44},{"not_picked":["Side_Hop+1","Slap+1","Wear_Disguise+1"],"picked":"SKIP","floor":45},{"not_picked":["Yawn+1","Wear_Disguise+1","Ignore"],"picked":"SKIP","floor":46},{"not_picked":["Slap","Side_Hop"],"picked":"Ignore","floor":48},{"not_picked":["Serious_Side_Hops","Oh"],"picked":"Hip_Strike","floor":50},{"not_picked":["Side_Hop","Hop","Toss_Stone"],"picked":"SKIP","floor":52},{"not_picked":["Yawn","Hop","Consecutive_Normal_Punch"],"picked":"SKIP","floor":54},{"not_picked":["Slap","Ignore","Side_Hop"],"picked":"SKIP","floor":56},{"not_picked":["infinitespire:NeuralNetwork","infinitespire:Gouge"],"picked":"infinitespire:DeathsTouch","floor":57},{"not_picked":["Hop","Wear_Disguise","Slap"],"picked":"SKIP","floor":57},{"not_picked":["GreedKing","BlackSwan"],"picked":"Freischutz","floor":58},{"not_picked":["Yawn","Hop","Ignore"],"picked":"SKIP","floor":58},{"not_picked":["Yawn","Hop","Ignore"],"picked":"SKIP","floor":58},{"not_picked":["Slap","Ignore","Serious_Punch"],"picked":"SKIP","floor":59},{"not_picked":["Yawn","Ignore","Slap"],"picked":"SKIP","floor":62},{"not_picked":["Yawn+1","Side_Hop+1","Wear_Disguise"],"picked":"SKIP","floor":69},{"not_picked":["Hop","Yawn","Ignore+1"],"picked":"SKIP","floor":71},{"not_picked":["Toss_Stone","Consecutive_Normal_Punch","Hip_Strike"],"picked":"SKIP","floor":72},{"not_picked":["Ignore","Toss_Stone","Side_Hop+1"],"picked":"SKIP","floor":73},{"not_picked":["Consecutive_Normal_Punch+1","Wear_Disguise","Toss_Stone"],"picked":"SKIP","floor":82},{"not_picked":["Slap+1","Serious_Side_Hops","Do_Nothing"],"picked":"SKIP","floor":84},{"not_picked":["Slap","Ignore","Hop+1"],"picked":"SKIP","floor":88},{"not_picked":["stsjorbsmod:Siphon+1","hubris:SpecializedCircuitry","DemoMod:SAA"],"picked":"SKIP","floor":91},{"not_picked":["Finesse","REME_ProfessionalPlagiarism"],"picked":"REME_Flogging","floor":92},{"not_picked":["REME_MagicPocketWatch","PanicButton"],"picked":"Dramatic Entrance","floor":92},{"not_picked":["DemoMod:BlackBlade+1","Enchanting:ReiMu","Shockwave"],"picked":"SKIP","floor":93},{"not_picked":["DemoMod:StickyCrossBow","DemoMod:FeignSurrender","StarBarrage"],"picked":"SKIP","floor":99},{"not_picked":["stsjorbsmod:Frustration+1","stsjorbsmod:WeightOfMemory"],"picked":"hermit:Feint+1","floor":101},{"not_picked":["BlackArmy","BlueStar"],"picked":"PlagueDoctor","floor":103}],"player_experience":167892,"relics_obtained":[{"floor":6,"key":"REME_ArchaeologicalTools"},{"floor":12,"key":"Thread and Needle"},{"floor":21,"key":"AtMidnight"},{"floor":23,"key":"Eternal Feather"},{"floor":23,"key":"Whetstone"},{"floor":26,"key":"Boot"},{"floor":41,"key":"hubris:MobiusCoin"},{"floor":41,"key":"infinitespire:Eraser"},{"floor":43,"key":"CrazyTorch:ReiMu"},{"floor":46,"key":"Pantograph"},{"floor":46,"key":"Bromod:ArcaneTempo"},{"floor":51,"key":"Gremlin Food"},{"floor":51,"key":"White Beast Statue"},{"floor":51,"key":"Bromod:ArcaneUltimatum"},{"floor":57,"key":"Replay:Baseball"},{"floor":57,"key":"DemoMod:MemoryAlloy"},{"floor":59,"key":"Tea:ReiMu"},{"floor":59,"key":"Bottled Tornado"},{"floor":60,"key":"Oddly Smooth Stone"},{"floor":79,"key":"Bag of Marbles"},{"floor":82,"key":"StoneCalendar"},{"floor":82,"key":"Bottled Flame"},{"floor":84,"key":"Mastiff:ReiMu"},{"floor":84,"key":"infinitespire:ShieldingShard"},{"floor":90,"key":"Old Coin"},{"floor":93,"key":"Toy Ornithopter"},{"floor":93,"key":"infinitespire:Bottled Soul"},{"floor":96,"key":"Bottled Lightning"},{"floor":101,"key":"DemoMod:WeirdEgg"},{"floor":101,"key":"Omamori"}],"event_choices":[{"damage_healed":0,"gold_gain":0,"cards_transformed":["REME_TheLastStrike"],"player_choice":"Grasp","damage_taken":0,"max_hp_gain":0,"max_hp_loss":0,"event_name":"Menagerie:MagesHand","floor":3,"gold_loss":0,"cards_obtained":["Menagerie:RelicOfProgenitus"]},{"damage_healed":0,"gold_gain":0,"player_choice":"Embrace Madness","damage_taken":125,"max_hp_gain":0,"max_hp_loss":0,"event_name":"Winding Halls","floor":39,"gold_loss":0,"cards_obtained":["Madness","Madness"]},{"damage_healed":0,"gold_gain":20,"player_choice":"Cunning","damage_taken":0,"max_hp_gain":0,"max_hp_loss":0,"event_name":"Menagerie:CloudVision","floor":65,"gold_loss":0,"cards_upgraded":["Oh"]},{"damage_healed":0,"gold_gain":0,"player_choice":"Ignored","damage_taken":0,"max_hp_gain":0,"max_hp_loss":0,"event_name":"Vampires","floor":81,"gold_loss":0},{"damage_healed":0,"gold_gain":0,"player_choice":"Fight","damage_taken":0,"max_hp_gain":0,"max_hp_loss":0,"event_name":"MindBloom","floor":90,"gold_loss":0},{"damage_healed":0,"gold_gain":0,"player_choice":"Memory 3","damage_taken":10,"max_hp_gain":0,"max_hp_loss":0,"event_name":"SensoryStone","floor":92,"gold_loss":0},{"damage_healed":0,"gold_gain":0,"player_choice":"Ignored","damage_taken":0,"max_hp_gain":0,"max_hp_loss":0,"event_name":"Tomb of Lord Red Mask","floor":97,"gold_loss":0},{"cards_removed":["Madness"],"damage_healed":0,"gold_gain":0,"player_choice":"Removed Skill","damage_taken":0,"max_hp_gain":0,"max_hp_loss":0,"event_name":"Falling","floor":98,"gold_loss":0}],"is_beta":false,"boss_relics":[{"not_picked":["hubris:CrackedHourglass","hubris:ScarierMask"],"picked":"Black Star"},{"not_picked":["Replay:Wanted Poster","SacredBark"],"picked":"REME_DuelDisc"},{"not_picked":["hubris:HollowSoul","Bromod:ArcaneEnergize"],"picked":"Calling Bell"},{"not_picked":["hubris:GrandSneckoEye","Runic Pyramid"],"picked":"Ring of Chaos"},{"not_picked":["Replay:Drink Me","REME_LowDesire"],"picked":"hubris:TerracottaHorce"},{"not_picked":["Bromod:ArcaneGrace","Velvet Choker"],"picked":"SlaversCollar"}],"items_purged_floors":[37,55,89],"is_endless":true,"potions_floor_spawned":[2,4,6,8,10,13,16,22,24,25,28,31,33,44,45,48,52,54,56,58,62,69,71,72,73,86,88,90,91,99],"ascension_level":0}}