{"host":"u2grshebrc5rdzdn","time":1608326680,"event":{"mods":["AchievementEnabler","BaseMod","Minty Spire (QoL Compilation)","StSLib"],"gold_per_floor":[209,22,22,35,35,64,29,29,56,56,67,67,78,106,106,203,203,214,214,225,20,36,66,82,115,115,115,144,175,175,194,194,296,296,306,361,182,198,214,214,214,240,288,248,265,282,42,42,42,42,42,42,4,39,39],"floor_reached":56,"playtime":5067,"items_purged":["Strike_R","Anger","Warcry+1"],"score":1384,"play_id":"534fc6b1-6d85-4bb7-84ac-21d372e65284","local_time":"20201218222440","is_ascension_mode":true,"campfire_choices":[{"data":"Feed","floor":8,"key":"SMITH"},{"data":"Bash","floor":10,"key":"SMITH"},{"data":"Thunderclap","floor":12,"key":"SMITH"},{"data":"Metallicize","floor":15,"key":"SMITH"},{"floor":27,"key":"REST"},{"data":"Juggernaut","floor":30,"key":"SMITH"},{"floor":32,"key":"REST"},{"data":"Offering","floor":40,"key":"SMITH"},{"floor":49,"key":"RECALL"},{"data":"Searing Blow+3","floor":52,"key":"SMITH"}],"circlet_count":0,"master_deck":["Bash+1","Thunderclap+1","Feed+1","Twin Strike+1","Disarm+1","Shrug It Off+1","Flame Barrier+1","Metallicize+1","Juggernaut+1","Searing Blow+4","Feel No Pain+1","Fiend Fire+1","Sentinel+1","Rage+1","True Grit+1","Offering+1","Infernal Blade+1","Flame Barrier+1","Battle Trance+1","Disarm+1","Fire Breathing+1","Immolate+1","Feel No Pain+1","Metallicize+1","True Grit+1","Iron Wave+1","Inflame","Panacea","Shrug It Off","Hemokinesis+1"],"relics":["Burning Blood","Red Skull","White Beast Statue","Happy Flower","Anchor","Black Star","Ancient Tea Set","Bag of Marbles","Mummified Hand","Potion Belt","Shuriken","Red Mask","Orichalcum","The Courier","Pandora\u0027s Box","Incense Burner","Mark of the Bloom","Gambling Chip","Mercury Hourglass","Toy Ornithopter","FossilizedHelix"],"acts_visited":["Exordium","TheCity","TheBeyond","TheEnding"],"potions_floor_usage":[13,14,14,16,16,16,18,22,22,23,24,25,29,31,33,33,36,38,42,50,50,50,55,55],"damage_taken":[{"damage":2,"enemies":"Small Slimes","floor":1,"turns":4},{"damage":2,"enemies":"2 Louse","floor":4,"turns":2},{"damage":40,"enemies":"Lagavulin","floor":6,"turns":5},{"damage":0,"enemies":"Cultist","floor":11,"turns":3},{"damage":0,"enemies":"3 Louse","floor":13,"turns":1},{"damage":27,"enemies":"3 Sentries","floor":14,"turns":6},{"damage":22,"enemies":"Slime Boss","floor":16,"turns":10},{"damage":0,"enemies":"Chosen","floor":18,"turns":5},{"damage":7,"enemies":"Shell Parasite","floor":20,"turns":8},{"damage":13,"enemies":"Centurion and Healer","floor":22,"turns":6},{"damage":53,"enemies":"Slavers","floor":23,"turns":6},{"damage":39,"enemies":"Snecko","floor":24,"turns":6},{"damage":14,"enemies":"Book of Stabbing","floor":25,"turns":6},{"damage":14,"enemies":"Masked Bandits","floor":28,"turns":4},{"damage":10,"enemies":"Slavers","floor":29,"turns":4},{"damage":32,"enemies":"Sentry and Sphere","floor":31,"turns":5},{"damage":48,"enemies":"Automaton","floor":33,"turns":10},{"damage":1,"enemies":"3 Shapes","floor":35,"turns":4},{"damage":8,"enemies":"2 Orb Walkers","floor":36,"turns":3},{"damage":6,"enemies":"3 Darklings","floor":38,"turns":4},{"damage":1,"enemies":"Jaw Worm Horde","floor":39,"turns":2},{"damage":6,"enemies":"Nemesis","floor":42,"turns":3},{"damage":6,"enemies":"Spire Growth","floor":45,"turns":2},{"damage":0,"enemies":"Transient","floor":46,"turns":5},{"damage":11,"enemies":"Time Eater","floor":50,"turns":11},{"damage":28,"enemies":"Shield and Spear","floor":54,"turns":6},{"damage":33,"enemies":"The Heart","floor":55,"turns":8}],"seed_played":"6404844817254431970","potions_obtained":[{"floor":4,"key":"Explosive Potion"},{"floor":11,"key":"FairyPotion"},{"floor":13,"key":"EntropicBrew"},{"floor":14,"key":"EntropicBrew"},{"floor":16,"key":"PowerPotion"},{"floor":18,"key":"ColorlessPotion"},{"floor":20,"key":"Fire Potion"},{"floor":22,"key":"DuplicationPotion"},{"floor":23,"key":"Regen Potion"},{"floor":24,"key":"PowerPotion"},{"floor":25,"key":"SteroidPotion"},{"floor":28,"key":"PowerPotion"},{"floor":29,"key":"PowerPotion"},{"floor":31,"key":"Swift Potion"},{"floor":33,"key":"Regen Potion"},{"floor":35,"key":"LiquidMemories"},{"floor":36,"key":"Regen Potion"},{"floor":38,"key":"Regen Potion"},{"floor":39,"key":"DistilledChaos"},{"floor":42,"key":"GamblersBrew"},{"floor":45,"key":"SteroidPotion"},{"floor":46,"key":"AttackPotion"},{"floor":54,"key":"Energy Potion"}],"is_trial":false,"path_per_floor":["M","$","?","M","?","E","?","R","T","R","M","R","M","E","R","B",null,"M","?","M","$","M","E","M","E","T","R","?","E","R","M","R","B",null,"M","?","$","M","M","R","?","E","T","?","M","M","$","?","R","B",null,"R","$","E","B",null],"character_chosen":"IRONCLAD","items_purchased":["Feed","Twin Strike","Fiend Fire","Warcry","Metallicize","Explosive Potion","Block Potion","FearPotion","Inflame","Shrug It Off"],"campfire_rested":2,"item_purchase_floors":[2,2,21,21,37,37,47,47,47,53],"current_hp_per_floor":[80,80,80,83,76,45,66,66,66,66,72,72,78,61,61,45,90,94,94,93,93,90,43,25,17,17,46,42,42,42,20,53,11,110,110,108,108,108,114,114,114,108,108,108,102,102,102,102,102,91,91,91,91,63,30],"gold":39,"neow_bonus":"HUNDRED_GOLD","is_daily":false,"chose_seed":false,"campfire_upgraded":7,"win_rate":0.0,"timestamp":1608326680,"path_taken":["M","$","?","M","?","E","?","R","T","R","M","R","M","E","R","BOSS","M","?","M","$","M","E","M","E","T","R","?","E","R","M","R","BOSS","M","?","$","M","M","R","?","E","T","?","?","M","$","?","R","BOSS","R","$","E","BOSS"],"items_purchased_type":["Card","Card","Card","Card","Card","Potion","Potion","Potion","Card","Card"],"build_version":"2020-12-13","purchased_purges":3,"victory":true,"max_hp_per_floor":[80,80,80,83,83,86,86,86,86,86,86,86,86,90,90,90,90,94,94,94,94,98,98,98,98,98,98,102,106,106,110,110,110,110,110,110,110,110,114,114,114,118,118,118,118,118,118,118,118,118,118,118,118,118,118],"card_choices":[{"not_picked":["Havoc","Entrench"],"picked":"Thunderclap","floor":1},{"not_picked":["Heavy Blade","Uppercut","Blood for Blood"],"picked":"SKIP","floor":4},{"not_picked":["Seeing Red","Rupture"],"picked":"Disarm","floor":6},{"not_picked":["Carnage","Sword Boomerang"],"picked":"Shrug It Off","floor":11},{"not_picked":["Pommel Strike","Rupture"],"picked":"Flame Barrier","floor":13},{"not_picked":["Wild Strike","Heavy Blade"],"picked":"Metallicize","floor":14},{"not_picked":["Immolate","Demon Form"],"picked":"Juggernaut","floor":16},{"not_picked":["Spot Weakness","Shrug It Off"],"picked":"Searing Blow+1","floor":18},{"not_picked":["Flex","Warcry"],"picked":"Feel No Pain","floor":20},{"not_picked":["Anger","Combust","Sever Soul"],"picked":"SKIP","floor":22},{"not_picked":["Cleave","Power Through+1"],"picked":"Sentinel","floor":23},{"not_picked":["Warcry+1","Anger","Battle Trance"],"picked":"SKIP","floor":24},{"not_picked":["Evolve","Dual Wield"],"picked":"Rage","floor":25},{"not_picked":["Dropkick","Brutality","Sever Soul"],"picked":"SKIP","floor":29},{"not_picked":["Cleave","Body Slam"],"picked":"True Grit","floor":31},{"not_picked":["Exhume","Feed"],"picked":"Offering","floor":33},{"not_picked":["Infernal Blade","Rupture+1","Cleave+1"],"picked":"SKIP","floor":35},{"not_picked":["Burning Pact+1","Iron Wave","Anger+1"],"picked":"SKIP","floor":38},{"not_picked":["Thunderclap+1","Offering"],"picked":"True Grit+1","floor":39},{"not_picked":["Dual Wield","Dropkick"],"picked":"Iron Wave+1","floor":42},{"not_picked":["Thunderclap","Spot Weakness+1","Battle Trance"],"picked":"SKIP","floor":45},{"not_picked":["Heavy Blade+1","Anger","Thunderclap+1"],"picked":"SKIP","floor":46},{"not_picked":["Discovery","Impatience"],"picked":"Panacea","floor":48},{"not_picked":["Perfected Strike+1","Infernal Blade"],"picked":"Hemokinesis+1","floor":54}],"player_experience":278553,"relics_obtained":[{"floor":6,"key":"White Beast Statue"},{"floor":9,"key":"Happy Flower"},{"floor":14,"key":"Anchor"},{"floor":23,"key":"Ancient Tea Set"},{"floor":23,"key":"Bag of Marbles"},{"floor":25,"key":"Mummified Hand"},{"floor":25,"key":"Potion Belt"},{"floor":26,"key":"Shuriken"},{"floor":28,"key":"Red Mask"},{"floor":29,"key":"Orichalcum"},{"floor":29,"key":"The Courier"},{"floor":36,"key":"Incense Burner"},{"floor":42,"key":"Gambling Chip"},{"floor":42,"key":"Mercury Hourglass"},{"floor":54,"key":"Toy Ornithopter"},{"floor":54,"key":"FossilizedHelix"}],"event_choices":[{"damage_healed":0,"gold_gain":0,"player_choice":"Box","damage_taken":0,"relics_obtained":["Red Skull"],"max_hp_gain":0,"max_hp_loss":0,"event_name":"Big Fish","floor":3,"gold_loss":0,"cards_obtained":["Regret"]},{"cards_removed":["Regret"],"damage_healed":0,"gold_gain":0,"player_choice":"Card Removal","damage_taken":7,"max_hp_gain":0,"max_hp_loss":0,"event_name":"Golden Wing","floor":5,"gold_loss":0},{"damage_healed":21,"gold_gain":0,"player_choice":"Healed","damage_taken":0,"max_hp_gain":0,"max_hp_loss":0,"event_name":"The Cleric","floor":7,"gold_loss":35},{"damage_healed":0,"gold_gain":0,"player_choice":"Ignored","damage_taken":0,"max_hp_gain":0,"max_hp_loss":0,"event_name":"Vampires","floor":19,"gold_loss":0},{"damage_healed":0,"gold_gain":0,"player_choice":"Fought Bandits","damage_taken":0,"max_hp_gain":0,"max_hp_loss":0,"event_name":"Masked Bandits","floor":28,"gold_loss":0},{"damage_healed":0,"gold_gain":0,"player_choice":"Fight","damage_taken":0,"max_hp_gain":0,"max_hp_loss":0,"event_name":"Mysterious Sphere","floor":36,"gold_loss":0},{"damage_healed":0,"gold_gain":0,"player_choice":"Upgrade","damage_taken":0,"relics_obtained":["Mark of the Bloom"],"max_hp_gain":0,"max_hp_loss":0,"event_name":"MindBloom","floor":41,"gold_loss":0,"cards_upgraded":["Twin Strike","Disarm","Shrug It Off","Flame Barrier","Searing Blow","Feel No Pain","Fiend Fire","Warcry","Sentinel","Rage","True Grit","Infernal Blade","Flame Barrier","Battle Trance","Disarm","Fire Breathing","Immolate","Feel No Pain","Metallicize"]},{"damage_healed":0,"gold_gain":0,"player_choice":"Tried to Upgrade","damage_taken":0,"max_hp_gain":0,"max_hp_loss":0,"event_name":"Designer","floor":44,"gold_loss":40,"cards_upgraded":["Searing Blow"]},{"damage_healed":0,"gold_gain":0,"player_choice":"Memory 1","damage_taken":0,"max_hp_gain":0,"max_hp_loss":0,"event_name":"SensoryStone","floor":48,"gold_loss":0}],"is_beta":false,"boss_relics":[{"not_picked":["Coffee Dripper","Philosopher\u0027s Stone"],"picked":"Black Star"},{"not_picked":["Runic Dome","Busted Crown"],"picked":"Pandora\u0027s Box"}],"items_purged_floors":[21,37,47],"is_endless":false,"potions_floor_spawned":[4,11,13,14,16,18,20,22,23,24,25,28,29,31,33,35,36,38,39,42,45,46,54],"ascension_level":3}}