{"host":"ih7ofq2zpufcoifs","time":1608260285,"event":{"mods":["BaseMod","Colored Map","Minty Spire (QoL Compilation)"],"gold_per_floor":[118,5,5,29,49,49,65,100,127,127,127,127,127,169,181,291,303,339,375,414,471,483,537,568,470,508,554,566,503,503,195,195,294,294,309,22,43,68,93,126,126,185,185,210,210,233,233,271,271,271,271,271,24,62,62],"floor_reached":56,"playtime":4716,"items_purged":["Defend_G","Defend_G","Bite"],"score":2032,"play_id":"5df9810f-a4ab-42b3-a6e0-23a9f0bc4ba3","local_time":"20201218125805","is_ascension_mode":true,"campfire_choices":[{"data":"Blade Dance","floor":6.0,"key":"SMITH"},{"data":"Corpse Explosion","floor":10.0,"key":"SMITH"},{"floor":12.0,"key":"REST"},{"data":"Neutralize","floor":15.0,"key":"SMITH"},{"data":"Reflex","floor":28.0,"key":"SMITH"},{"data":"Calculated Gamble","floor":30.0,"key":"SMITH"},{"data":"Caltrops","floor":32.0,"key":"SMITH"},{"data":"Wraith Form v2","floor":41.0,"key":"SMITH"},{"data":"Noxious Fumes","floor":47.0,"key":"SMITH"},{"floor":49.0,"key":"RECALL"},{"data":"Acrobatics","floor":52,"key":"SMITH"}],"circlet_count":0,"master_deck":["AscendersBane","Defend_G","Defend_G","Defend_G+1","Survivor","Neutralize+1","Calculated Gamble+1","Blade Dance+1","Calculated Gamble+1","Reflex+1","Acrobatics+1","Quick Slash","Corpse Explosion+1","Quick Slash","After Image+1","Leg Sweep+1","Ghostly","Ghostly","Ghostly+1","Bite","Bite","Bite","Dash+1","Caltrops+1","Endless Agony","Wraith Form v2+1","Noxious Fumes+1","Acrobatics"],"relics":["Philosopher\u0027s Stone","Golden Idol","Strawberry","CeramicFish","MawBank","Busted Crown","Dream Catcher","Vajra","Lantern","HoveringKite","OrangePellets","HornCleat","The Specimen","White Beast Statue","Bronze Scales","Ninja Scroll"],"acts_visited":["Exordium","TheCity","TheBeyond","TheEnding"],"potions_floor_usage":[50,55,55],"damage_taken":[{"damage":4.0,"enemies":"2 Louse","floor":1.0,"turns":3.0},{"damage":5.0,"enemies":"Jaw Worm","floor":4.0,"turns":5.0},{"damage":3.0,"enemies":"Small Slimes","floor":5.0,"turns":3.0},{"damage":0.0,"enemies":"3 Louse","floor":7.0,"turns":2.0},{"damage":11.0,"enemies":"3 Sentries","floor":8.0,"turns":8.0},{"damage":15.0,"enemies":"Gremlin Nob","floor":14.0,"turns":3.0},{"damage":23.0,"enemies":"Hexaghost","floor":16.0,"turns":11.0},{"damage":38.0,"enemies":"Chosen","floor":18.0,"turns":7.0},{"damage":2.0,"enemies":"Spheric Guardian","floor":19.0,"turns":4.0},{"damage":16.0,"enemies":"Book of Stabbing","floor":23.0,"turns":7.0},{"damage":0.0,"enemies":"Cultist and Chosen","floor":24.0,"turns":6.0},{"damage":16.0,"enemies":"Slavers","floor":27.0,"turns":4.0},{"damage":14.0,"enemies":"Automaton","floor":33.0,"turns":9.0},{"damage":0.0,"enemies":"Orb Walker","floor":35.0,"turns":3.0},{"damage":8.0,"enemies":"3 Shapes","floor":37.0,"turns":2.0},{"damage":0.0,"enemies":"Sphere and 2 Shapes","floor":38.0,"turns":3.0},{"damage":0.0,"enemies":"Transient","floor":39.0,"turns":5.0},{"damage":1.0,"enemies":"Reptomancer","floor":40.0,"turns":9.0},{"damage":6.0,"enemies":"2 Orb Walkers","floor":42.0,"turns":6.0},{"damage":0.0,"enemies":"Writhing Mass","floor":44.0,"turns":7.0},{"damage":0.0,"enemies":"4 Shapes","floor":46.0,"turns":3.0},{"damage":12.0,"enemies":"Giant Head","floor":48.0,"turns":11.0},{"damage":34,"enemies":"Awakened One","floor":50,"turns":17},{"damage":0,"enemies":"Shield and Spear","floor":54,"turns":6},{"damage":14,"enemies":"The Heart","floor":55,"turns":12}],"seed_played":"9099261108229649425","potions_obtained":[{"floor":4.0,"key":"CultistPotion"},{"floor":5.0,"key":"SteroidPotion"},{"floor":14.0,"key":"AttackPotion"},{"floor":24.0,"key":"Block Potion"},{"floor":33.0,"key":"SteroidPotion"},{"floor":48.0,"key":"LiquidBronze"},{"floor":54,"key":"SpeedPotion"}],"is_trial":false,"path_per_floor":["M","$","?","M","M","R","M","E","T","R","?","R","?","E","R","B",null,"M","M","?","?","?","E","M","?","T","E","R","$","R","$","R","B",null,"M","$","M","M","M","E","R","?","T","M","?","M","R","E","R","B",null,"R","$","E","B",null],"character_chosen":"THE_SILENT","items_purchased":["Blade Dance","Calculated Gamble","Caltrops","Endless Agony","AttackPotion","OrangePellets","Acrobatics","Bronze Scales","SpeedPotion"],"campfire_rested":1,"item_purchase_floors":[2,2,31,31,31,36,53,53,53],"current_hp_per_floor":[55,55,55,50,47,47,47,43,43,43,23,43,48,33,33,10,57,19,17,17,17,17,15,25,25,25,17,17,17,17,17,17,17,23,25,25,19,23,25,25,25,23,23,25,25,25,25,22,22,15,23,23,23,25,25],"gold":62,"neow_bonus":"BOSS_RELIC","is_daily":false,"chose_seed":false,"campfire_upgraded":9,"win_rate":0.0,"timestamp":1608260285,"path_taken":["M","$","?","M","M","R","M","E","T","R","?","R","?","E","R","BOSS","M","M","?","?","?","E","?","?","T","E","R","$","R","$","R","BOSS","M","$","M","?","M","E","R","?","T","M","?","M","R","E","R","BOSS","R","$","E","BOSS"],"items_purchased_type":["Card","Card","Card","Card","Potion","Relic","Card","Relic","Potion"],"build_version":"2020-12-13","purchased_purges":3,"victory":true,"max_hp_per_floor":[66,66,60,60,60,60,60,67,67,67,67,67,72,72,72,72,72,72,72,36,25,25,25,25,25,25,25,25,25,25,25,25,25,25,25,25,25,25,25,25,25,25,25,25,25,25,25,25,25,25,25,25,25,25,25],"card_choices":[{"not_picked":["Dagger Spray","Finisher"],"picked":"Calculated Gamble","floor":1.0},{"not_picked":["PiercingWail","Acrobatics"],"picked":"Reflex","floor":4.0},{"not_picked":["Riddle With Holes","Blade Dance"],"picked":"Acrobatics","floor":5.0},{"not_picked":["Backstab","Infinite Blades"],"picked":"Quick Slash","floor":7.0},{"not_picked":["Heel Hook","Prepared"],"picked":"Corpse Explosion","floor":8.0},{"not_picked":["Dash","Deflect"],"picked":"Quick Slash","floor":14.0},{"not_picked":["Bullet Time","Tools of the Trade"],"picked":"After Image","floor":16.0},{"not_picked":["Dodge and Roll"],"picked":"SKIP","floor":18.0},{"not_picked":[],"picked":"Leg Sweep+1","floor":19.0},{"not_picked":[],"picked":"Dash+1","floor":23.0},{"not_picked":["Quick Slash"],"picked":"SKIP","floor":24.0},{"not_picked":["Flying Knee"],"picked":"SKIP","floor":27.0},{"not_picked":[],"picked":"Wraith Form v2","floor":33.0},{"not_picked":["Slice"],"picked":"SKIP","floor":35.0},{"not_picked":["Setup"],"picked":"SKIP","floor":37.0},{"not_picked":["Dagger Throw"],"picked":"SKIP","floor":38.0},{"not_picked":[],"picked":"Noxious Fumes","floor":39.0},{"not_picked":["Poisoned Stab+1"],"picked":"SKIP","floor":40.0},{"not_picked":["Flying Knee"],"picked":"SKIP","floor":44.0},{"not_picked":["Dagger Throw"],"picked":"SKIP","floor":46.0},{"not_picked":["Quick Slash"],"picked":"SKIP","floor":48.0},{"not_picked":["Sucker Punch"],"picked":"SKIP","floor":54}],"player_experience":401240,"relics_obtained":[{"floor":8.0,"key":"Strawberry"},{"floor":9.0,"key":"CeramicFish"},{"floor":14.0,"key":"MawBank"},{"floor":23.0,"key":"Dream Catcher"},{"floor":26.0,"key":"Vajra"},{"floor":27.0,"key":"Lantern"},{"floor":40.0,"key":"HornCleat"},{"floor":42.0,"key":"The Specimen"},{"floor":48.0,"key":"White Beast Statue"},{"floor":54,"key":"Ninja Scroll"}],"event_choices":[{"damage_healed":0.0,"max_hp_gain":0.0,"max_hp_loss":6.0,"gold_gain":0.0,"event_name":"Golden Idol","player_choice":"Lose Max HP","floor":3.0,"gold_loss":0.0,"damage_taken":0.0,"relics_obtained":["Golden Idol"]},{"damage_healed":0.0,"max_hp_gain":0.0,"max_hp_loss":0.0,"gold_gain":0.0,"event_name":"Shining Light","player_choice":"Entered Light","floor":11.0,"gold_loss":0.0,"damage_taken":20.0,"cards_upgraded":["Calculated Gamble","Defend_G"]},{"damage_healed":0.0,"max_hp_gain":5.0,"max_hp_loss":0.0,"gold_gain":0.0,"event_name":"Big Fish","player_choice":"Donut","floor":13.0,"gold_loss":0.0,"damage_taken":0.0},{"damage_healed":0.0,"max_hp_gain":0.0,"max_hp_loss":36.0,"gold_gain":0.0,"event_name":"Ghosts","player_choice":"Became a Ghost","floor":20.0,"gold_loss":0.0,"damage_taken":0.0,"cards_obtained":["Ghostly","Ghostly","Ghostly"]},{"damage_healed":0.0,"max_hp_gain":0.0,"max_hp_loss":11.0,"gold_gain":0.0,"event_name":"Vampires","player_choice":"Became a vampire","floor":21.0,"gold_loss":0.0,"damage_taken":0.0,"cards_obtained":["Bite","Bite","Bite","Bite","Bite"]},{"damage_healed":0.0,"max_hp_gain":0.0,"max_hp_loss":0.0,"gold_gain":0.0,"event_name":"Accursed Blacksmith","player_choice":"Forge","floor":22.0,"gold_loss":0.0,"damage_taken":0.0,"cards_upgraded":["After Image"]},{"cards_removed":["Bite"],"damage_healed":0.0,"max_hp_gain":0.0,"max_hp_loss":0.0,"gold_gain":0.0,"event_name":"Designer","player_choice":"Upgrade and Remove","floor":25.0,"gold_loss":110.0,"damage_taken":0.0,"cards_upgraded":["Ghostly"]},{"damage_healed":0.0,"max_hp_gain":0.0,"max_hp_loss":0.0,"gold_gain":0.0,"event_name":"Mysterious Sphere","player_choice":"Fight","floor":42.0,"gold_loss":0.0,"damage_taken":0.0},{"damage_healed":0.0,"max_hp_gain":0.0,"max_hp_loss":0.0,"gold_gain":0.0,"event_name":"Tomb of Lord Red Mask","player_choice":"Ignored","floor":45.0,"gold_loss":0.0,"damage_taken":0.0}],"is_beta":false,"boss_relics":[{"not_picked":["Astrolabe","Velvet Choker"],"picked":"Busted Crown"},{"not_picked":["Coffee Dripper","SacredBark"],"picked":"HoveringKite"}],"items_purged_floors":[29,31,36],"is_endless":false,"potions_floor_spawned":[4,5,14,24,33,37,38,39,48,54],"ascension_level":16}}