{"host":"5i6rw4gkxvk2wjdw","time":1608253974,"event":{"mods":["AchievementEnabler","BaseMod","Bestiary","Colored Map","Colored Powertips","Curses Come First","DeckTracker","Highlight Path","Minty Spire (QoL Compilation)","Rare Cards Sparkle","Relic Stats","StSLib","SuperFastMode"],"gold_per_floor":[110,123,139,164,181,209,209,234,259,315,68,100,100,118,118,216,216,227,239,338,348,364,364,399,399,424,424,424,436,450,475,475,573,573,585,306,306,306,323,355,355,381,407,438,438,450,476,500,500,500,500,500,23,54,54],"floor_reached":56,"playtime":5144,"items_purged":["Defend_P","Secret Technique+1"],"score":1538,"play_id":"64fea26c-158f-4fa8-b759-719ab90912d8","local_time":"20201218021254","is_ascension_mode":true,"campfire_choices":[{"data":"Omniscience","floor":7.0,"key":"SMITH"},{"data":"Alpha","floor":15.0,"key":"SMITH"},{"data":"Strike_P","floor":23.0,"key":"PURGE"},{"data":"Strike_P","floor":25.0,"key":"PURGE"},{"data":"Strike_P","floor":27.0,"key":"PURGE"},{"data":"Study","floor":32.0,"key":"PURGE"},{"data":"Defend_P","floor":41.0,"key":"PURGE"},{"data":"Forethought","floor":45.0,"key":"PURGE"},{"floor":49,"key":"RECALL"},{"data":"Protect","floor":52,"key":"SMITH"}],"circlet_count":0,"master_deck":["Eruption","Vigilance","Protect+1","Wireheading","WheelKick","Wallop+1","Omniscience+1","DevaForm","Alpha+1","Scrawl","EmptyBody","CutThroughFate+1","CutThroughFate","Wallop","Vault","MasterReality","Protect+1","Sanctity","Swivel+1","DevaForm"],"relics":["PureWater","Pen Nib","Mummified Hand","Peace Pipe","MealTicket","Meat on the Bone","Potion Belt","Bag of Marbles","Snecko Eye","Regal Pillow","Tiny Chest","Empty Cage","Whetstone","Gambling Chip","Singing Bowl","War Paint","Happy Flower","Blue Candle","Smiling Mask","InkBottle","Mango"],"acts_visited":["Exordium","TheCity","TheBeyond","TheEnding"],"potions_floor_usage":[55,55,55],"damage_taken":[{"damage":0.0,"enemies":"Cultist","floor":1.0,"turns":5.0},{"damage":0.0,"enemies":"2 Louse","floor":2.0,"turns":3.0},{"damage":3.0,"enemies":"Jaw Worm","floor":3.0,"turns":6.0},{"damage":8.0,"enemies":"Blue Slaver","floor":5.0,"turns":3.0},{"damage":10.0,"enemies":"Lagavulin","floor":6.0,"turns":7.0},{"damage":31.0,"enemies":"3 Sentries","floor":8.0,"turns":8.0},{"damage":0.0,"enemies":"Lagavulin Event","floor":10.0,"turns":3.0},{"damage":0.0,"enemies":"Lagavulin","floor":12.0,"turns":5.0},{"damage":10.0,"enemies":"2 Fungi Beasts","floor":14.0,"turns":3.0},{"damage":14.0,"enemies":"The Guardian","floor":16.0,"turns":5.0},{"damage":2.0,"enemies":"3 Byrds","floor":18.0,"turns":4.0},{"damage":5.0,"enemies":"Shell Parasite","floor":19.0,"turns":5.0},{"damage":10.0,"enemies":"Shelled Parasite and Fungi","floor":21.0,"turns":4.0},{"damage":3.0,"enemies":"Snake Plant","floor":22.0,"turns":3.0},{"damage":14.0,"enemies":"Slavers","floor":24.0,"turns":3.0},{"damage":25.0,"enemies":"Centurion and Healer","floor":29.0,"turns":4.0},{"damage":0.0,"enemies":"3 Cultists","floor":30.0,"turns":3.0},{"damage":10.0,"enemies":"Book of Stabbing","floor":31.0,"turns":7.0},{"damage":24.0,"enemies":"Champ","floor":33.0,"turns":5.0},{"damage":0.0,"enemies":"Orb Walker","floor":35.0,"turns":3.0},{"damage":0.0,"enemies":"3 Shapes","floor":39.0,"turns":3.0},{"damage":39.0,"enemies":"Nemesis","floor":40.0,"turns":8.0},{"damage":0.0,"enemies":"Giant Head","floor":42.0,"turns":3.0},{"damage":0.0,"enemies":"Nemesis","floor":44.0,"turns":4.0},{"damage":0.0,"enemies":"Transient","floor":46.0,"turns":6.0},{"damage":32.0,"enemies":"Reptomancer","floor":47.0,"turns":4.0},{"damage":4,"enemies":"Time Eater","floor":50,"turns":9},{"damage":0,"enemies":"Shield and Spear","floor":54,"turns":4},{"damage":60,"enemies":"The Heart","floor":55,"turns":7}],"seed_played":"6504116967539516879","potions_obtained":[{"floor":1.0,"key":"LiquidBronze"},{"floor":2.0,"key":"SneckoOil"},{"floor":5.0,"key":"BottledMiracle"},{"floor":6.0,"key":"Swift Potion"},{"floor":10.0,"key":"BlessingOfTheForge"},{"floor":12.0,"key":"CultistPotion"},{"floor":18.0,"key":"SteroidPotion"},{"floor":24.0,"key":"BlessingOfTheForge"},{"floor":29.0,"key":"Regen Potion"},{"floor":30.0,"key":"Weak Potion"},{"floor":35.0,"key":"Weak Potion"},{"floor":42.0,"key":"Explosive Potion"},{"floor":44.0,"key":"Ambrosia"},{"floor":54,"key":"Energy Potion"}],"is_trial":false,"path_per_floor":["M","M","M","T","M","E","R","E","T","?","$","E","T","M","R","B",null,"M","M","?","M","M","R","E","R","T","R","?","M","M","E","R","B",null,"M","$","?","?","M","E","R","E","T","E","R","M","E","T","R","B",null,"R","$","E","B",null],"character_chosen":"WATCHER","items_purchased":["Secret Technique","Study","Whetstone","Protect","DevaForm","InkBottle","Block Potion","Fire Potion"],"campfire_rested":0,"item_purchase_floors":[11,11,36,36,53,53,53,53],"current_hp_per_floor":[72,72,69,69,61,51,51,20,20,20,35,47,47,37,37,35,72,70,65,65,55,52,52,38,38,38,38,38,25,37,39,39,41,72,72,72,72,72,72,45,45,47,47,49,49,51,33,33,33,41,80,80,80,96,48],"gold":54,"neow_bonus":"RANDOM_COLORLESS","is_daily":false,"chose_seed":false,"campfire_upgraded":3,"win_rate":0.0,"timestamp":1608253974,"path_taken":["M","M","M","?","M","E","R","E","T","?","?","E","?","M","R","BOSS","M","M","?","M","M","R","E","R","T","R","?","?","M","E","R","BOSS","M","$","?","?","M","E","R","E","T","E","R","?","E","?","R","BOSS","R","$","E","BOSS"],"items_purchased_type":["Card","Card","Relic","Card","Card","Relic","Potion","Potion"],"build_version":"2020-12-13","purchased_purges":2,"victory":true,"max_hp_per_floor":[72,72,72,72,72,72,72,72,72,72,72,72,72,72,72,72,72,72,72,72,72,72,72,72,72,72,72,72,72,72,72,72,72,72,72,72,72,72,72,72,72,74,74,76,76,78,80,80,80,80,80,80,80,96,96],"relic_stats":{"Regal Pillow":0,"Singing Bowl":10,"Happy Flower":[10],"counters":[29,137],"Blue Candle":[0],"Pen Nib":[24],"Whetstone":["CutThroughFate","Wallop"],"War Paint":["Protect","Secret Technique"],"Smiling Mask":50,"Peace Pipe":6,"Mummified Hand":[183],"Gambling Chip":[11],"Snecko Eye":[236,198,222,234],"MealTicket":15,"Tiny Chest":1,"obtain_stats":[{"Potion Belt":12,"Regal Pillow":24,"Singing Bowl":42,"Happy Flower":44,"Blue Candle":47,"Mango":54,"Pen Nib":4,"Whetstone":36,"War Paint":43,"Empty Cage":34,"Smiling Mask":48,"Peace Pipe":8,"Mummified Hand":6,"Gambling Chip":40,"Snecko Eye":17,"MealTicket":9,"Tiny Chest":31,"Bag of Marbles":13,"PureWater":0,"InkBottle":53,"Meat on the Bone":10},{"Potion Belt":8,"Regal Pillow":15,"Singing Bowl":23,"Happy Flower":24,"Blue Candle":26,"Mango":28,"Pen Nib":3,"Whetstone":20,"War Paint":23,"Empty Cage":19,"Smiling Mask":26,"Peace Pipe":6,"Mummified Hand":5,"Gambling Chip":22,"Snecko Eye":10,"MealTicket":6,"Tiny Chest":18,"Bag of Marbles":8,"PureWater":0,"InkBottle":27,"Meat on the Bone":7},{"Potion Belt":40,"Regal Pillow":67,"Singing Bowl":103,"Happy Flower":107,"Blue Candle":117,"Mango":130,"Pen Nib":14,"Whetstone":89,"War Paint":103,"Empty Cage":86,"Smiling Mask":117,"Peace Pipe":32,"Mummified Hand":24,"Gambling Chip":100,"Snecko Eye":48,"MealTicket":32,"Tiny Chest":81,"Bag of Marbles":40,"PureWater":0,"InkBottle":126,"Meat on the Bone":35}],"InkBottle":[8],"Meat on the Bone":120},"card_choices":[{"not_picked":["Purity","Good Instincts"],"picked":"Forethought","floor":0.0},{"not_picked":["WreathOfFlame","SashWhip"],"picked":"Protect","floor":1.0},{"not_picked":["BowlingBash","CrushJoints"],"picked":"Wireheading","floor":2.0},{"not_picked":["Crescendo","SandsOfTime"],"picked":"WheelKick","floor":3.0},{"not_picked":["ThirdEye","Adaptation"],"picked":"Wallop","floor":5.0},{"not_picked":["Consecrate","WheelKick"],"picked":"Omniscience","floor":6.0},{"not_picked":["Crescendo","Conclude"],"picked":"DevaForm","floor":8.0},{"not_picked":["EmptyFist","Prostrate"],"picked":"Alpha","floor":12.0},{"not_picked":["Prostrate","Conclude","SandsOfTime"],"picked":"SKIP","floor":14.0},{"not_picked":["DeusExMachina","ConjureBlade"],"picked":"Scrawl","floor":16.0},{"not_picked":["Pray","MentalFortress"],"picked":"EmptyBody","floor":18.0},{"not_picked":["Halt","JustLucky"],"picked":"CutThroughFate","floor":19.0},{"not_picked":["EmptyBody","Prostrate"],"picked":"Study+1","floor":21.0},{"not_picked":["Prostrate","CrushJoints"],"picked":"CutThroughFate","floor":22.0},{"not_picked":["SandsOfTime","EmptyBody+1"],"picked":"Wallop","floor":24.0},{"not_picked":["Weave","Vengeance","ThirdEye"],"picked":"SKIP","floor":29.0},{"not_picked":["Swivel","EmptyFist"],"picked":"Vault","floor":30.0},{"not_picked":["PathToVictory+1","FlurryOfBlows+1","Conclude+1"],"picked":"SKIP","floor":31.0},{"not_picked":["Scrawl","Blasphemy"],"picked":"MasterReality","floor":33.0},{"not_picked":["Pray+1","CarveReality+1","ClearTheMind+1"],"picked":"SKIP","floor":35.0},{"not_picked":["JustLucky","BowlingBash","FlurryOfBlows"],"picked":"SKIP","floor":39.0},{"not_picked":["InnerPeace+1","EmptyBody+1"],"picked":"Swivel+1","floor":40.0},{"not_picked":["Wireheading","Swivel","Tantrum+1"],"picked":"Singing Bowl","floor":42.0},{"not_picked":["Wireheading","LikeWater","Consecrate+1"],"picked":"Singing Bowl","floor":44.0},{"not_picked":["PathToVictory","Evaluate+1","ThirdEye"],"picked":"Singing Bowl","floor":46.0},{"not_picked":["ThirdEye+1","Study+1","Meditate+1"],"picked":"Singing Bowl","floor":47.0},{"not_picked":["EmptyFist+1","FollowUp","Sanctity"],"picked":"Singing Bowl","floor":54}],"player_experience":155423,"relics_obtained":[{"floor":4.0,"key":"Pen Nib"},{"floor":6.0,"key":"Mummified Hand"},{"floor":8.0,"key":"Peace Pipe"},{"floor":9.0,"key":"MealTicket"},{"floor":10.0,"key":"Meat on the Bone"},{"floor":12.0,"key":"Potion Belt"},{"floor":13.0,"key":"Bag of Marbles"},{"floor":24.0,"key":"Regal Pillow"},{"floor":31.0,"key":"Tiny Chest"},{"floor":40.0,"key":"Gambling Chip"},{"floor":42.0,"key":"Singing Bowl"},{"floor":43.0,"key":"War Paint"},{"floor":44.0,"key":"Happy Flower"},{"floor":47.0,"key":"Blue Candle"},{"floor":48.0,"key":"Smiling Mask"},{"floor":54,"key":"Mango"}],"event_choices":[{"damage_healed":0.0,"max_hp_gain":0.0,"max_hp_loss":0.0,"gold_gain":30.0,"event_name":"Dead Adventurer","player_choice":"Searched \u00272\u0027 times","floor":10.0,"gold_loss":0.0,"damage_taken":0.0},{"damage_healed":0.0,"max_hp_gain":0.0,"max_hp_loss":0.0,"gold_gain":99.0,"event_name":"Nest","player_choice":"Stole From Cult","floor":20.0,"gold_loss":0.0,"damage_taken":0.0},{"cards_removed":["Strike_P"],"damage_healed":0.0,"max_hp_gain":0.0,"max_hp_loss":0.0,"gold_gain":0.0,"event_name":"Purifier","player_choice":"Purged","floor":28.0,"gold_loss":0.0,"damage_taken":0.0},{"cards_removed":["Defend_P"],"damage_healed":0.0,"max_hp_gain":0.0,"max_hp_loss":0.0,"gold_gain":0.0,"event_name":"Falling","player_choice":"Removed Skill","floor":37.0,"gold_loss":0.0,"damage_taken":0.0},{"damage_healed":0.0,"max_hp_gain":0.0,"max_hp_loss":0.0,"gold_gain":0.0,"event_name":"Match and Keep!","player_choice":"1 cards matched","floor":38.0,"gold_loss":0.0,"damage_taken":0.0,"cards_obtained":["Sanctity"]}],"is_beta":false,"boss_relics":[{"not_picked":["Pandora\u0027s Box","Black Star"],"picked":"Snecko Eye"},{"not_picked":["Runic Pyramid","Philosopher\u0027s Stone"],"picked":"Empty Cage"}],"items_purged_floors":[36,53],"is_endless":false,"potions_floor_spawned":[1,2,5,6,10,12,18,24,29,30,35,42,44,54],"ascension_level":2}}