{"host":"f5gffvlv6a66yqkd","time":1608310701,"event":{"mods":["2.2 Compatiblity","BaseMod","Colored Map","DeckTracker","Keyboard Shortcuts","Minty Spire (QoL Compilation)","Permanent Neow","Quick Restart","Relic Stats","StSLib","SuperFastMode"],"gold_per_floor":[11,11,11,21,31,31,61,61,111,9,40,40,54,54,54,126,126,140,140,140,55,105,105,115,115,115,40,68,68,81,131,131,131,131],"floor_reached":33,"playtime":920,"items_purged":["Writhe"],"score":538,"play_id":"839eaa9c-d82d-417d-89d2-7dc9291d6a03","local_time":"20201219015821","is_ascension_mode":true,"campfire_choices":[{"data":"Dualcast","floor":6.0,"key":"SMITH"},{"data":"Zap","floor":8.0,"key":"SMITH"},{"floor":15.0,"key":"REST"},{"floor":23,"key":"REST"},{"floor":25,"key":"REST"},{"floor":29,"key":"REST"},{"floor":32,"key":"REST"}],"circlet_count":0,"master_deck":["AscendersBane","Strike_B","Defend_B","Defend_B","Defend_B","Defend_B","Zap+1","Dualcast+1","Electrodynamics","BootSequence","Capacitor","Conserve Battery","White Noise","Turbo","Coolheaded","Recycle","Glacier","Cold Snap","Buffer","Coolheaded","Aggregate","Machine Learning","Static Discharge","Seek","Barrage","Heatsinks+1","Decay","Skim","Self Repair+1","Reboot"],"relics":["Cracked Core","Dream Catcher","Prayer Wheel","Art of War","Cursed Key","Pen Nib","Frozen Egg 2","Symbiotic Virus","Bronze Scales"],"acts_visited":["Exordium","TheCity"],"potions_floor_usage":[33,33],"damage_taken":[{"damage":9.0,"enemies":"Jaw Worm","floor":1.0,"turns":4.0},{"damage":0.0,"enemies":"2 Louse","floor":4.0,"turns":2.0},{"damage":1.0,"enemies":"Cultist","floor":5.0,"turns":3.0},{"damage":22.0,"enemies":"Lagavulin","floor":7.0,"turns":5.0},{"damage":20.0,"enemies":"3 Sentries","floor":11.0,"turns":4.0},{"damage":1.0,"enemies":"Exordium Thugs","floor":13.0,"turns":3.0},{"damage":38.0,"enemies":"Slime Boss","floor":16.0,"turns":11.0},{"damage":27.0,"enemies":"Chosen","floor":18.0,"turns":7.0},{"damage":6,"enemies":"Shell Parasite","floor":24,"turns":8},{"damage":38,"enemies":"Book of Stabbing","floor":28,"turns":6},{"damage":10,"enemies":"3 Cultists","floor":30,"turns":4},{"damage":62,"enemies":"Automaton","floor":33,"turns":12}],"seed_played":"-1463999619615950844","potions_obtained":[{"floor":5.0,"key":"DistilledChaos"},{"floor":7.0,"key":"FearPotion"},{"floor":11.0,"key":"Regen Potion"},{"floor":24,"key":"PotionOfCapacity"},{"floor":28,"key":"SkillPotion"}],"is_trial":false,"path_per_floor":["M","?","?","M","M","R","E","R","T","$","E","$","M","?","R","B",null,"M","?","?","?","?","R","M","R","T","$","E","R","M","?","R","B"],"character_chosen":"DEFECT","items_purchased":["Turbo","Coolheaded"],"campfire_rested":5,"item_purchase_floors":[10,10],"current_hp_per_floor":[55,55,55,55,54,54,32,32,32,32,12,12,11,11,32,9,56,29,29,29,29,29,50,44,65,65,65,27,48,38,38,59,0,0],"gold":131,"neow_bonus":"THREE_RARE_CARDS","is_daily":false,"chose_seed":false,"campfire_upgraded":2,"win_rate":0.0,"timestamp":1608310701,"path_taken":["M","?","?","?","M","R","E","R","T","?","E","$","M","?","R","BOSS","M","?","?","?","?","R","M","R","T","?","E","R","M","?","R","BOSS"],"items_purchased_type":["Card","Card"],"build_version":"2020-12-13","purchased_purges":1,"victory":false,"max_hp_per_floor":[71,71,71,71,71,71,71,71,71,71,71,71,71,71,71,71,71,71,71,71,71,71,71,71,71,71,71,71,71,71,71,71,71,71],"relic_stats":{"Dream Catcher":5,"counters":[12,69],"Bronze Scales":[48],"Prayer Wheel":5,"Pen Nib":[2],"Art of War":[16],"Cursed Key":1,"obtain_stats":[{"Dream Catcher":3,"Bronze Scales":28,"Prayer Wheel":7,"Pen Nib":19,"Art of War":11,"Frozen Egg 2":21,"Cracked Core":0,"Cursed Key":17,"Symbiotic Virus":26},{"Dream Catcher":1,"Bronze Scales":10,"Prayer Wheel":4,"Pen Nib":8,"Art of War":5,"Frozen Egg 2":8,"Cracked Core":0,"Cursed Key":7,"Symbiotic Virus":9},{"Dream Catcher":4,"Bronze Scales":53,"Prayer Wheel":14,"Pen Nib":39,"Art of War":18,"Frozen Egg 2":39,"Cracked Core":0,"Cursed Key":32,"Symbiotic Virus":47}]},"card_choices":[{"not_picked":["Echo Form","Rainbow"],"picked":"Electrodynamics","floor":0.0},{"not_picked":["Beam Cell","Gash"],"picked":"BootSequence","floor":1.0},{"not_picked":["Sweeping Beam","Compile Driver"],"picked":"Capacitor","floor":4.0},{"not_picked":["Stack","Cold Snap"],"picked":"Conserve Battery","floor":5.0},{"not_picked":["Aggregate","Conserve Battery"],"picked":"White Noise","floor":7.0},{"not_picked":["Aggregate","Blizzard"],"picked":"Recycle","floor":11.0},{"not_picked":["Coolheaded","Recycle"],"picked":"Glacier","floor":13.0},{"not_picked":["Melter","Compile Driver","Redo"],"picked":"SKIP","floor":13.0},{"not_picked":["Fusion","Steam"],"picked":"Cold Snap","floor":15.0},{"not_picked":["Creative AI","Hyperbeam"],"picked":"Buffer","floor":16.0},{"not_picked":["Force Field","Turbo"],"picked":"Coolheaded","floor":18},{"not_picked":["Compile Driver","Hologram"],"picked":"Aggregate","floor":18},{"not_picked":["Compile Driver","Beam Cell"],"picked":"Seek","floor":23},{"not_picked":["Hologram","Streamline"],"picked":"Barrage","floor":24},{"not_picked":["Turbo","Heatsinks+1","Scrape"],"picked":"SKIP","floor":24},{"not_picked":["Turbo","Scrape"],"picked":"Heatsinks+1","floor":24},{"not_picked":["BootSequence","Turbo+1"],"picked":"Skim","floor":28},{"not_picked":["Cold Snap","Gash"],"picked":"Self Repair+1","floor":29},{"not_picked":["Rebound","Cold Snap","Beam Cell"],"picked":"SKIP","floor":30},{"not_picked":["Rip and Tear","Cold Snap","Stack"],"picked":"SKIP","floor":30},{"not_picked":["Rebound","Cold Snap","Beam Cell"],"picked":"SKIP","floor":30},{"not_picked":["Rip and Tear","Cold Snap","Stack"],"picked":"SKIP","floor":30},{"not_picked":["Redo","Stack"],"picked":"Reboot","floor":32}],"player_experience":1466892,"relics_obtained":[{"floor":3.0,"key":"Dream Catcher"},{"floor":7.0,"key":"Prayer Wheel"},{"floor":11.0,"key":"Art of War"},{"floor":26,"key":"Symbiotic Virus"},{"floor":28,"key":"Bronze Scales"}],"event_choices":[{"cards_removed":["Strike_B"],"damage_healed":0.0,"max_hp_gain":0.0,"max_hp_loss":0.0,"gold_gain":0.0,"event_name":"Living Wall","player_choice":"Forget","floor":2.0,"gold_loss":0.0,"damage_taken":0.0},{"damage_healed":0.0,"max_hp_gain":0.0,"max_hp_loss":0.0,"gold_gain":0.0,"event_name":"Wheel of Change","player_choice":"Relic","floor":3.0,"gold_loss":0.0,"damage_taken":0.0},{"damage_healed":0.0,"max_hp_gain":0.0,"max_hp_loss":0.0,"gold_gain":0.0,"event_name":"Liars Game","player_choice":"Ignored","floor":14.0,"gold_loss":0.0,"damage_taken":0.0},{"damage_healed":0,"gold_gain":0,"player_choice":"Opened","damage_taken":0,"relics_obtained":["Pen Nib"],"max_hp_gain":0,"max_hp_loss":0,"event_name":"The Mausoleum","floor":19,"gold_loss":0,"cards_obtained":["Writhe"]},{"damage_healed":0,"gold_gain":0,"cards_transformed":["Strike_B","Strike_B"],"player_choice":"Became Test Subject","damage_taken":0,"max_hp_gain":0,"max_hp_loss":0,"event_name":"Drug Dealer","floor":20,"gold_loss":0,"cards_obtained":["Machine Learning","Static Discharge"]},{"damage_healed":0,"gold_gain":0,"player_choice":"Obtained Relic","damage_taken":0,"relics_obtained":["Frozen Egg 2"],"max_hp_gain":0,"max_hp_loss":0,"event_name":"Addict","floor":21,"gold_loss":85},{"damage_healed":0,"gold_gain":50,"player_choice":"Stole From Cult","damage_taken":0,"max_hp_gain":0,"max_hp_loss":0,"event_name":"Nest","floor":22,"gold_loss":0},{"damage_healed":0,"gold_gain":100,"player_choice":"Bet on Murderer","damage_taken":0,"max_hp_gain":0,"max_hp_loss":0,"event_name":"The Joust","floor":31,"gold_loss":50}],"is_beta":false,"boss_relics":[{"not_picked":["Black Star","Fusion Hammer"],"picked":"Cursed Key"}],"items_purged_floors":[27],"is_endless":false,"potions_floor_spawned":[5,7,11,24,28],"killed_by":"Automaton","ascension_level":20}}