{"host":"n529wyrjhujcvty3","time":1608281640,"event":{"mods":["2.2 Compatiblity","Act Like it!","BaseMod","Better Third Choice","Lobotomy","Marisa¡]Ãú«B¡@Å]²z¨F¡^","Minty Spire (QoL Compilation)","Shop Mod","StSLib","Td1madao Mod","The Runesmith"],"gold_per_floor":[119,294,294,314,325,325,336,354,354,368,388,388,80,99,99,99,99],"floor_reached":16,"playtime":903,"items_purged":["Doubt"],"score":125,"play_id":"6969cf8e-be5f-47a5-8959-dc6d663dced3","local_time":"20201218165400","is_ascension_mode":true,"campfire_choices":[{"data":"Searing Blow","floor":6.0,"key":"SMITH"},{"data":"Searing Blow+1","floor":15.0,"key":"SMITH"}],"circlet_count":0,"master_deck":["Strike_R","Strike_R","Strike_R","Strike_R","Strike_R","Defend_R","Defend_R","Defend_R","Defend_R","Bash","Dual Wield","Searing Blow+2","Reaper","Sentinel"],"relics":["Burning Blood","Torii","Eternal Feather","MawBank","Question Card"],"acts_visited":["Exordium"],"potions_floor_usage":[],"damage_taken":[{"damage":2.0,"enemies":"2 Louse","floor":1.0,"turns":3.0},{"damage":7.0,"enemies":"Small Slimes","floor":4.0,"turns":3.0},{"damage":2.0,"enemies":"Cultist","floor":5.0,"turns":4.0},{"damage":24.0,"enemies":"Exordium Thugs","floor":7.0,"turns":7.0},{"damage":11.0,"enemies":"Exordium Wildlife","floor":8.0,"turns":5.0},{"damage":12.0,"enemies":"Looter","floor":10.0,"turns":4.0},{"damage":10.0,"enemies":"3 Louse","floor":11.0,"turns":4.0},{"damage":16.0,"enemies":"2 Fungi Beasts","floor":14.0,"turns":4.0},{"damage":51,"enemies":"Slime Boss","floor":16,"turns":8}],"seed_played":"-5907387792914847965","potions_obtained":[{"floor":3.0,"key":"Weak Potion"},{"floor":3.0,"key":"EssenceOfSteel"},{"floor":3.0,"key":"EssenceOfSteel"},{"floor":5.0,"key":"FairyPotion"},{"floor":7.0,"key":"DistilledChaos"},{"floor":8.0,"key":"ColorlessPotion"},{"floor":10.0,"key":"FearPotion"},{"floor":14.0,"key":"SkillPotion"}],"is_trial":false,"path_per_floor":["M","?","?","M","M","R","M","M","T","M","M","T","$","M","R","B"],"character_chosen":"IRONCLAD","items_purchased":["Question Card"],"campfire_rested":0,"item_purchase_floors":[13],"current_hp_per_floor":[72,72,72,71,72,72,54,49,49,43,51,51,51,41,47,29,29],"gold":99,"neow_bonus":"ONE_RARE_RELIC","is_daily":false,"chose_seed":false,"campfire_upgraded":2,"win_rate":0.0,"timestamp":1608281640,"path_taken":["M","?","?","M","?","R","M","M","T","M","M","?","$","M","R","BOSS"],"items_purchased_type":["Relic"],"build_version":"2020-12-13","purchased_purges":1,"victory":false,"max_hp_per_floor":[72,72,72,72,72,72,72,72,72,72,72,72,72,72,72,72,72],"card_choices":[{"not_picked":["Heavy Blade","Wild Strike"],"picked":"Dual Wield","floor":1.0},{"not_picked":["Body Slam","Headbutt","Shrug It Off"],"picked":"SKIP","floor":4.0},{"not_picked":["Thunderclap","Blood for Blood"],"picked":"Searing Blow","floor":5.0},{"not_picked":["Shrug It Off","Twin Strike","Wild Strike"],"picked":"SKIP","floor":7.0},{"not_picked":["Clash","Power Through"],"picked":"Reaper","floor":8.0},{"not_picked":["Perfected Strike","Intimidate"],"picked":"Sentinel","floor":10.0},{"not_picked":["Entrench","Thunderclap","Body Slam"],"picked":"SKIP","floor":11.0},{"not_picked":["Shrug It Off","Havoc","Cleave","Headbutt"],"picked":"SKIP","floor":14.0}],"player_experience":373945,"relics_obtained":[{"floor":9.0,"key":"Eternal Feather"},{"floor":12.0,"key":"MawBank"}],"event_choices":[{"damage_healed":0.0,"max_hp_gain":0.0,"max_hp_loss":0.0,"gold_gain":175.0,"event_name":"betterThird:BetterSerpent","player_choice":"AGREE","floor":2.0,"gold_loss":0.0,"damage_taken":119.0},{"damage_healed":0.0,"max_hp_gain":0.0,"max_hp_loss":0.0,"gold_gain":0.0,"event_name":"Lab","player_choice":"Got Potions","floor":3.0,"gold_loss":0.0,"damage_taken":0.0}],"is_beta":false,"boss_relics":[],"items_purged_floors":[13],"is_endless":false,"potions_floor_spawned":[5,7,8,10,14],"killed_by":"Slime Boss","ascension_level":6}}