{"host":"agbyy69nq62afhwx","time":1608255105,"event":{"mods":["BaseMod","Colored Map","Highlight Path","Keyboard Shortcuts","Minty Spire (QoL Compilation)","Quick Restart","StSLib","everything is the same but u backflip on backflip"],"gold_per_floor":[115,40,140,160,171,171,197,208,256,270,286,286,299,313,313,409,409,423,437,352,364,264,264,189,189,189,204,204,222,222,238,238,238,238],"floor_reached":33,"playtime":1828,"items_purged":["Strike_G","Defend_G"],"score":278,"play_id":"2063f8f4-2689-466e-be73-b8a8194db1a2","local_time":"20201218103145","is_ascension_mode":true,"campfire_choices":[{"data":"Flechettes","floor":6,"key":"SMITH"},{"data":"Acrobatics","floor":12,"key":"SMITH"},{"data":"Accuracy","floor":15,"key":"SMITH"},{"floor":23,"key":"REST"},{"data":"Adrenaline","floor":25,"key":"SMITH"},{"data":"Cloak And Dagger","floor":28,"key":"SMITH"},{"floor":30,"key":"REST"},{"data":"Cloak And Dagger","floor":32,"key":"SMITH"}],"circlet_count":0,"master_deck":["Strike_G","Strike_G","Defend_G","Defend_G","Defend_G","Survivor","Neutralize","Acrobatics+1","Poisoned Stab","Flechettes+1","Dagger Spray","Escape Plan","Cloak And Dagger+1","PiercingWail","Accuracy+1","Adrenaline+1","Cloak And Dagger+1","Finisher","Prepared+1"],"relics":["Ring of the Snake","Shuriken","Snake Skull","Empty Cage","Orichalcum","Paper Crane"],"acts_visited":["TheCity"],"potions_floor_usage":[],"damage_taken":[{"damage":0.0,"enemies":"Small Slimes","floor":1.0,"turns":4.0},{"damage":6.0,"enemies":"Cultist","floor":4.0,"turns":5.0},{"damage":2.0,"enemies":"2 Louse","floor":5.0,"turns":3.0},{"damage":14,"enemies":"3 Sentries","floor":7,"turns":8},{"damage":4,"enemies":"Blue Slaver","floor":8,"turns":5},{"damage":9,"enemies":"3 Louse","floor":10,"turns":3},{"damage":0,"enemies":"Looter","floor":11,"turns":3},{"damage":0,"enemies":"Large Slime","floor":13,"turns":4},{"damage":0,"enemies":"Exordium Wildlife","floor":14,"turns":2},{"damage":38,"enemies":"The Guardian","floor":16,"turns":10},{"damage":20,"enemies":"Shell Parasite","floor":18,"turns":7},{"damage":3,"enemies":"Chosen","floor":19,"turns":3},{"damage":32,"enemies":"Snecko","floor":21,"turns":6},{"damage":9,"enemies":"3 Cultists","floor":27,"turns":5},{"damage":9,"enemies":"Snake Plant","floor":29,"turns":4},{"damage":16,"enemies":"Sentry and Sphere","floor":31,"turns":4},{"damage":26,"enemies":"Champ","floor":33,"turns":7}],"seed_played":"5738921639288810007","potions_obtained":[{"floor":7,"key":"Dexterity Potion"},{"floor":11,"key":"SmokeBomb"},{"floor":16,"key":"Strength Potion"},{"floor":18,"key":"Regen Potion"},{"floor":21,"key":"CultistPotion"}],"is_trial":false,"path_per_floor":["M","$","?","M","M","R","E","M","T","M","M","R","M","M","R","B",null,"M","M","?","M","$","R","?","R","T","M","R","M","R","M","R","B"],"character_chosen":"THE_SILENT","items_purchased":[],"campfire_rested":2,"item_purchase_floors":[],"current_hp_per_floor":[77,77,77,71,69,69,55,51,51,42,42,42,42,42,42,4,77,57,54,54,22,22,45,45,45,45,36,36,27,50,34,34,8,8],"gold":238,"neow_bonus":"TEN_PERCENT_HP_BONUS","is_daily":false,"chose_seed":false,"campfire_upgraded":6,"win_rate":0.0,"timestamp":1608255105,"path_taken":["M","$","?","M","M","R","E","M","T","M","M","R","?","M","R","BOSS","M","M","?","M","$","R","?","R","T","M","R","M","R","M","R","BOSS"],"items_purchased_type":[],"build_version":"2020-12-13","purchased_purges":2,"victory":false,"max_hp_per_floor":[77,77,77,77,77,77,77,77,77,77,77,77,77,77,77,77,77,77,77,77,77,77,77,77,77,77,77,77,77,77,77,77,77,77],"card_choices":[{"not_picked":["Deflect","Backstab"],"picked":"Acrobatics","floor":1.0},{"not_picked":["Blade Dance","Concentrate"],"picked":"Poisoned Stab","floor":4.0},{"not_picked":["Bane","Tactician"],"picked":"Flechettes","floor":5},{"not_picked":["Burst","Acrobatics"],"picked":"Dagger Spray","floor":7},{"not_picked":["Dagger Spray","Bane"],"picked":"Escape Plan","floor":8},{"not_picked":["Outmaneuver","Concentrate","All Out Attack"],"picked":"SKIP","floor":10},{"not_picked":["Venomology","Flechettes"],"picked":"Cloak And Dagger","floor":11},{"not_picked":["Dodge and Roll","Sucker Punch"],"picked":"PiercingWail","floor":13},{"not_picked":["Eviscerate","Masterful Stab"],"picked":"Accuracy","floor":14},{"not_picked":["Bullet Time","Malaise"],"picked":"Adrenaline","floor":16},{"not_picked":["Terror","Catalyst"],"picked":"Cloak And Dagger","floor":18},{"not_picked":["Choke","Slice+1","Underhanded Strike"],"picked":"SKIP","floor":19},{"not_picked":["Terror","Outmaneuver","Dodge and Roll"],"picked":"SKIP","floor":21},{"not_picked":["Slice","Flying Knee"],"picked":"Finisher","floor":27},{"not_picked":["Eviscerate","Doppelganger"],"picked":"Prepared+1","floor":29},{"not_picked":["Expertise+1","Blur+1","Quick Slash"],"picked":"SKIP","floor":31}],"player_experience":308549,"relics_obtained":[{"floor":7,"key":"Shuriken"},{"floor":9,"key":"Snake Skull"},{"floor":26,"key":"Paper Crane"}],"event_choices":[{"damage_healed":0.0,"max_hp_gain":0.0,"max_hp_loss":0.0,"gold_gain":100.0,"event_name":"Golden Shrine","player_choice":"Pray","floor":3.0,"gold_loss":0.0,"damage_taken":0.0},{"damage_healed":0,"gold_gain":0,"player_choice":"Obtained Relic","damage_taken":0,"relics_obtained":["Orichalcum"],"max_hp_gain":0,"max_hp_loss":0,"event_name":"Addict","floor":20,"gold_loss":85},{"cards_removed":["Defend_G"],"damage_healed":0,"gold_gain":0,"player_choice":"Gave Gold","damage_taken":0,"max_hp_gain":0,"max_hp_loss":0,"event_name":"Beggar","floor":24,"gold_loss":75}],"is_beta":false,"boss_relics":[{"not_picked":["Ectoplasm","Fusion Hammer"],"picked":"Empty Cage"}],"items_purged_floors":[2,22],"is_endless":false,"potions_floor_spawned":[7,11,16,18,21,27,31],"killed_by":"Champ","ascension_level":2}}