{"host":"jyuuog6ydc2s7nd8","time":1608281172,"event":{"mods":["BaseMod","Better Vampires","Minty Spire (QoL Compilation)","Shop Mod","StSLib","The Hierophant","The Servant 0.9.4","TheBandit","[IsaacMod]ÒÔÈö¼âËþ"],"gold_per_floor":[115,130,130,142,67,67,84,84,84,159,192,210,225,34,34,113,113,130,5,5,21,34,34,34],"floor_reached":23,"playtime":604,"items_purged":["Strike_R","Strike_R","Strike_R","Strike_R"],"score":486,"play_id":"ea61bae5-b3ae-4461-bb73-bf31daa71bdd","local_time":"20201218164612","is_ascension_mode":true,"campfire_choices":[{"data":"Bash","floor":6.0,"key":"SMITH"},{"data":"Dropkick","floor":8.0,"key":"SMITH"},{"data":"Bloodletting","floor":15.0,"key":"SMITH"}],"circlet_count":0,"master_deck":["AscendersBane","Strike_R+1","Defend_R","Defend_R","Defend_R","Defend_R+1","Bash+1","Dropkick+1","Bloodletting+1","Thunderclap","Flash of Steel","Sever Soul"],"relics":["HushsDoor","Busted Crown","BelialBook","PillsDrop","Shuriken","SacredBark","DeathBook"],"acts_visited":["Exordium","TheCity"],"potions_floor_usage":[23],"damage_taken":[{"damage":6.0,"enemies":"Small Slimes","floor":1.0,"turns":2.0},{"damage":1.0,"enemies":"2 Louse","floor":2.0,"turns":2.0},{"damage":6.0,"enemies":"Cultist","floor":4.0,"turns":3.0},{"damage":15.0,"enemies":"3 Louse","floor":7.0,"turns":4.0},{"damage":17.0,"enemies":"3 Sentries","floor":11.0,"turns":6.0},{"damage":0.0,"enemies":"Large Slime","floor":12.0,"turns":4.0},{"damage":0.0,"enemies":"Gremlin Gang","floor":13.0,"turns":4.0},{"damage":3.0,"enemies":"Hexaghost","floor":16.0,"turns":4.0},{"damage":0.0,"enemies":"Spheric Guardian","floor":18.0,"turns":1.0},{"damage":4.0,"enemies":"2 Thieves","floor":21.0,"turns":3.0},{"damage":28.0,"enemies":"Shelled Parasite and Fungi","floor":22.0,"turns":3.0},{"damage":19,"enemies":"Gremlin Leader","floor":23,"turns":4}],"seed_played":"-3624962730985067635","potions_obtained":[{"floor":2.0,"key":"BlessingOfTheForge"},{"floor":4.0,"key":"Regen Potion"},{"floor":11.0,"key":"SkillPotion"},{"floor":12.0,"key":"Energy Potion"},{"floor":16.0,"key":"FearPotion"},{"floor":18.0,"key":"SkillPotion"},{"floor":21.0,"key":"Regen Potion"}],"is_trial":false,"path_per_floor":["M","M","?","M","$","R","M","R","T","?","E","M","M","$","R","B",null,"M","$","?","M","M","E"],"character_chosen":"IRONCLAD","items_purchased":["Flash of Steel","DeathBook","Sever Soul"],"campfire_rested":0,"item_purchase_floors":[14,17,17],"current_hp_per_floor":[62,61,38,32,32,32,17,17,17,6,4,4,4,4,4,1,36,36,36,36,32,22,3,3],"gold":34,"neow_bonus":"BOSS_RELIC","is_daily":false,"chose_seed":false,"campfire_upgraded":3,"win_rate":0.0,"timestamp":1608281172,"path_taken":["M","M","?","?","$","R","M","R","T","?","E","?","M","$","R","BOSS","M","$","?","M","?","E"],"items_purchased_type":["Card","Relic","Card"],"build_version":"2020-12-13","purchased_purges":4,"victory":false,"max_hp_per_floor":[75,75,75,75,75,75,75,75,75,75,70,65,65,65,65,65,47,47,47,47,47,47,47,47],"card_choices":[{"not_picked":[],"picked":"ChaosCard","floor":0.0},{"not_picked":[],"picked":"Dropkick","floor":1.0},{"not_picked":["Whirlwind"],"picked":"SKIP","floor":2.0},{"not_picked":[],"picked":"Bloodletting","floor":4.0},{"not_picked":[],"picked":"Thunderclap","floor":7.0},{"not_picked":["Immolate"],"picked":"SKIP","floor":11.0},{"not_picked":["Twin Strike"],"picked":"SKIP","floor":12.0},{"not_picked":["Havoc"],"picked":"SKIP","floor":13.0},{"not_picked":["Cleave"],"picked":"SKIP","floor":18.0},{"not_picked":["Disarm"],"picked":"SKIP","floor":21.0},{"not_picked":["Warcry"],"picked":"SKIP","floor":22.0}],"player_experience":1754522,"relics_obtained":[{"floor":9.0,"key":"PillsDrop"},{"floor":11.0,"key":"Shuriken"}],"event_choices":[{"damage_healed":0.0,"max_hp_gain":0.0,"max_hp_loss":0.0,"gold_gain":0.0,"event_name":"Shining Light","player_choice":"Entered Light","floor":3.0,"gold_loss":0.0,"damage_taken":23.0,"cards_upgraded":["Strike_R","Defend_R"]},{"damage_healed":0.0,"max_hp_gain":0.0,"max_hp_loss":0.0,"gold_gain":75.0,"event_name":"World of Goop","player_choice":"Gather Gold","floor":10.0,"gold_loss":0.0,"damage_taken":11.0},{"damage_healed":0.0,"max_hp_gain":0.0,"max_hp_loss":0.0,"gold_gain":0.0,"event_name":"Ghosts","player_choice":"Ignored","floor":20.0,"gold_loss":0.0,"damage_taken":0.0}],"is_beta":false,"boss_relics":[{"not_picked":["Fusion Hammer","Runic Dome"],"picked":"SacredBark"},{"not_picked":[]}],"items_purged_floors":[5,14,17,19],"is_endless":false,"potions_floor_spawned":[2,4,11,12,16,18,21],"killed_by":"Gremlin Leader","ascension_level":20}}