{"host":"6azrrw3tf7wb0f4b","time":1608279778,"event":{"mods":["BaseMod","DeckTracker","Minty Spire (QoL Compilation)","SuperFastMode"],"gold_per_floor":[114,114,134,134,144,144,170,95,120,140,96,171,171,183,183,256,256,273,98,108,108,8,8,33,33,33],"floor_reached":25,"playtime":608,"items_purged":["Strike_R","Decay"],"score":405,"play_id":"3e30a75b-32ed-4d1f-ba2c-7ba39fe3f366","local_time":"20201218172258","is_ascension_mode":true,"campfire_choices":[{"data":"Clash","floor":6.0,"key":"SMITH"},{"data":"Demon Form","floor":13.0,"key":"SMITH"},{"floor":15.0,"key":"REST"},{"data":"Body Slam","floor":23.0,"key":"SMITH"}],"circlet_count":0,"master_deck":["AscendersBane","Strike_R","Strike_R","Strike_R","Defend_R","Defend_R","Defend_R","Bash","Dropkick","Disarm","Clash+1","Demon Form+1","Flame Barrier","Reaper","Body Slam+1","Corruption","Flex","Inflame"],"relics":["Burning Blood","NeowsBlessing","Lantern","Vajra","Akabeko","Empty Cage","Toy Ornithopter"],"acts_visited":["Exordium","TheCity"],"potions_floor_usage":[24,25],"damage_taken":[{"damage":0.0,"enemies":"Cultist","floor":1.0,"turns":1.0},{"damage":0.0,"enemies":"Small Slimes","floor":3.0,"turns":1.0},{"damage":0.0,"enemies":"Jaw Worm","floor":5.0,"turns":1.0},{"damage":30.0,"enemies":"3 Sentries","floor":7.0,"turns":5.0},{"damage":15.0,"enemies":"Looter","floor":10.0,"turns":3.0},{"damage":15.0,"enemies":"Exordium Wildlife","floor":14.0,"turns":5.0},{"damage":19.0,"enemies":"The Guardian","floor":16.0,"turns":11.0},{"damage":51.0,"enemies":"Spheric Guardian","floor":18.0,"turns":6.0},{"damage":16.0,"enemies":"Chosen","floor":20.0,"turns":6.0},{"damage":73,"enemies":"Slavers","floor":24,"turns":5},{"damage":39,"enemies":"Snecko","floor":25,"turns":4}],"seed_played":"2109055483252162339","potions_obtained":[{"floor":1.0,"key":"AttackPotion"},{"floor":3.0,"key":"BloodPotion"},{"floor":14.0,"key":"HeartOfIron"},{"floor":16.0,"key":"PowerPotion"},{"floor":18.0,"key":"ElixirPotion"}],"is_trial":false,"path_per_floor":["M","?","M","?","M","R","E","$","T","M","$","?","R","M","R","B",null,"M","$","M","?","$","R","E","M"],"character_chosen":"IRONCLAD","items_purchased":["Flame Barrier","Corruption"],"campfire_rested":1,"item_purchase_floors":[11,19],"current_hp_per_floor":[74,63,69,74,80,80,56,56,56,47,47,36,36,27,51,38,70,41,41,43,43,43,43,13,0,0],"gold":33,"neow_bonus":"THREE_ENEMY_KILL","is_daily":false,"chose_seed":false,"campfire_upgraded":3,"win_rate":0.0,"timestamp":1608279778,"path_taken":["M","?","M","?","M","R","E","?","T","M","$","?","R","M","R","BOSS","M","$","M","?","$","R","E","M"],"items_purchased_type":["Card","Card"],"build_version":"2020-12-13","purchased_purges":2,"victory":false,"max_hp_per_floor":[75,75,75,80,80,80,80,80,80,80,80,80,80,80,80,80,80,80,80,80,80,80,80,80,80,80],"card_choices":[{"not_picked":["Intimidate","Sentinel"],"picked":"Dropkick","floor":1.0},{"not_picked":["Cleave","Sword Boomerang"],"picked":"Disarm","floor":3.0},{"not_picked":["Battle Trance","Evolve"],"picked":"Clash","floor":5.0},{"not_picked":["Headbutt","Anger"],"picked":"Demon Form","floor":7.0},{"not_picked":["Thunderclap","Wild Strike","Anger"],"picked":"SKIP","floor":10.0},{"not_picked":["Thunderclap","Iron Wave","Warcry"],"picked":"SKIP","floor":14.0},{"not_picked":["Brutality","Double Tap"],"picked":"Reaper","floor":16.0},{"not_picked":["Iron Wave","Second Wind"],"picked":"Body Slam","floor":18.0},{"not_picked":["Battle Trance","Heavy Blade"],"picked":"Flex","floor":20.0},{"not_picked":["Perfected Strike","Flex"],"picked":"Inflame","floor":24}],"player_experience":617864,"relics_obtained":[{"floor":7.0,"key":"Vajra"},{"floor":9.0,"key":"Akabeko"},{"floor":24,"key":"Toy Ornithopter"}],"event_choices":[{"damage_healed":0.0,"max_hp_gain":0.0,"max_hp_loss":0.0,"gold_gain":0.0,"event_name":"Scrap Ooze","player_choice":"Success","floor":2.0,"gold_loss":0.0,"damage_taken":11.0,"relics_obtained":["Lantern"]},{"damage_healed":0.0,"max_hp_gain":5.0,"max_hp_loss":0.0,"gold_gain":0.0,"event_name":"Big Fish","player_choice":"Donut","floor":4.0,"gold_loss":0.0,"damage_taken":0.0},{"damage_healed":0.0,"max_hp_gain":0.0,"max_hp_loss":0.0,"gold_gain":75.0,"event_name":"World of Goop","player_choice":"Gather Gold","floor":12.0,"gold_loss":0.0,"damage_taken":11.0},{"damage_healed":0.0,"max_hp_gain":0.0,"max_hp_loss":0.0,"gold_gain":0.0,"event_name":"Forgotten Altar","player_choice":"Smashed Altar","floor":21.0,"gold_loss":0.0,"damage_taken":0.0,"cards_obtained":["Decay"]}],"is_beta":false,"boss_relics":[{"not_picked":["Busted Crown","Cursed Key"],"picked":"Empty Cage"}],"items_purged_floors":[8,22],"is_endless":false,"potions_floor_spawned":[1,3,14,16,18],"killed_by":"Snecko","ascension_level":17}}