{"host":"6azrrw3tf7wb0f4b","time":1608280652,"event":{"mods":["BaseMod","DeckTracker","Minty Spire (QoL Compilation)","SuperFastMode"],"gold_per_floor":[117,130,205,205,50,50,60,60,84,84,84,117,128,148,148,148,148],"floor_reached":16,"playtime":864,"items_purged":[],"score":135,"play_id":"bfedcbb9-8c6e-45bf-99bb-be921954f7c1","local_time":"20201218173732","is_ascension_mode":true,"campfire_choices":[{"data":"Rainbow","floor":6,"key":"SMITH"},{"data":"Defragment","floor":8,"key":"SMITH"},{"data":"Zap","floor":10,"key":"SMITH"},{"floor":15,"key":"REST"}],"circlet_count":0,"master_deck":["Strike_B+1","Strike_B","Strike_B","Strike_B+1","Defend_B","Defend_B","Defend_B","Defend_B","Zap+1","Dualcast+1","Sweeping Beam","Compile Driver","Ball Lightning+1","Beam Cell","Rainbow+1","Leap+1","Defragment+1","Redo","Melter","Double Energy"],"relics":["Cracked Core","Orrery","Whetstone","Art of War"],"acts_visited":["Exordium"],"potions_floor_usage":[12,16],"damage_taken":[{"damage":12,"enemies":"Small Slimes","floor":1,"turns":3},{"damage":7,"enemies":"Jaw Worm","floor":2,"turns":3},{"damage":0,"enemies":"Cultist","floor":7,"turns":3},{"damage":15,"enemies":"3 Sentries","floor":12,"turns":5},{"damage":5,"enemies":"2 Fungi Beasts","floor":13,"turns":3},{"damage":5,"enemies":"Exordium Wildlife","floor":14,"turns":4},{"damage":33,"enemies":"Slime Boss","floor":16,"turns":6}],"seed_played":"7181372318081613183","potions_obtained":[{"floor":2,"key":"DuplicationPotion"},{"floor":14,"key":"SneckoOil"}],"is_trial":false,"path_per_floor":["M","M","?","?","$","R","M","R","T","R","?","E","M","M","R","B"],"character_chosen":"DEFECT","items_purchased":["Orrery"],"campfire_rested":1,"item_purchase_floors":[5],"current_hp_per_floor":[56,49,38,43,43,43,43,43,43,43,27,12,7,2,26,0,0],"gold":148,"neow_bonus":"UPGRADE_CARD","is_daily":false,"chose_seed":false,"campfire_upgraded":3,"win_rate":0.0,"timestamp":1608280652,"path_taken":["M","M","?","?","?","R","?","R","T","R","?","E","M","M","R","BOSS"],"items_purchased_type":["Relic"],"build_version":"2020-12-13","purchased_purges":0,"victory":false,"max_hp_per_floor":[75,75,75,80,80,80,80,80,80,80,80,80,80,80,80,80,80],"card_choices":[{"not_picked":["Stack","Go for the Eyes"],"picked":"Sweeping Beam","floor":1},{"not_picked":["Reprogram","Skim"],"picked":"Compile Driver","floor":2},{"not_picked":["Rebound","Cold Snap"],"picked":"Ball Lightning","floor":5},{"not_picked":["Go for the Eyes","Aggregate"],"picked":"Beam Cell","floor":5},{"not_picked":["Storm","Turbo"],"picked":"Rainbow","floor":5},{"not_picked":["Streamline","Coolheaded"],"picked":"Leap","floor":5},{"not_picked":["Compile Driver","Go for the Eyes"],"picked":"Defragment","floor":7},{"not_picked":["Sweeping Beam","Leap"],"picked":"Redo","floor":12},{"not_picked":["Chill","Beam Cell"],"picked":"Melter","floor":13},{"not_picked":["Melter","Steam"],"picked":"Double Energy","floor":14}],"player_experience":618472,"relics_obtained":[{"floor":9,"key":"Whetstone"},{"floor":12,"key":"Art of War"}],"event_choices":[{"damage_healed":0,"gold_gain":75,"player_choice":"Gather Gold","damage_taken":11,"max_hp_gain":0,"max_hp_loss":0,"event_name":"World of Goop","floor":3,"gold_loss":0},{"damage_healed":0,"gold_gain":0,"player_choice":"Donut","damage_taken":0,"max_hp_gain":5,"max_hp_loss":0,"event_name":"Big Fish","floor":4,"gold_loss":0},{"damage_healed":0,"gold_gain":0,"player_choice":"Entered Light","damage_taken":16,"max_hp_gain":0,"max_hp_loss":0,"event_name":"Shining Light","floor":11,"gold_loss":0,"cards_upgraded":["Strike_B","Leap"]}],"is_beta":false,"boss_relics":[],"items_purged_floors":[],"is_endless":false,"potions_floor_spawned":[2,14],"killed_by":"Slime Boss","ascension_level":7}}