{"host":"agbyy69nq62afhwx","time":1608257385,"event":{"mods":["BaseMod","Colored Map","Highlight Path","Keyboard Shortcuts","Minty Spire (QoL Compilation)","Quick Restart","StSLib","everything is the same but u backflip on backflip"],"gold_per_floor":[117,42,42,56,56,83,83,83,83,97,108,123,141,155,155,155,155],"floor_reached":16,"playtime":338,"items_purged":["Strike_B"],"score":135,"play_id":"92acac25-23be-4150-8fdf-e2f5d6d1ac11","local_time":"20201218110945","is_ascension_mode":true,"campfire_choices":[{"data":"Recycle","floor":8,"key":"SMITH"},{"floor":15,"key":"REST"}],"circlet_count":0,"master_deck":["Strike_B","Strike_B","Strike_B","Defend_B","Defend_B","Defend_B","Defend_B","Zap","Dualcast","Darkness","Recycle+1","Barrage","Redo","Redo","Redo","Coolheaded","Fusion"],"relics":["Cracked Core","NeowsBlessing","Vajra","Eternal Feather"],"acts_visited":["Exordium"],"potions_floor_usage":[16],"damage_taken":[{"damage":0.0,"enemies":"Jaw Worm","floor":1.0,"turns":1.0},{"damage":0,"enemies":"2 Louse","floor":4,"turns":1},{"damage":0,"enemies":"3 Sentries","floor":6,"turns":1},{"damage":10,"enemies":"Cultist","floor":10,"turns":4},{"damage":16,"enemies":"Exordium Thugs","floor":11,"turns":3},{"damage":12,"enemies":"Looter","floor":12,"turns":4},{"damage":22,"enemies":"Large Slime","floor":13,"turns":3},{"damage":14,"enemies":"Red Slaver","floor":14,"turns":3},{"damage":25,"enemies":"Slime Boss","floor":16,"turns":5}],"seed_played":"-6095060188306983217","potions_obtained":[{"floor":1.0,"key":"Ancient Potion"},{"floor":4,"key":"PowerPotion"},{"floor":6,"key":"LiquidMemories"}],"is_trial":false,"path_per_floor":["M","$","?","M","$","E","?","R","T","M","M","M","M","M","R","B"],"character_chosen":"DEFECT","items_purchased":[],"campfire_rested":1,"item_purchase_floors":[],"current_hp_per_floor":[75,75,75,75,75,75,75,75,75,65,49,37,15,1,32,7,7],"gold":155,"neow_bonus":"THREE_ENEMY_KILL","is_daily":false,"chose_seed":false,"campfire_upgraded":1,"win_rate":0.0,"timestamp":1608257385,"path_taken":["M","$","?","M","$","E","?","R","T","?","M","M","M","M","R","BOSS"],"items_purchased_type":[],"build_version":"2020-12-13","purchased_purges":1,"victory":false,"max_hp_per_floor":[75,75,75,75,75,75,75,75,75,75,75,75,75,75,75,75,75],"card_choices":[{"not_picked":["Barrage","Turbo"],"picked":"Darkness","floor":1.0},{"not_picked":["Ball Lightning","Streamline"],"picked":"Recycle","floor":4},{"not_picked":["BootSequence","Steam"],"picked":"Barrage","floor":6},{"not_picked":["Leap","Darkness"],"picked":"Redo","floor":10},{"not_picked":["Coolheaded","Turbo"],"picked":"Redo","floor":11},{"not_picked":["Hologram","Steam"],"picked":"Redo","floor":12},{"not_picked":["Force Field","Sweeping Beam"],"picked":"Coolheaded","floor":13},{"not_picked":["Sweeping Beam","Streamline"],"picked":"Fusion","floor":14}],"player_experience":312275,"relics_obtained":[{"floor":6,"key":"Vajra"},{"floor":9,"key":"Eternal Feather"}],"event_choices":[{"damage_healed":0,"gold_gain":0,"player_choice":"Leave","damage_taken":0,"max_hp_gain":0,"max_hp_loss":0,"event_name":"The Cleric","floor":3,"gold_loss":0},{"damage_healed":0,"gold_gain":0,"player_choice":"Bought 0 Potions","damage_taken":0,"max_hp_gain":0,"max_hp_loss":0,"event_name":"The Woman in Blue","floor":7,"gold_loss":0}],"is_beta":false,"boss_relics":[],"items_purged_floors":[2],"is_endless":false,"potions_floor_spawned":[1,4,6,14],"killed_by":"Slime Boss","ascension_level":1}}