{"host":"soyfmymeou4emntr","time":1608254623,"event":{"mods":["BaseMod","Minty Spire (QoL Compilation)","Relic Sorter","Relic Stats","StSLib"],"gold_per_floor":[111,131,24,39,4,4,35,54,129,161,180,195,213,213,213,290,290,210,210,210,121,140,140,140,140],"floor_reached":24,"playtime":3962,"items_purged":[],"score":412,"play_id":"06c97427-49ac-4e5d-87d7-c50c14b20497","local_time":"20201217182343","is_ascension_mode":true,"campfire_choices":[{"data":"Dagger Spray","floor":6.0,"key":"SMITH"},{"floor":15.0,"key":"REST"},{"data":"After Image","floor":23.0,"key":"SMITH"}],"circlet_count":0,"master_deck":["AscendersBane","Strike_G","Strike_G","Strike_G","Defend_G","Defend_G","Defend_G","Defend_G","Defend_G","Survivor","Neutralize","Dagger Spray+1","Deadly Poison","Well Laid Plans","Sucker Punch","Leg Sweep","Dash","Poisoned Stab","Crippling Poison","PiercingWail","PiercingWail","After Image+1","Poisoned Stab","RitualDagger","Noxious Fumes"],"relics":["Ring of the Snake","NeowsBlessing","Shovel","StrikeDummy","MealTicket","Empty Cage"],"acts_visited":["Exordium","TheCity"],"potions_floor_usage":[24],"damage_taken":[{"damage":0.0,"enemies":"Cultist","floor":1.0,"turns":1.0},{"damage":0.0,"enemies":"Jaw Worm","floor":2.0,"turns":1.0},{"damage":0.0,"enemies":"2 Louse","floor":4.0,"turns":1.0},{"damage":24.0,"enemies":"3 Sentries","floor":7.0,"turns":8.0},{"damage":0.0,"enemies":"Large Slime","floor":8.0,"turns":6.0},{"damage":16.0,"enemies":"Gremlin Nob","floor":10.0,"turns":4.0},{"damage":2.0,"enemies":"Looter","floor":11.0,"turns":3.0},{"damage":4.0,"enemies":"Blue Slaver","floor":12.0,"turns":5.0},{"damage":10.0,"enemies":"Exordium Thugs","floor":13.0,"turns":5.0},{"damage":14.0,"enemies":"The Guardian","floor":16.0,"turns":14.0},{"damage":2.0,"enemies":"2 Thieves","floor":18.0,"turns":4.0},{"damage":12.0,"enemies":"Chosen","floor":22.0,"turns":5.0},{"damage":47,"enemies":"Gremlin Leader","floor":24,"turns":6}],"seed_played":"-3454655041948283480","potions_obtained":[{"floor":4.0,"key":"Swift Potion"},{"floor":7.0,"key":"Fire Potion"},{"floor":11.0,"key":"Ancient Potion"},{"floor":12.0,"key":"Strength Potion"},{"floor":13.0,"key":"Dexterity Potion"},{"floor":22.0,"key":"GamblersBrew"}],"is_trial":false,"path_per_floor":["M","M","$","M","?","R","E","M","T","E","M","M","M","?","R","B",null,"M","?","?","$","M","R","E"],"character_chosen":"THE_SILENT","items_purchased":["Well Laid Plans","Sucker Punch","Noxious Fumes"],"campfire_rested":1,"item_purchase_floors":[3,3,21],"current_hp_per_floor":[59,59,59,59,66,66,42,42,42,26,24,20,10,5,24,10,52,50,50,44,59,47,47,0,0],"gold":140,"neow_bonus":"THREE_ENEMY_KILL","is_daily":false,"chose_seed":false,"campfire_upgraded":2,"win_rate":0.0,"timestamp":1608254623,"path_taken":["M","M","$","?","?","R","E","M","T","E","M","M","M","?","R","BOSS","M","?","?","$","M","R","E"],"items_purchased_type":["Card","Card","Card"],"build_version":"2020-12-13","purchased_purges":0,"victory":false,"max_hp_per_floor":[66,66,66,66,66,66,66,66,66,66,66,66,66,66,66,66,66,66,66,66,66,66,66,66,66],"relic_stats":{"Shovel":0,"counters":[13,63],"MealTicket":15,"obtain_stats":[{"Shovel":7,"NeowsBlessing":0,"MealTicket":10,"StrikeDummy":9,"Empty Cage":17,"Ring of the Snake":0},{"Shovel":4,"NeowsBlessing":0,"MealTicket":6,"StrikeDummy":5,"Empty Cage":10,"Ring of the Snake":0},{"Shovel":11,"NeowsBlessing":0,"MealTicket":21,"StrikeDummy":17,"Empty Cage":48,"Ring of the Snake":0}],"Ring of the Snake":[26]},"card_choices":[{"not_picked":["Slice","Flechettes"],"picked":"Dagger Spray","floor":1.0},{"not_picked":["PiercingWail","Reflex"],"picked":"Deadly Poison","floor":2.0},{"not_picked":["Setup","Bullet Time"],"picked":"Leg Sweep","floor":4.0},{"not_picked":["Prepared","Backstab"],"picked":"Dash","floor":7.0},{"not_picked":["Cloak And Dagger","Bane","Dagger Spray"],"picked":"SKIP","floor":8.0},{"not_picked":["Blur","Outmaneuver"],"picked":"Poisoned Stab","floor":10.0},{"not_picked":["Finisher","Deflect"],"picked":"Crippling Poison","floor":11.0},{"not_picked":["Masterful Stab","Blur"],"picked":"PiercingWail","floor":12.0},{"not_picked":["Backflip","Bullet Time"],"picked":"PiercingWail","floor":13.0},{"not_picked":["Unload","Die Die Die"],"picked":"After Image","floor":16.0},{"not_picked":["Acrobatics","Quick Slash"],"picked":"Poisoned Stab","floor":18.0},{"not_picked":["Underhanded Strike","Outmaneuver","Dagger Spray"],"picked":"SKIP","floor":22.0}],"player_experience":2589820,"relics_obtained":[{"floor":7.0,"key":"Shovel"},{"floor":9.0,"key":"StrikeDummy"},{"floor":10.0,"key":"MealTicket"}],"event_choices":[{"damage_healed":16.0,"max_hp_gain":0.0,"max_hp_loss":0.0,"gold_gain":0.0,"event_name":"The Cleric","player_choice":"Healed","floor":5.0,"gold_loss":35.0,"damage_taken":0.0},{"damage_healed":0.0,"max_hp_gain":0.0,"max_hp_loss":0.0,"gold_gain":0.0,"event_name":"Scrap Ooze","player_choice":"Fled","floor":14.0,"gold_loss":0.0,"damage_taken":5.0},{"damage_healed":0.0,"max_hp_gain":0.0,"max_hp_loss":0.0,"gold_gain":0.0,"event_name":"Beggar","player_choice":"Ignored","floor":19.0,"gold_loss":0.0,"damage_taken":0.0},{"damage_healed":0.0,"max_hp_gain":0.0,"max_hp_loss":0.0,"gold_gain":0.0,"event_name":"Nest","player_choice":"Joined the Cult","floor":20.0,"gold_loss":0.0,"damage_taken":6.0,"cards_obtained":["RitualDagger"]}],"is_beta":false,"boss_relics":[{"not_picked":["Philosopher\u0027s Stone","Tiny House"],"picked":"Empty Cage"}],"items_purged_floors":[],"is_endless":false,"potions_floor_spawned":[4,7,11,12,13,22],"killed_by":"Gremlin Leader","ascension_level":20}}