{"host":"q9718omregw4er46","time":1608317358,"event":{"mods":["BaseMod","Bestiary","Colored Powertips","Custom Start","Highlight Path","Minty Spire (QoL Compilation)","Practice Mode","Quick Restart","Relic Stats"],"gold_per_floor":[119,5,5,16,91,91,117,117,117,117,134,165,185,195,195,195,195],"floor_reached":16,"playtime":273,"items_purged":[],"score":263,"play_id":"35aa1dd5-2cf7-47e5-9bf9-0b2c2f4d84c2","local_time":"20201218234918","is_ascension_mode":true,"campfire_choices":[{"floor":6.0,"key":"REST"},{"data":"Hyperbeam","floor":8.0,"key":"SMITH"},{"data":"Go for the Eyes","floor":10.0,"key":"SMITH"},{"data":"Hologram","floor":15,"key":"SMITH"}],"circlet_count":0,"master_deck":["AscendersBane","Strike_B","Strike_B","Strike_B","Strike_B","Defend_B","Defend_B","Defend_B","Defend_B","Zap","Dualcast","Compile Driver","Cold Snap","Go for the Eyes+1","Hyperbeam+1","Hologram+1","Capacitor+1"],"relics":["Cracked Core","NeowsBlessing","Frozen Egg 2","Anchor","MealTicket","Gremlin Horn"],"acts_visited":["Exordium"],"potions_floor_usage":[12,16,16],"damage_taken":[{"damage":0.0,"enemies":"Small Slimes","floor":1.0,"turns":1.0},{"damage":0.0,"enemies":"2 Louse","floor":4.0,"turns":1.0},{"damage":0.0,"enemies":"Lagavulin","floor":7.0,"turns":1.0},{"damage":0.0,"enemies":"Jaw Worm","floor":11.0,"turns":1.0},{"damage":6,"enemies":"Gremlin Nob","floor":12,"turns":3},{"damage":0,"enemies":"Red Slaver","floor":13,"turns":2},{"damage":0,"enemies":"3 Louse","floor":14,"turns":2},{"damage":35,"enemies":"Slime Boss","floor":16,"turns":7}],"seed_played":"-5730169346290775756","potions_obtained":[{"floor":7.0,"key":"FearPotion"},{"floor":11.0,"key":"ColorlessPotion"},{"floor":13,"key":"CultistPotion"}],"is_trial":false,"path_per_floor":["M","$","?","M","?","R","E","R","T","R","M","E","M","M","R","B"],"character_chosen":"DEFECT","items_purchased":["Cold Snap","Go for the Eyes"],"campfire_rested":1,"item_purchase_floors":[2,2],"current_hp_per_floor":[64,64,19,19,8,29,29,29,29,29,29,23,23,23,23,0,0],"gold":195,"neow_bonus":"THREE_ENEMY_KILL","is_daily":false,"chose_seed":false,"campfire_upgraded":3,"win_rate":0.0,"timestamp":1608317358,"path_taken":["M","$","?","M","?","R","E","R","T","R","?","E","M","M","R","BOSS"],"items_purchased_type":["Card","Card"],"build_version":"2020-12-13","purchased_purges":0,"victory":false,"max_hp_per_floor":[71,71,71,71,71,71,71,71,71,71,71,71,71,71,71,71,71],"relic_stats":{"Gremlin Horn":[1,1],"counters":[8,18],"MealTicket":0,"obtain_stats":[{"Anchor":7,"NeowsBlessing":0,"Gremlin Horn":12,"MealTicket":9,"Frozen Egg 2":3,"Cracked Core":0},{"Anchor":3,"NeowsBlessing":0,"Gremlin Horn":5,"MealTicket":3,"Frozen Egg 2":1,"Cracked Core":0},{"Anchor":3,"NeowsBlessing":0,"Gremlin Horn":7,"MealTicket":3,"Frozen Egg 2":1,"Cracked Core":0}]},"card_choices":[{"not_picked":["Streamline","Steam"],"picked":"Compile Driver","floor":1.0},{"not_picked":["Go for the Eyes","Barrage","Redo"],"picked":"SKIP","floor":4.0},{"not_picked":["Redo","Stack"],"picked":"Hyperbeam","floor":7.0},{"not_picked":["Cold Snap","Barrage","Compile Driver"],"picked":"SKIP","floor":11.0},{"not_picked":["Steam Power","Storm+1"],"picked":"Hologram","floor":12},{"not_picked":["Fusion","Steam"],"picked":"Capacitor+1","floor":13},{"not_picked":["Cold Snap","Recycle","Rebound"],"picked":"SKIP","floor":14}],"player_experience":1045469,"relics_obtained":[{"floor":7.0,"key":"Anchor"},{"floor":9.0,"key":"MealTicket"},{"floor":12,"key":"Gremlin Horn"}],"event_choices":[{"damage_healed":0.0,"max_hp_gain":0.0,"max_hp_loss":0.0,"gold_gain":0.0,"event_name":"Scrap Ooze","player_choice":"Success","floor":3.0,"gold_loss":0.0,"damage_taken":45.0,"relics_obtained":["Frozen Egg 2"]},{"damage_healed":0.0,"max_hp_gain":0.0,"max_hp_loss":0.0,"gold_gain":75.0,"event_name":"World of Goop","player_choice":"Gather Gold","floor":5.0,"gold_loss":0.0,"damage_taken":11.0}],"is_beta":false,"boss_relics":[],"items_purged_floors":[],"is_endless":false,"potions_floor_spawned":[7,11,13,14],"killed_by":"Slime Boss","ascension_level":19}}