{"host":"8dhn6p16jorj0i1s","time":1608329437,"event":{"mods":["BaseMod","Colored Map","DeckTracker","Minty Spire (QoL Compilation)","Permanent Neow","Quick Restart"],"gold_per_floor":[116,116,41,41,116,116,147,147,147,182,197,197,222,234,234,335,335,347,347,262,22,37,37,66,66,134,144,164,195,210,243,243,348,348,360,373,373,386,396,427,427,437,437,347,358,358,389,57,57,57,57,57,19,49,49,49],"floor_reached":55,"playtime":3635,"items_purged":["Defend_G","Strike_G"],"score":977,"play_id":"9736cee0-6f3d-4c83-be4a-fca7897f6503","local_time":"20201218231037","is_ascension_mode":true,"campfire_choices":[{"data":"Neutralize","floor":6.0,"key":"SMITH"},{"data":"Skewer","floor":8.0,"key":"SMITH"},{"data":"Infinite Blades","floor":12.0,"key":"SMITH"},{"data":"Survivor","floor":15.0,"key":"SMITH"},{"floor":23.0,"key":"RECALL"},{"data":"Phantasmal Killer","floor":32.0,"key":"SMITH"},{"data":"Envenom","floor":41.0,"key":"SMITH"},{"data":"Finisher","floor":46.0,"key":"SMITH"},{"data":"Catalyst","floor":49.0,"key":"SMITH"},{"data":"Terror","floor":52.0,"key":"SMITH"}],"circlet_count":0,"master_deck":["Strike_G+1","Strike_G","Strike_G","Defend_G","Defend_G","Defend_G","Defend_G","Survivor+1","Neutralize+1","Terror+1","Skewer+1","Infinite Blades+1","Phantasmal Killer+1","Blade Dance+1","Riddle With Holes+1","Endless Agony","Finisher+1","Blade Dance+1","Well Laid Plans+1","Envenom+1","Blade Dance+1","Terror+1","Catalyst+1","Accuracy","Setup+1"],"relics":["Ring of the Snake","NeowsBlessing","Singing Bowl","Meat on the Bone","Dream Catcher","Boot","Coffee Dripper","MutagenicStrength","Toy Ornithopter","Shuriken","Anchor","Bottled Tornado","Calipers","Nunchaku","WristBlade","Torii","Blood Vial","Paper Crane","Snake Skull","Mummified Hand"],"acts_visited":["Exordium","TheCity","TheBeyond","TheEnding"],"potions_floor_usage":[],"damage_taken":[{"damage":0.0,"enemies":"2 Louse","floor":1.0,"turns":1.0},{"damage":0.0,"enemies":"Gremlin Nob","floor":7.0,"turns":1.0},{"damage":0.0,"enemies":"3 Sentries","floor":10.0,"turns":1.0},{"damage":4.0,"enemies":"Small Slimes","floor":11.0,"turns":2.0},{"damage":3.0,"enemies":"Gremlin Nob","floor":13.0,"turns":4.0},{"damage":2.0,"enemies":"Jaw Worm","floor":14.0,"turns":3.0},{"damage":20.0,"enemies":"Hexaghost","floor":16.0,"turns":9.0},{"damage":0.0,"enemies":"Shell Parasite","floor":18.0,"turns":4.0},{"damage":0.0,"enemies":"Spheric Guardian","floor":22.0,"turns":1.0},{"damage":21.0,"enemies":"Slavers","floor":24.0,"turns":5.0},{"damage":8.0,"enemies":"3 Cultists","floor":27.0,"turns":4.0},{"damage":0.0,"enemies":"Sentry and Sphere","floor":28.0,"turns":2.0},{"damage":0.0,"enemies":"Book of Stabbing","floor":29.0,"turns":2.0},{"damage":7.0,"enemies":"Centurion and Healer","floor":30.0,"turns":3.0},{"damage":14.0,"enemies":"Slavers","floor":31.0,"turns":5.0},{"damage":44.0,"enemies":"Champ","floor":33.0,"turns":6.0},{"damage":8.0,"enemies":"3 Darklings","floor":35.0,"turns":2.0},{"damage":0.0,"enemies":"3 Shapes","floor":36.0,"turns":2.0},{"damage":6.0,"enemies":"Transient","floor":38.0,"turns":5.0},{"damage":2.0,"enemies":"Jaw Worm Horde","floor":39.0,"turns":2.0},{"damage":33.0,"enemies":"Reptomancer","floor":40.0,"turns":3.0},{"damage":1.0,"enemies":"Writhing Mass","floor":42.0,"turns":3.0},{"damage":1.0,"enemies":"3 Darklings","floor":45.0,"turns":2.0},{"damage":11.0,"enemies":"Nemesis","floor":47.0,"turns":4.0},{"damage":18.0,"enemies":"Donu and Deca","floor":50.0,"turns":5.0},{"damage":31,"enemies":"Shield and Spear","floor":54,"turns":3},{"damage":65,"enemies":"The Heart","floor":55,"turns":3}],"seed_played":"-4023355873702036239","potions_obtained":[{"floor":1.0,"key":"Swift Potion"},{"floor":11.0,"key":"SpeedPotion"},{"floor":14.0,"key":"SteroidPotion"},{"floor":16.0,"key":"Regen Potion"},{"floor":22.0,"key":"Poison Potion"},{"floor":24.0,"key":"DuplicationPotion"},{"floor":27.0,"key":"AttackPotion"},{"floor":28.0,"key":"SneckoOil"},{"floor":33.0,"key":"EssenceOfSteel"},{"floor":38.0,"key":"FearPotion"},{"floor":40.0,"key":"SpeedPotion"},{"floor":47.0,"key":"ColorlessPotion"}],"is_trial":false,"path_per_floor":["M","?","$","?","?","R","E","R","T","E","M","R","E","M","R","B",null,"M","?","?","$","M","R","E","$","T","M","M","E","M","E","R","B",null,"M","M","?","M","M","E","R","M","T","?","M","R","E","$","R","B",null,"R","$","E","B"],"character_chosen":"THE_SILENT","items_purchased":["Shuriken","Snake Skull","Catalyst","Accuracy"],"campfire_rested":0,"item_purchase_floors":[21,48,48,53],"current_hp_per_floor":[70,63,63,60,49,49,49,49,49,49,47,47,46,46,46,38,76,76,76,76,76,78,78,59,59,59,51,56,61,56,49,49,19,86,78,78,78,74,79,46,46,50,50,50,53,53,56,56,56,50,89,89,89,58,0,0],"gold":49,"neow_bonus":"THREE_ENEMY_KILL","is_daily":false,"chose_seed":false,"campfire_upgraded":9,"win_rate":0.0,"timestamp":1608329437,"path_taken":["M","?","$","?","?","R","E","R","T","E","M","R","E","M","R","BOSS","M","?","?","$","M","R","E","?","T","M","M","E","M","E","R","BOSS","M","M","?","M","M","E","R","?","T","?","?","R","E","$","R","BOSS","R","$","E","BOSS"],"items_purchased_type":["Relic","Relic","Card","Card"],"build_version":"2020-12-13","purchased_purges":2,"victory":false,"max_hp_per_floor":[70,70,70,70,70,70,70,70,70,70,72,72,74,76,76,76,76,76,76,76,76,78,78,80,80,80,80,80,80,82,84,84,86,86,86,86,86,88,90,90,90,90,90,87,89,89,89,89,89,89,89,89,89,89,89,89],"card_choices":[{"not_picked":["Heel Hook","Dodge and Roll"],"picked":"Terror","floor":1.0},{"not_picked":["Backstab","Deflect"],"picked":"Skewer","floor":7.0},{"not_picked":["Prepared","Dodge and Roll"],"picked":"Infinite Blades","floor":10.0},{"not_picked":["Dodge and Roll","Tactician","Outmaneuver"],"picked":"Singing Bowl","floor":11.0},{"not_picked":["Poisoned Stab","Sucker Punch","Outmaneuver"],"picked":"Singing Bowl","floor":13.0},{"not_picked":["Catalyst","Masterful Stab","Underhanded Strike"],"picked":"Singing Bowl","floor":14.0},{"not_picked":["Burst","Night Terror"],"picked":"Phantasmal Killer","floor":16.0},{"not_picked":["Sucker Punch","Prepared"],"picked":"Blade Dance+1","floor":18.0},{"not_picked":["Sucker Punch","Backflip","Terror"],"picked":"Singing Bowl","floor":22.0},{"not_picked":["Slice","Tools of the Trade","Choke"],"picked":"Singing Bowl","floor":24.0},{"not_picked":["PiercingWail+1","Quick Slash"],"picked":"Riddle With Holes+1","floor":27.0},{"not_picked":["Bane+1","Backflip"],"picked":"Endless Agony","floor":28.0},{"not_picked":["Footwork+1","Adrenaline"],"picked":"Finisher","floor":29.0},{"not_picked":["Dodge and Roll","Backflip","Deadly Poison"],"picked":"Singing Bowl","floor":30.0},{"not_picked":["Deflect","Doppelganger","Glass Knife"],"picked":"Singing Bowl","floor":31.0},{"not_picked":["Die Die Die","Tools of the Trade","Glass Knife"],"picked":"Singing Bowl","floor":33.0},{"not_picked":["Sucker Punch+1","Heel Hook+1"],"picked":"Blade Dance","floor":35.0},{"not_picked":["Dodge and Roll","Deadly Poison"],"picked":"Well Laid Plans+1","floor":36.0},{"not_picked":["Flechettes","Masterful Stab+1","Dodge and Roll+1"],"picked":"Singing Bowl","floor":38.0},{"not_picked":["All Out Attack+1","Eviscerate+1","Choke+1"],"picked":"Singing Bowl","floor":39.0},{"not_picked":["Setup","Predator+1"],"picked":"Envenom","floor":40.0},{"not_picked":["Flechettes+1","Flying Knee"],"picked":"Blade Dance+1","floor":42.0},{"not_picked":["Dagger Spray","Cloak And Dagger","Deadly Poison+1"],"picked":"Singing Bowl","floor":45.0},{"not_picked":["Riddle With Holes+1","Deadly Poison+1"],"picked":"Terror+1","floor":47.0},{"not_picked":["Skewer+1","Dagger Throw+1"],"picked":"Setup+1","floor":54}],"player_experience":301925,"relics_obtained":[{"floor":7.0,"key":"Meat on the Bone"},{"floor":10.0,"key":"Dream Catcher"},{"floor":13.0,"key":"Boot"},{"floor":24.0,"key":"Anchor"},{"floor":26.0,"key":"Bottled Tornado"},{"floor":29.0,"key":"Calipers"},{"floor":31.0,"key":"Nunchaku"},{"floor":40.0,"key":"Torii"},{"floor":43.0,"key":"Blood Vial"},{"floor":47.0,"key":"Paper Crane"},{"floor":54,"key":"Mummified Hand"}],"event_choices":[{"cards_removed":["Strike_G"],"damage_healed":0.0,"max_hp_gain":0.0,"max_hp_loss":0.0,"gold_gain":0.0,"event_name":"Golden Wing","player_choice":"Card Removal","floor":2.0,"gold_loss":0.0,"damage_taken":7.0},{"damage_healed":0.0,"max_hp_gain":0.0,"max_hp_loss":0.0,"gold_gain":0.0,"event_name":"Scrap Ooze","player_choice":"Success","floor":4.0,"gold_loss":0.0,"damage_taken":3.0,"relics_obtained":["Singing Bowl"]},{"damage_healed":0.0,"max_hp_gain":0.0,"max_hp_loss":0.0,"gold_gain":75.0,"event_name":"World of Goop","player_choice":"Gather Gold","floor":5.0,"gold_loss":0.0,"damage_taken":11.0},{"damage_healed":0.0,"max_hp_gain":0.0,"max_hp_loss":0.0,"gold_gain":0.0,"event_name":"Drug Dealer","player_choice":"Inject Mutagens","floor":19.0,"gold_loss":0.0,"damage_taken":0.0,"relics_obtained":["MutagenicStrength"]},{"damage_healed":0.0,"max_hp_gain":0.0,"max_hp_loss":0.0,"gold_gain":0.0,"event_name":"Addict","player_choice":"Obtained Relic","floor":20.0,"gold_loss":85.0,"damage_taken":0.0,"relics_obtained":["Toy Ornithopter"]},{"damage_healed":0.0,"max_hp_gain":0.0,"max_hp_loss":0.0,"gold_gain":0.0,"event_name":"Upgrade Shrine","player_choice":"Upgraded","floor":37.0,"gold_loss":0.0,"damage_taken":0.0,"cards_upgraded":["Blade Dance"]},{"cards_removed":["Parasite"],"damage_healed":0.0,"max_hp_gain":0.0,"max_hp_loss":0.0,"gold_gain":0.0,"event_name":"Designer","player_choice":"Upgrade and Remove","floor":44.0,"gold_loss":90.0,"damage_taken":0.0,"cards_upgraded":["Strike_G"]}],"is_beta":false,"boss_relics":[{"not_picked":["Velvet Choker","SlaversCollar"],"picked":"Coffee Dripper"},{"not_picked":["Astrolabe","Runic Pyramid"],"picked":"WristBlade"}],"items_purged_floors":[3,48],"is_endless":false,"potions_floor_spawned":[1,11,14,16,22,24,27,28,33,38,40,47],"killed_by":"The Heart","ascension_level":3}}