{"host":"fdq5pmhluajjrf8d","time":1608258257,"event":{"mods":["BaseMod","Minty Spire (QoL Compilation)"],"gold_per_floor":[116,132,144,160,179,179,211,211,211,226,226,226,46,61,61,138,138,149,149,0,0,0],"floor_reached":21,"playtime":615,"items_purged":[],"score":378,"play_id":"133e5504-d1e0-4560-bb43-c6616696675e","local_time":"20201217212417","is_ascension_mode":true,"campfire_choices":[{"data":"Darkness","floor":6.0,"key":"SMITH"},{"data":"Redo","floor":8.0,"key":"SMITH"},{"floor":12.0,"key":"REST"},{"floor":15,"key":"REST"}],"circlet_count":0,"master_deck":["AscendersBane","Defend_B","Defend_B","Defend_B","Defend_B","Zap","Dualcast","Melter","Darkness+1","Steam","Darkness","Defragment","Redo+1","Pain","Multi-Cast","Leap","Echo Form","Bite","Bite","Bite","Bite","Bite"],"relics":["Cracked Core","Turnip","StrikeDummy","WarpedTongs","Fusion Hammer"],"acts_visited":["Exordium","TheCity"],"potions_floor_usage":[],"damage_taken":[{"damage":2.0,"enemies":"Jaw Worm","floor":1.0,"turns":3.0},{"damage":1.0,"enemies":"Cultist","floor":2.0,"turns":3.0},{"damage":4.0,"enemies":"Small Slimes","floor":3.0,"turns":3.0},{"damage":12.0,"enemies":"Exordium Wildlife","floor":4.0,"turns":4.0},{"damage":17.0,"enemies":"Large Slime","floor":5.0,"turns":5.0},{"damage":9.0,"enemies":"Gremlin Nob","floor":7.0,"turns":3.0},{"damage":16.0,"enemies":"3 Louse","floor":10.0,"turns":3.0},{"damage":13,"enemies":"2 Fungi Beasts","floor":14,"turns":3},{"damage":42,"enemies":"Hexaghost","floor":16,"turns":9},{"damage":49,"enemies":"3 Byrds","floor":18,"turns":4},{"damage":19,"enemies":"2 Thieves","floor":21,"turns":2}],"seed_played":"-6554549482301070210","potions_obtained":[{"floor":3.0,"key":"BlessingOfTheForge"},{"floor":4.0,"key":"PotionOfCapacity"},{"floor":5.0,"key":"EssenceOfDarkness"},{"floor":7.0,"key":"Swift Potion"},{"floor":16,"key":"EssenceOfSteel"}],"is_trial":false,"path_per_floor":["M","M","M","M","M","R","E","R","T","M","?","R","$","M","R","B",null,"M","?","?","M"],"character_chosen":"DEFECT","items_purchased":["Multi-Cast"],"campfire_rested":2,"item_purchase_floors":[13],"current_hp_per_floor":[69,68,64,52,35,35,26,26,26,10,10,33,33,20,43,1,59,10,10,10,0,0],"gold":0,"neow_bonus":"TEN_PERCENT_HP_BONUS","is_daily":false,"chose_seed":false,"campfire_upgraded":2,"win_rate":0.0,"timestamp":1608258257,"path_taken":["M","M","M","M","M","R","E","R","T","M","?","R","$","?","R","BOSS","M","?","?","M"],"items_purchased_type":["Card"],"build_version":"2020-12-13","purchased_purges":0,"victory":false,"max_hp_per_floor":[78,78,78,78,78,78,78,78,78,78,78,78,78,78,78,78,78,78,54,54,54,54],"card_choices":[{"not_picked":["Stack","Leap"],"picked":"Melter","floor":1.0},{"not_picked":["Rebound","Recycle"],"picked":"Darkness","floor":2.0},{"not_picked":["Ball Lightning","Fusion"],"picked":"Steam","floor":3.0},{"not_picked":["Go for the Eyes","Streamline"],"picked":"Darkness","floor":4.0},{"not_picked":["Ball Lightning","Gash"],"picked":"Defragment","floor":5.0},{"not_picked":["Aggregate","Auto Shields"],"picked":"Redo","floor":7.0},{"not_picked":["Beam Cell","Scrape","Go for the Eyes"],"picked":"SKIP","floor":10.0},{"not_picked":["Ball Lightning","Hologram"],"picked":"Leap","floor":14},{"not_picked":["Thunder Strike","Machine Learning"],"picked":"Echo Form","floor":16},{"not_picked":["Sweeping Beam","Compile Driver","Beam Cell"],"picked":"SKIP","floor":18}],"player_experience":1880769,"relics_obtained":[{"floor":7.0,"key":"Turnip"},{"floor":9.0,"key":"StrikeDummy"}],"event_choices":[{"damage_healed":0.0,"max_hp_gain":0.0,"max_hp_loss":0.0,"gold_gain":0.0,"event_name":"Accursed Blacksmith","player_choice":"Rummage","floor":11.0,"gold_loss":0.0,"damage_taken":0.0,"relics_obtained":["WarpedTongs"],"cards_obtained":["Pain"]},{"damage_healed":0,"gold_gain":0,"player_choice":"Became a vampire","damage_taken":0,"max_hp_gain":0,"max_hp_loss":24,"event_name":"Vampires","floor":19,"gold_loss":0,"cards_obtained":["Bite","Bite","Bite","Bite","Bite"]},{"damage_healed":0,"gold_gain":0,"player_choice":"Paid Fearfully","damage_taken":0,"max_hp_gain":0,"max_hp_loss":0,"event_name":"Masked Bandits","floor":20,"gold_loss":149}],"is_beta":false,"boss_relics":[{"not_picked":["Nuclear Battery","Philosopher\u0027s Stone"],"picked":"Fusion Hammer"}],"items_purged_floors":[],"is_endless":false,"potions_floor_spawned":[3,4,5,7,16],"killed_by":"2 Thieves","ascension_level":19}}