{"host":"wonp23fsqqcu31ie","time":1608282455,"event":{"mods":["2.2 Compatiblity","AchievementEnabler","Aspiration","BaseMod","Bestiary","Better Altar","Better Match","Better Sensory Stone","Better Skull","Better Third Choice","BetterRewards","Block Reminder","Colored Map","Colored Powertips","Conspire","DeckTracker","Displayed Cursed Tome","Downfall","Hermit","Highlight Path","Hubris","Minty Spire (QoL Compilation)","Permanent Neow","Quick Restart","Rare Cards Sparkle","Relic Stats","Replay The Spire","Shade Mod","Shop Mod","StSLib","SuperFastMode","The Animator","The Cursed","The Gatherer","The Necromancer","The Runesmith","The Servant 0.9.4"],"gold_per_floor":[125,125,142,162,175,213,213,245,245,261,292,292,327,327,327,432,432,449,462,35,35,54,54,82,82,105,105,158,158,174,174,174],"floor_reached":31,"playtime":839,"items_purged":[],"score":325,"play_id":"6e8bb5a6-f8ac-4f7e-a7b4-c2ac5871a01e","local_time":"20201218200735","is_ascension_mode":true,"campfire_choices":[{"floor":7,"key":"RECALL"},{"floor":12,"key":"REST"},{"floor":15,"key":"REST"},{"floor":23,"key":"REST"},{"floor":25,"key":"REST"},{"floor":27,"key":"REST"}],"circlet_count":0,"master_deck":["animator:Strike_OnePunchMan","animator:Defend_OnePunchMan","animator:Strike","animator:Strike","animator:Defend","animator:Defend","animator:Defend","animator:Genos","animator:MumenRider","animator:Lu+1","animator:Chung","animator:UneriGinkaku","animator:Sonic","Envenom","animator:EmiyaShirou","animator:Shichika","animator:Ciel","animator:Melzalgald","animator:Shion","animator:Shizu","animator:YunYun","animator:Ara","animator:Laby","animator:Archer"],"relics":["animator:LivingPicture","animator:TheMissingPiece","m_SlimeRing","animator:WizardHat","Replay:PocketPolymizer","aspiration:ChemicalBlood","Blood Vial","Busted Crown","MerchantsRug","animator:SoulGem","Snack Pack","aspiration:Lifesprig","Tiny Chest","Nloth\u0027s Gift"],"acts_visited":["Exordium","TheCity"],"potions_floor_usage":[5,16,16,18,22,22,24,28,28,30,31,31],"damage_taken":[{"damage":6,"enemies":"Jaw Worm","floor":1,"turns":3},{"damage":2,"enemies":"Cultist","floor":3,"turns":2},{"damage":2,"enemies":"Small Slimes","floor":4,"turns":4},{"damage":8,"enemies":"Red Slaver","floor":5,"turns":3},{"damage":18,"enemies":"3 Sentries","floor":6,"turns":6},{"damage":15,"enemies":"Gremlin Nob","floor":8,"turns":4},{"damage":2,"enemies":"Lots of Slimes","floor":10,"turns":3},{"damage":0,"enemies":"Large Slime","floor":11,"turns":4},{"damage":27,"enemies":"Lagavulin","floor":13,"turns":6},{"damage":15,"enemies":"Hexaghost","floor":16,"turns":7},{"damage":31,"enemies":"3 Byrds","floor":18,"turns":5},{"damage":16,"enemies":"Shell Parasite","floor":19,"turns":3},{"damage":16,"enemies":"Snake Plant","floor":22,"turns":3},{"damage":38,"enemies":"Replay:Snechameleon","floor":24,"turns":7},{"damage":26,"enemies":"Slavers","floor":28,"turns":4},{"damage":4,"enemies":"Snecko","floor":30,"turns":4},{"damage":32,"enemies":"Shelled Parasite and Fungi","floor":31,"turns":3}],"seed_played":"-5661475943609931441","potions_obtained":[{"floor":1,"key":"SkillPotion"},{"floor":4,"key":"PowerPotion"},{"floor":10,"key":"PowerPotion"},{"floor":13,"key":"SmokeBomb"},{"floor":18,"key":"Dexterity Potion"},{"floor":28,"key":"Block Potion"},{"floor":28,"key":"DuplicationPotion"}],"is_trial":false,"path_per_floor":["M","?","M","M","M","E","R","E","T","M","M","R","E","?","R","B",null,"M","M","$","?","M","R","E","R","T","R","E","?","M","M"],"character_chosen":"THE_ANIMATOR","items_purchased":["MerchantsRug","animator:SoulGem"],"campfire_rested":5,"item_purchase_floors":[20,20],"current_hp_per_floor":[60,60,59,57,49,31,31,16,16,14,14,34,8,8,28,15,68,37,23,23,23,9,29,8,28,28,48,28,28,26,0,0],"gold":174,"neow_bonus":"NOSTALGIA","is_daily":false,"chose_seed":false,"campfire_upgraded":0,"win_rate":0.0,"timestamp":1608282455,"path_taken":["M","?","M","M","M","E","R","E","T","M","?","R","E","?","R","BOSS","M","M","?","?","?","R","E","R","T","R","E","?","?","M"],"items_purchased_type":["Relic","Relic"],"build_version":"2020-12-13","purchased_purges":0,"victory":false,"max_hp_per_floor":[66,66,67,67,67,67,67,67,67,67,67,67,68,68,68,68,68,68,68,68,68,68,68,69,69,69,69,69,69,69,69,69],"relic_stats":{"Blood Vial":14,"Busted Crown":28,"counters":[17,71],"Tiny Chest":0,"Nloth\u0027s Gift":0,"obtain_stats":[{"MerchantsRug":20,"animator:WizardHat":2,"aspiration:Lifesprig":26,"Replay:PocketPolymizer":6,"aspiration:SneckoTail":9,"aspiration:Nostalgia":0,"animator:TheMissingPiece":0,"animator:SoulGem":20,"Blood Vial":13,"m_SlimeRing":0,"Busted Crown":17,"Tiny Chest":28,"animator:LivingPicture":0,"Snack Pack":24,"Nloth\u0027s Gift":29,"aspiration:ChemicalBlood":8},{"MerchantsRug":12,"animator:WizardHat":1,"aspiration:Lifesprig":14,"Replay:PocketPolymizer":5,"aspiration:SneckoTail":6,"aspiration:Nostalgia":0,"animator:TheMissingPiece":0,"animator:SoulGem":12,"Blood Vial":9,"m_SlimeRing":0,"Busted Crown":10,"Tiny Chest":15,"animator:LivingPicture":0,"Snack Pack":14,"Nloth\u0027s Gift":15,"aspiration:ChemicalBlood":6},{"MerchantsRug":50,"animator:WizardHat":3,"aspiration:Lifesprig":60,"Replay:PocketPolymizer":18,"aspiration:SneckoTail":22,"aspiration:Nostalgia":0,"animator:TheMissingPiece":0,"animator:SoulGem":50,"Blood Vial":35,"m_SlimeRing":0,"Busted Crown":42,"Tiny Chest":64,"animator:LivingPicture":0,"Snack Pack":60,"Nloth\u0027s Gift":64,"aspiration:ChemicalBlood":22}]},"card_choices":[{"not_picked":["Replay:Poison Smokescreen","animator:Souei"],"picked":"animator:Lu","floor":1},{"not_picked":["animator:Tatsumaki","Bane"],"picked":"animator:Chung","floor":3},{"not_picked":["animator:Shion","animator:ZankiKiguchi"],"picked":"animator:Assassin","floor":4},{"not_picked":["animator:Nanami","animator:Azekura"],"picked":"animator:UneriGinkaku","floor":5},{"not_picked":["animator:Mitsurugi","Backstab"],"picked":"animator:Sonic","floor":6},{"not_picked":["animator:Emonzaemon","animator:Konayuki"],"picked":"animator:EmiyaShirou","floor":8},{"not_picked":["animator:Genos","animator:Shion"],"picked":"animator:Shichika","floor":10},{"not_picked":["animator:Ara","animator:Rena"],"picked":"animator:Ciel","floor":11},{"not_picked":["animator:ElricAlphonse","animator:MumenRider"],"picked":"animator:Melzalgald","floor":13},{"not_picked":["animator:Rimuru","animator:Wiz"],"picked":"animator:Shizu","floor":16},{"not_picked":["animator:Verdia"],"picked":"SKIP","floor":18},{"not_picked":["animator:Shion+1"],"picked":"SKIP","floor":19},{"not_picked":[],"picked":"animator:YunYun","floor":22},{"not_picked":[],"picked":"animator:Laby+1","floor":24},{"not_picked":[],"picked":"animator:Laby","floor":28},{"not_picked":[],"picked":"animator:Archer","floor":30}],"player_experience":646918,"relics_obtained":[{"floor":6,"key":"Replay:PocketPolymizer"},{"floor":8,"key":"aspiration:ChemicalBlood"},{"floor":9,"key":"aspiration:SneckoTail"},{"floor":13,"key":"Blood Vial"},{"floor":24,"key":"Snack Pack"},{"floor":26,"key":"aspiration:Lifesprig"},{"floor":28,"key":"Tiny Chest"}],"event_choices":[{"damage_healed":0,"gold_gain":0,"player_choice":"Gave Potion","damage_taken":0,"relics_obtained":["animator:WizardHat"],"max_hp_gain":0,"max_hp_loss":0,"event_name":"WeMeetAgain","floor":2,"gold_loss":0},{"damage_healed":0,"gold_gain":0,"player_choice":"Upgraded","damage_taken":0,"max_hp_gain":0,"max_hp_loss":0,"event_name":"Upgrade Shrine","floor":14,"gold_loss":0,"cards_upgraded":["animator:Lu"]},{"damage_healed":0,"gold_gain":0,"player_choice":"Ignored","damage_taken":0,"max_hp_gain":0,"max_hp_loss":0,"event_name":"NoteForYourself","floor":21,"gold_loss":0},{"damage_healed":0,"gold_gain":0,"player_choice":"Traded Relic","damage_taken":0,"relics_obtained":["Nloth\u0027s Gift"],"max_hp_gain":0,"max_hp_loss":0,"event_name":"N\u0027loth","floor":29,"relics_lost":["aspiration:SneckoTail"],"gold_loss":0}],"is_beta":false,"boss_relics":[{"not_picked":["conspire:SeveredTorchhead","Runic Dome"],"picked":"Busted Crown"}],"items_purged_floors":[],"is_endless":false,"potions_floor_spawned":[1,4,10,13,18,22,28],"killed_by":"Shelled Parasite and Fungi","ascension_level":2}}