{"host":"f5gffvlv6a66yqkd","time":1608289968,"event":{"mods":["2.2 Compatiblity","BaseMod","Colored Map","DeckTracker","Keyboard Shortcuts","Minty Spire (QoL Compilation)","Permanent Neow","Quick Restart","Relic Stats","StSLib","SuperFastMode"],"gold_per_floor":[110,123,133,143,56,56,84,84,84,84,101,101,140,165,165,245,245,264,314,323,323,303,303,332,332,332,341,341,92,120,136,136,213,240,262,289,189,204,204,204,31,58,58,90,90,90,109,134,134,134,134,134],"floor_reached":51,"playtime":1482,"items_purged":["Writhe","Strike_B"],"score":1413,"play_id":"f72cd205-5281-47a9-b35f-bc3d95f6a247","local_time":"20201218201248","is_ascension_mode":true,"campfire_choices":[{"data":"Defragment","floor":6.0,"key":"SMITH"},{"data":"Zap","floor":8.0,"key":"SMITH"},{"floor":10.0,"key":"DIG"},{"floor":12.0,"key":"DIG"},{"floor":15.0,"key":"DIG"},{"floor":23.0,"key":"DIG"},{"floor":25.0,"key":"DIG"},{"data":"Skim","floor":28.0,"key":"SMITH"},{"floor":32.0,"key":"DIG"},{"floor":40.0,"key":"DIG"},{"floor":46,"key":"DIG"},{"floor":49,"key":"RECALL"}],"circlet_count":0,"master_deck":["AscendersBane","Defend_B","Defend_B","Defend_B","Defend_B","Zap+1","Dualcast","Gash","Coolheaded","Ball Lightning","Reboot","Defragment+1","Melter","Skim+1","Glacier","Electrodynamics","Capacitor","Defragment","Buffer+1","Rebound+1","Melter+1","Chill","Panacea","Dark Shackles","Secret Technique","Cold Snap+1"],"relics":["Cracked Core","Strawberry","Girya","Shovel","Lizard Tail","Toy Ornithopter","CeramicFish","Juzu Bracelet","Busted Crown","Happy Flower","Ornamental Fan","PreservedInsect","Bottled Lightning","Ice Cream","Art of War","Pantograph","Astrolabe","Nunchaku","Lee\u0027s Waffle","Smiling Mask","Letter Opener","Lantern","Bottled Tornado"],"acts_visited":["Exordium","TheCity","TheBeyond"],"potions_floor_usage":[44,47,51],"damage_taken":[{"damage":1.0,"enemies":"Cultist","floor":1.0,"turns":3.0},{"damage":0.0,"enemies":"2 Louse","floor":2.0,"turns":2.0},{"damage":7.0,"enemies":"Small Slimes","floor":3.0,"turns":4.0},{"damage":15.0,"enemies":"3 Louse","floor":4.0,"turns":3.0},{"damage":21.0,"enemies":"3 Sentries","floor":7.0,"turns":8.0},{"damage":7.0,"enemies":"Red Slaver","floor":11.0,"turns":3.0},{"damage":25.0,"enemies":"Gremlin Nob","floor":13.0,"turns":4.0},{"damage":13.0,"enemies":"Exordium Thugs","floor":14.0,"turns":4.0},{"damage":2.0,"enemies":"The Guardian","floor":16.0,"turns":12.0},{"damage":17.0,"enemies":"2 Thieves","floor":18.0,"turns":3.0},{"damage":0.0,"enemies":"Gremlin Leader","floor":24.0,"turns":5.0},{"damage":19.0,"enemies":"Book of Stabbing","floor":30.0,"turns":4.0},{"damage":0.0,"enemies":"3 Byrds","floor":31.0,"turns":2.0},{"damage":29.0,"enemies":"Automaton","floor":33.0,"turns":12.0},{"damage":34.0,"enemies":"3 Darklings","floor":35.0,"turns":3.0},{"damage":0.0,"enemies":"3 Shapes","floor":38.0,"turns":4.0},{"damage":24,"enemies":"Giant Head","floor":44,"turns":8},{"damage":0,"enemies":"Sphere and 2 Shapes","floor":47,"turns":5},{"damage":0,"enemies":"Maw","floor":48,"turns":7},{"damage":61,"enemies":"Donu and Deca","floor":50,"turns":14},{"damage":67,"enemies":"Time Eater","floor":51,"turns":10}],"seed_played":"6009118974616033933","potions_obtained":[{"floor":1.0,"key":"PowerPotion"},{"floor":4.0,"key":"ColorlessPotion"},{"floor":13.0,"key":"FearPotion"},{"floor":14.0,"key":"Explosive Potion"},{"floor":16.0,"key":"AttackPotion"},{"floor":18.0,"key":"PowerPotion"},{"floor":22.0,"key":"Block Potion"},{"floor":45,"key":"Swift Potion"},{"floor":47,"key":"Fruit Juice"}],"is_trial":false,"path_per_floor":["M","M","M","M","$","R","E","R","T","R","M","R","E","M","R","B",null,"M","?","?","?","?","R","E","R","T","?","R","$","E","M","R","B",null,"M","?","$","M","T","R","$","T","T","E","?","R","M","M","R","B","B"],"character_chosen":"DEFECT","items_purchased":["Defragment","Defragment","EntropicBrew","Lee\u0027s Waffle"],"campfire_rested":0,"item_purchase_floors":[5,29,29,41],"current_hp_per_floor":[70,70,63,48,48,48,27,27,27,27,20,20,39,26,26,24,65,48,48,48,26,26,26,31,31,31,31,31,31,12,17,17,18,67,33,23,23,23,23,23,90,90,90,66,66,66,76,76,76,34,0,0],"gold":134,"neow_bonus":"RANDOM_COMMON_RELIC","is_daily":false,"chose_seed":false,"campfire_upgraded":3,"win_rate":0.0,"timestamp":1608289968,"path_taken":["M","M","M","M","?","R","E","R","T","R","?","R","E","M","R","BOSS","M","?","?","?","?","R","E","R","T","?","R","$","E","M","R","BOSS","M","?","$","M","?","R","?","?","T","E","?","R","M","M","R","BOSS","BOSS"],"items_purchased_type":["Card","Card","Potion","Relic"],"build_version":"2020-12-13","purchased_purges":2,"victory":false,"max_hp_per_floor":[78,78,78,78,78,78,78,78,78,78,78,78,78,78,78,78,78,78,78,78,83,83,83,83,83,83,83,83,83,83,83,83,83,83,83,83,83,83,83,83,90,90,90,90,90,90,95,95,95,95,95,95],"relic_stats":{"Lee\u0027s Waffle":67,"Happy Flower":[24],"counters":[21,120],"CeramicFish":126,"Astrolabe":["Buffer","Rebound","Melter"],"PreservedInsect":173,"Juzu Bracelet":2,"Letter Opener":[131],"Smiling Mask":0,"Lizard Tail":39,"Nunchaku":[6],"Shovel":8,"Busted Crown":26,"Ornamental Fan":[52],"Pantograph":69,"Art of War":[11],"obtain_stats":[{"Ice Cream":27,"Girya":7,"Lee\u0027s Waffle":41,"Lantern":44,"Happy Flower":23,"CeramicFish":13,"Astrolabe":34,"PreservedInsect":25,"Juzu Bracelet":15,"Letter Opener":43,"Bottled Tornado":46,"Smiling Mask":42,"Lizard Tail":10,"Nunchaku":40,"Shovel":9,"Busted Crown":17,"Ornamental Fan":24,"Strawberry":0,"Pantograph":32,"Art of War":30,"Bottled Lightning":26,"Cracked Core":0,"Toy Ornithopter":12},{"Ice Cream":11,"Girya":5,"Lee\u0027s Waffle":16,"Lantern":17,"Happy Flower":10,"CeramicFish":7,"Astrolabe":14,"PreservedInsect":11,"Juzu Bracelet":8,"Letter Opener":16,"Bottled Tornado":17,"Smiling Mask":16,"Lizard Tail":5,"Nunchaku":16,"Shovel":5,"Busted Crown":9,"Ornamental Fan":11,"Strawberry":0,"Pantograph":13,"Art of War":12,"Bottled Lightning":11,"Cracked Core":0,"Toy Ornithopter":6},{"Ice Cream":51,"Girya":20,"Lee\u0027s Waffle":76,"Lantern":84,"Happy Flower":46,"CeramicFish":27,"Astrolabe":69,"PreservedInsect":51,"Juzu Bracelet":31,"Letter Opener":76,"Bottled Tornado":84,"Smiling Mask":76,"Lizard Tail":20,"Nunchaku":76,"Shovel":20,"Busted Crown":43,"Ornamental Fan":51,"Strawberry":0,"Pantograph":57,"Art of War":55,"Bottled Lightning":51,"Cracked Core":0,"Toy Ornithopter":23}],"Toy Ornithopter":25},"card_choices":[{"not_picked":["Tempest","Loop"],"picked":"Gash","floor":1.0},{"not_picked":["Beam Cell","Sweeping Beam"],"picked":"Coolheaded","floor":2.0},{"not_picked":["Compile Driver","Aggregate"],"picked":"Ball Lightning","floor":3.0},{"not_picked":["Rebound","Coolheaded"],"picked":"Reboot","floor":4.0},{"not_picked":["Ball Lightning","Barrage","Thunder Strike"],"picked":"SKIP","floor":7.0},{"not_picked":["Gash","Aggregate"],"picked":"Melter","floor":11.0},{"not_picked":["Static Discharge","Scrape"],"picked":"Skim","floor":13.0},{"not_picked":["Redo","Rebound"],"picked":"Glacier","floor":14.0},{"not_picked":["Core Surge","Rainbow"],"picked":"Electrodynamics","floor":16.0},{"not_picked":["Go for the Eyes"],"picked":"SKIP","floor":18.0},{"not_picked":["Compile Driver"],"picked":"SKIP","floor":24.0},{"not_picked":["Compile Driver"],"picked":"SKIP","floor":30.0},{"not_picked":["Compile Driver"],"picked":"SKIP","floor":31.0},{"not_picked":[],"picked":"Chill","floor":35.0},{"not_picked":[],"picked":"Panacea","floor":36.0},{"not_picked":[],"picked":"Dark Shackles","floor":36.0},{"not_picked":[],"picked":"Secret Technique","floor":36.0},{"not_picked":["Leap"],"picked":"SKIP","floor":38.0},{"not_picked":["Beam Cell"],"picked":"SKIP","floor":44},{"not_picked":["Turbo"],"picked":"SKIP","floor":47},{"not_picked":[],"picked":"Cold Snap+1","floor":48}],"player_experience":1460638,"relics_obtained":[{"floor":7.0,"key":"Girya"},{"floor":9.0,"key":"Shovel"},{"floor":10.0,"key":"Lizard Tail"},{"floor":12.0,"key":"Toy Ornithopter"},{"floor":13.0,"key":"CeramicFish"},{"floor":15.0,"key":"Juzu Bracelet"},{"floor":23.0,"key":"Happy Flower"},{"floor":24.0,"key":"Ornamental Fan"},{"floor":25.0,"key":"PreservedInsect"},{"floor":26.0,"key":"Bottled Lightning"},{"floor":30.0,"key":"Art of War"},{"floor":32.0,"key":"Pantograph"},{"floor":40.0,"key":"Nunchaku"},{"floor":42.0,"key":"Smiling Mask"},{"floor":43.0,"key":"Letter Opener"},{"floor":44,"key":"Lantern"},{"floor":46,"key":"Bottled Tornado"}],"event_choices":[{"damage_healed":0.0,"max_hp_gain":0.0,"max_hp_loss":0.0,"gold_gain":50.0,"event_name":"Nest","player_choice":"Stole From Cult","floor":19.0,"gold_loss":0.0,"damage_taken":0.0},{"damage_healed":0.0,"max_hp_gain":0.0,"max_hp_loss":0.0,"gold_gain":0.0,"event_name":"The Library","player_choice":"Read","floor":20.0,"gold_loss":0.0,"damage_taken":0.0,"cards_obtained":["Capacitor"]},{"damage_healed":0.0,"max_hp_gain":5.0,"max_hp_loss":0.0,"gold_gain":0.0,"event_name":"Forgotten Altar","player_choice":"Shed Blood","floor":21.0,"gold_loss":0.0,"damage_taken":27.0},{"damage_healed":0.0,"max_hp_gain":0.0,"max_hp_loss":0.0,"gold_gain":0.0,"event_name":"The Woman in Blue","player_choice":"Bought 1 Potion","floor":22.0,"gold_loss":0.0,"damage_taken":0.0},{"damage_healed":0.0,"max_hp_gain":0.0,"max_hp_loss":0.0,"gold_gain":0.0,"event_name":"The Mausoleum","player_choice":"Opened","floor":27.0,"gold_loss":0.0,"damage_taken":0.0,"relics_obtained":["Ice Cream"],"cards_obtained":["Writhe"]},{"damage_healed":0.0,"max_hp_gain":0.0,"max_hp_loss":0.0,"gold_gain":0.0,"event_name":"SensoryStone","player_choice":"Memory 3","floor":36.0,"gold_loss":0.0,"damage_taken":10.0},{"damage_healed":0,"gold_gain":0,"player_choice":"Got Potions","damage_taken":0,"max_hp_gain":0,"max_hp_loss":0,"event_name":"Lab","floor":45,"gold_loss":0}],"is_beta":false,"boss_relics":[{"not_picked":["Sozu","Fusion Hammer"],"picked":"Busted Crown"},{"not_picked":["SlaversCollar","Velvet Choker"],"picked":"Astrolabe"}],"items_purged_floors":[29,37],"is_endless":false,"potions_floor_spawned":[1,4,13,14,16,18,33,35,47],"killed_by":"Time Eater","ascension_level":20}}