{"host":"18wi9kpcl4eah7pe","time":1608335554,"event":{"mods":["BaseMod","Colored Powertips","Downfall","Minty Spire (QoL Compilation)","StSLib","The Cursed"],"gold_per_floor":[99,99,99,99,62,74,98,98,133,58,158,73,92,92,107,212,212,337,337,337,125,138,238,238,238,238],"floor_reached":25,"playtime":1328,"items_purged":[],"score":193,"play_id":"0d3be5e5-5143-427c-88de-1663c72550cf","local_time":"20201218175234","is_ascension_mode":false,"campfire_choices":[{"floor":1.0,"key":"RECALL"},{"data":"Guardian:WalkerClaw","floor":8.0,"key":"SMITH"},{"floor":10.0,"key":"REST"},{"data":"Guardian:Repulse","floor":18.0,"key":"SMITH"},{"data":"Guardian:TwinSlam","floor":20.0,"key":"SMITH"}],"circlet_count":0,"master_deck":["Guardian:Strike_Guardian","Guardian:Strike_Guardian","Guardian:Strike_Guardian","Guardian:Strike_Guardian","Guardian:Defend_Guardian","Guardian:Defend_Guardian","Guardian:Defend_Guardian","Guardian:Defend_Guardian","Guardian:CurlUp","Guardian:TwinSlam+1","Guardian:TemporalStrike","Guardian:Repulse+1","Guardian:WalkerClaw+1","Guardian:TemporalShield","Guardian:RefractedBeam","Guardian:Preprogram","Guardian:Planning","Guardian:DonusPower","Guardian:StasisField","CurseOfTheBell","Guardian:Gem_Red","Guardian:ChargeCore","Guardian:Gem_Red","Guardian:ChargeUp"],"relics":["Guardian:ModeShifter","downfall:HeartsMalice","Ancient Tea Set","downfall:HeartBlessingRed","downfall:GremlinWheel","Calling Bell","Omamori","Mummified Hand","Turnip","downfall:HeartBlessingBlue","Ornamental Fan","HandDrill","Prayer Wheel","Kunai","Frozen Egg 2"],"acts_visited":["Exordium","TheCity"],"potions_floor_usage":[],"damage_taken":[{"damage":0.0,"enemies":"2 Louse","floor":3.0,"turns":1.0},{"damage":0.0,"enemies":"Cultist","floor":4.0,"turns":1.0},{"damage":0.0,"enemies":"downfall:FleeingMerchant","floor":5.0,"turns":1.0},{"damage":10.0,"enemies":"Small Slimes","floor":6.0,"turns":3.0},{"damage":21.0,"enemies":"Lagavulin","floor":9.0,"turns":8.0},{"damage":35.0,"enemies":"Lagavulin","floor":11.0,"turns":6.0},{"damage":0.0,"enemies":"downfall:FleeingMerchant","floor":12.0,"turns":4.0},{"damage":17.0,"enemies":"Exordium Thugs","floor":13.0,"turns":5.0},{"damage":6.0,"enemies":"3 Louse","floor":15.0,"turns":2.0},{"damage":27.0,"enemies":"downfall:Watcher","floor":16.0,"turns":7.0},{"damage":10.0,"enemies":"downfall:FleeingMerchant","floor":21.0,"turns":4.0},{"damage":9.0,"enemies":"3 Byrds","floor":22.0,"turns":4.0},{"damage":42.0,"enemies":"Colosseum Nobs","floor":23.0,"turns":5.0},{"damage":29,"enemies":"Gremlin Leader","floor":25,"turns":3}],"seed_played":"-7221538708269481989","potions_obtained":[{"floor":6.0,"key":"BlessingOfTheForge"},{"floor":11.0,"key":"Block Potion"},{"floor":13.0,"key":"SkillPotion"},{"floor":15.0,"key":"SkillPotion"},{"floor":16.0,"key":"Strength Potion"},{"floor":22.0,"key":"GamblersBrew"}],"is_trial":false,"path_per_floor":["R","?","M","M","$","M","T","R","E","R","?","$","M","?","M","B",null,"R","T","R","$","M","?","T","E"],"character_chosen":"GUARDIAN","items_purchased":["Guardian:TimeCapacitor","Guardian:Preprogram","HandDrill","Guardian:ChargeCore"],"campfire_rested":1,"item_purchase_floors":[5,12,21,21],"current_hp_per_floor":[80,80,80,80,80,70,70,70,49,73,38,38,21,80,74,47,80,90,90,90,80,71,29,29,0,0],"gold":238,"neow_bonus":"THREE_ENEMY_KILL","is_daily":false,"chose_seed":false,"campfire_upgraded":3,"win_rate":0.0,"timestamp":1608335554,"path_taken":["R","?","M","M","$","?","T","R","E","R","?","?","M","?","M","BOSS","R","?","R","?","?","?","T","E"],"items_purchased_type":["Card","Card","Relic","Card"],"build_version":"2020-12-13","purchased_purges":0,"victory":false,"max_hp_per_floor":[80,80,80,80,80,80,80,80,80,80,80,80,80,80,80,80,80,90,90,90,90,90,90,90,90,90],"card_choices":[{"not_picked":["Guardian:FloatingOrbs","Guardian:Gem_Green"],"picked":"Guardian:TemporalStrike","floor":3.0},{"not_picked":["Guardian:Recover","Guardian:Planning"],"picked":"Guardian:Gem_Crimson","floor":4.0},{"not_picked":["Guardian:Gem_Crimson","Guardian:PrismaticBarrier"],"picked":"Guardian:Repulse","floor":5.0},{"not_picked":["Guardian:ChargeCore","Guardian:FloatingOrbs"],"picked":"Guardian:WalkerClaw","floor":6.0},{"not_picked":["Guardian:ExploitGems","Guardian:TemporalStrike"],"picked":"Guardian:TemporalShield","floor":9.0},{"not_picked":["Guardian:PolyBeam","Guardian:Emergency"],"picked":"Guardian:RefractedBeam","floor":12.0},{"not_picked":["Guardian:PolyBeam","Guardian:Reroute"],"picked":"Guardian:Planning","floor":13.0},{"not_picked":["Guardian:PiercingHide","Guardian:Gem_Crimson"],"picked":"Guardian:DonusPower","floor":15.0},{"not_picked":["Guardian:StasisStrike","Guardian:FastForward"],"picked":"Guardian:StasisField","floor":16.0},{"not_picked":["Guardian:TemporalStrike","Guardian:Gem_Lightblue"],"picked":"Guardian:Gem_Red","floor":21.0},{"not_picked":["Guardian:CrystalBeam","Guardian:Clone+1"],"picked":"Guardian:Gem_Red","floor":22.0},{"not_picked":["Guardian:RefractedBeam","Guardian:PrismaticBarrier"],"picked":"Guardian:ChargeUp","floor":23.0}],"player_experience":813492,"relics_obtained":[{"floor":9.0,"key":"Ancient Tea Set"},{"floor":11.0,"key":"downfall:GremlinWheel"},{"floor":17.0,"key":"Omamori"},{"floor":17.0,"key":"Mummified Hand"},{"floor":17.0,"key":"Turnip"},{"floor":19.0,"key":"Ornamental Fan"},{"floor":23.0,"key":"Prayer Wheel"},{"floor":23.0,"key":"Kunai"},{"floor":24.0,"key":"Frozen Egg 2"}],"event_choices":[{"cards_removed":["Guardian:TimeCapacitor"],"damage_healed":59.0,"max_hp_gain":0.0,"max_hp_loss":0.0,"gold_gain":0.0,"event_name":"Bonfire Elementals","player_choice":"Offered Uncommon","floor":14.0,"gold_loss":0.0,"damage_taken":0.0},{"damage_healed":0.0,"max_hp_gain":0.0,"max_hp_loss":0.0,"gold_gain":200.0,"event_name":"Wheel of Change","player_choice":"Gold","floor":18.0,"gold_loss":0.0,"damage_taken":0.0}],"is_beta":false,"boss_relics":[{"not_picked":["SlaversCollar","Fusion Hammer"],"picked":"Calling Bell"}],"items_purged_floors":[],"is_endless":false,"potions_floor_spawned":[6,11,13,15,16,22],"killed_by":"Gremlin Leader","ascension_level":0}}