{"host":"udzsrhbqdxqtlypj","time":1608324032,"event":{"mods":["BaseMod","Minty Spire (QoL Compilation)","Relic Stats"],"gold_per_floor":[119,138,154,3,3,3,31,31,31,66,78,90,130,142,154,268,280,311,333,359,371,411,423,462,474,486,526,120,135,165,180,180,277,277,296,316,328,328,1327,1327,1360,1360,1360,1389,1611,1626,1626,1658,1658,1658,1658,1658,68,93,93],"floor_reached":56,"playtime":4710,"items_purged":["Strike_G+1","Normality"],"score":2014,"play_id":"60977468-897b-4ece-91de-667dfcb11aa0","local_time":"20201218144032","is_ascension_mode":true,"campfire_choices":[{"data":"Dagger Spray","floor":6,"key":"SMITH"},{"floor":8,"key":"REST"},{"data":"Infinite Blades","floor":12,"key":"SMITH"},{"floor":15,"key":"REST"},{"floor":23,"key":"REST"},{"floor":25,"key":"REST"},{"floor":32,"key":"REST"},{"floor":40,"key":"REST"},{"floor":42,"key":"RECALL"},{"floor":49,"key":"REST"},{"floor":52,"key":"REST"}],"circlet_count":0,"master_deck":["AscendersBane","Strike_G+1","Strike_G+1","Strike_G+1","Strike_G+1","Defend_G+1","Defend_G+1","Defend_G+1","Defend_G+1","Defend_G+1","Survivor","Neutralize","Dagger Spray+1","Quick Slash","Dagger Throw","Infinite Blades+1","Adrenaline","Backflip+1","Prepared+1","Concentrate+1","Eviscerate+1","Deflect","Tools of the Trade+1","Escape Plan","Bandage Up","Panacea","Normality","Envenom+1","Parasite","Blind+1"],"relics":["Ring of the Snake","Vajra","Medical Kit","Singing Bowl","Frozen Egg 2","MawBank","Letter Opener","Unceasing Top","Fusion Hammer","Red Mask","Bottled Flame","MealTicket","The Courier","Incense Burner","ClockworkSouvenir","Pear","Black Star","Toxic Egg 2","Gambling Chip","Blood Vial","White Beast Statue","Paper Crane","Kunai","Bag of Preparation","TwistedFunnel","Tingsha","TungstenRod","Anchor","Mercury Hourglass","Boot","CaptainsWheel","Bronze Scales","Toy Ornithopter"],"acts_visited":["Exordium","TheCity","TheBeyond","TheEnding"],"potions_floor_usage":[10,16,48,50,55,55,55],"damage_taken":[{"damage":1,"enemies":"Cultist","floor":1,"turns":3},{"damage":0,"enemies":"Jaw Worm","floor":2,"turns":4},{"damage":1,"enemies":"Small Slimes","floor":3,"turns":3},{"damage":38,"enemies":"Lagavulin","floor":7,"turns":8},{"damage":16,"enemies":"Gremlin Nob","floor":10,"turns":3},{"damage":20,"enemies":"Lagavulin","floor":13,"turns":6},{"damage":17,"enemies":"Slime Boss","floor":16,"turns":11},{"damage":0,"enemies":"3 Byrds","floor":18,"turns":4},{"damage":16,"enemies":"Spheric Guardian","floor":19,"turns":4},{"damage":5,"enemies":"3 Cultists","floor":20,"turns":5},{"damage":0,"enemies":"Masked Bandits","floor":22,"turns":3},{"damage":10,"enemies":"Slavers","floor":24,"turns":5},{"damage":8,"enemies":"Gremlin Leader","floor":27,"turns":5},{"damage":10,"enemies":"Snake Plant","floor":29,"turns":7},{"damage":23,"enemies":"Book of Stabbing","floor":30,"turns":6},{"damage":0,"enemies":"Sentry and Sphere","floor":31,"turns":3},{"damage":48,"enemies":"Automaton","floor":33,"turns":8},{"damage":3,"enemies":"3 Darklings","floor":35,"turns":3},{"damage":0,"enemies":"Orb Walker","floor":36,"turns":2},{"damage":14,"enemies":"Transient","floor":37,"turns":5},{"damage":19,"enemies":"Reptomancer","floor":41,"turns":5},{"damage":10,"enemies":"Nemesis","floor":44,"turns":9},{"damage":1,"enemies":"Writhing Mass","floor":46,"turns":7},{"damage":3,"enemies":"Giant Head","floor":48,"turns":8},{"damage":142,"enemies":"Time Eater","floor":50,"turns":16},{"damage":0,"enemies":"Shield and Spear","floor":54,"turns":5},{"damage":34,"enemies":"The Heart","floor":55,"turns":8}],"seed_played":"5841394752504421099","potions_obtained":[{"floor":7,"key":"SkillPotion"},{"floor":13,"key":"BlessingOfTheForge"},{"floor":16,"key":"Strength Potion"},{"floor":22,"key":"PowerPotion"},{"floor":30,"key":"DistilledChaos"},{"floor":31,"key":"FairyPotion"},{"floor":48,"key":"FearPotion"}],"is_trial":false,"path_per_floor":["M","M","M","$","?","R","E","R","T","E","T","R","E","$","R","B",null,"M","M","M","?","?","R","E","R","T","E","$","M","E","M","R","B",null,"M","M","M","?","?","R","E","R","T","E","?","M","T","E","R","B",null,"R","$","E","B",null],"character_chosen":"THE_SILENT","items_purchased":["Medical Kit","Incense Burner","ClockworkSouvenir","TwistedFunnel","Tingsha","TungstenRod","Anchor","Mercury Hourglass","Blind+1","Boot","CaptainsWheel","AttackPotion","SteroidPotion","DuplicationPotion"],"campfire_rested":8,"item_purchase_floors":[4,28,28,53,53,53,53,53,53,53,53,53,53,53],"current_hp_per_floor":[62,62,61,61,61,61,23,44,44,30,30,30,12,12,34,17,60,62,46,41,41,43,66,56,78,78,70,78,70,57,59,86,38,79,78,80,66,58,58,87,72,72,72,68,68,75,75,80,104,3,79,104,104,106,87],"gold":93,"neow_bonus":"RANDOM_COMMON_RELIC","is_daily":false,"chose_seed":false,"campfire_upgraded":2,"win_rate":0.0,"timestamp":1608324032,"path_taken":["M","M","?","$","?","R","E","R","T","E","?","R","E","$","R","BOSS","M","M","?","?","?","R","E","R","T","E","$","M","E","M","R","BOSS","M","M","M","?","?","R","E","R","T","E","?","M","?","E","R","BOSS","R","$","E","BOSS"],"items_purchased_type":["Relic","Relic","Relic","Relic","Relic","Relic","Relic","Relic","Card","Relic","Relic","Potion","Potion","Potion"],"build_version":"2020-12-13","purchased_purges":2,"victory":true,"max_hp_per_floor":[70,70,70,70,70,70,70,70,70,72,72,72,74,74,74,74,74,76,76,76,76,78,78,78,78,78,78,78,80,90,92,92,92,92,94,96,96,98,98,98,98,98,98,100,100,102,102,104,104,104,104,104,104,106,106],"relic_stats":{"Singing Bowl":26,"counters":[27,156],"Tingsha":[105],"Bag of Preparation":[6],"Letter Opener":[475],"Medical Kit":[23],"MawBank":216,"Boot":[8],"Mercury Hourglass":[42],"Blood Vial":4,"Gambling Chip":[14],"Bronze Scales":[117],"MealTicket":8,"Black Star":4,"Kunai":[14],"obtain_stats":[{"TwistedFunnel":53,"Singing Bowl":7,"Vajra":0,"Incense Burner":28,"Bag of Preparation":48,"Boot":53,"ClockworkSouvenir":28,"Blood Vial":44,"Gambling Chip":41,"MealTicket":26,"Fusion Hammer":17,"Red Mask":22,"Kunai":48,"Toxic Egg 2":41,"Ring of the Snake":0,"Pear":30,"Tingsha":53,"The Courier":27,"Letter Opener":11,"Frozen Egg 2":9,"Paper Crane":47,"Medical Kit":4,"MawBank":10,"White Beast Statue":44,"Mercury Hourglass":53,"Bottled Flame":24,"Anchor":53,"CaptainsWheel":53,"Bronze Scales":54,"Black Star":34,"Unceasing Top":13,"TungstenRod":53,"Toy Ornithopter":54},{"TwistedFunnel":25,"Singing Bowl":4,"Vajra":0,"Incense Burner":13,"Bag of Preparation":24,"Boot":25,"ClockworkSouvenir":13,"Blood Vial":22,"Gambling Chip":21,"MealTicket":12,"Fusion Hammer":7,"Red Mask":11,"Kunai":24,"Toxic Egg 2":21,"Ring of the Snake":0,"Pear":15,"Tingsha":25,"The Courier":13,"Letter Opener":5,"Frozen Egg 2":4,"Paper Crane":23,"Medical Kit":3,"MawBank":5,"White Beast Statue":22,"Mercury Hourglass":25,"Bottled Flame":12,"Anchor":25,"CaptainsWheel":25,"Bronze Scales":26,"Black Star":17,"Unceasing Top":6,"TungstenRod":25,"Toy Ornithopter":26},{"TwistedFunnel":143,"Singing Bowl":18,"Vajra":0,"Incense Burner":64,"Bag of Preparation":127,"Boot":143,"ClockworkSouvenir":64,"Blood Vial":112,"Gambling Chip":103,"MealTicket":59,"Fusion Hammer":38,"Red Mask":54,"Kunai":127,"Toxic Egg 2":103,"Ring of the Snake":0,"Pear":77,"Tingsha":143,"The Courier":64,"Letter Opener":21,"Frozen Egg 2":18,"Paper Crane":119,"Medical Kit":10,"MawBank":21,"White Beast Statue":112,"Mercury Hourglass":143,"Bottled Flame":59,"Anchor":143,"CaptainsWheel":143,"Bronze Scales":148,"Black Star":88,"Unceasing Top":27,"TungstenRod":143,"Toy Ornithopter":148}],"Unceasing Top":[203],"TungstenRod":18,"Toy Ornithopter":15,"Ring of the Snake":[54]},"card_choices":[{"not_picked":["Blade Dance","Distraction"],"picked":"Dagger Spray","floor":1},{"not_picked":["Dodge and Roll","Poisoned Stab"],"picked":"Quick Slash","floor":2},{"not_picked":["Bouncing Flask","Flying Knee"],"picked":"Dagger Throw","floor":3},{"not_picked":["Backflip","Acrobatics"],"picked":"Infinite Blades","floor":7},{"not_picked":["Dagger Throw","Prepared","Calculated Gamble"],"picked":"Singing Bowl","floor":10},{"not_picked":["Unload","All Out Attack","Heel Hook"],"picked":"Singing Bowl","floor":13},{"not_picked":["Venomology","Bullet Time"],"picked":"Adrenaline","floor":16},{"not_picked":["Leg Sweep","Choke","Finisher+1"],"picked":"Singing Bowl","floor":18},{"not_picked":["Dodge and Roll","Flying Knee"],"picked":"Backflip+1","floor":19},{"not_picked":["Dash","Catalyst"],"picked":"Prepared+1","floor":20},{"not_picked":["Masterful Stab","Reflex","Distraction"],"picked":"Singing Bowl","floor":22},{"not_picked":["Outmaneuver","Slice"],"picked":"Concentrate+1","floor":24},{"not_picked":["Leg Sweep","Concentrate"],"picked":"Eviscerate+1","floor":27},{"not_picked":["Catalyst","Accuracy+1","Outmaneuver"],"picked":"Singing Bowl","floor":29},{"not_picked":["PiercingWail","Flying Knee+1"],"picked":"Deflect","floor":30},{"not_picked":["Deadly Poison","Catalyst","Infinite Blades+1"],"picked":"Singing Bowl","floor":31},{"not_picked":["Glass Knife","Grand Finale"],"picked":"Tools of the Trade+1","floor":33},{"not_picked":["Outmaneuver+1","Poisoned Stab+1","Backflip+1"],"picked":"Singing Bowl","floor":35},{"not_picked":["Predator","Crippling Poison","Backflip+1"],"picked":"Singing Bowl","floor":36},{"not_picked":["Dodge and Roll+1","Acrobatics+1"],"picked":"Escape Plan","floor":37},{"not_picked":["Magnetism+1","Apotheosis"],"picked":"Bandage Up","floor":38},{"not_picked":["Mayhem+1","Impatience","Mind Blast"],"picked":"Singing Bowl","floor":38},{"not_picked":["Finesse","The Bomb"],"picked":"Panacea","floor":38},{"not_picked":["Eviscerate","Escape Plan+1"],"picked":"Envenom+1","floor":41},{"not_picked":["Underhanded Strike+1","Acrobatics+1","Bouncing Flask+1"],"picked":"Singing Bowl","floor":44},{"not_picked":["Prepared+1","Acrobatics+1","Bouncing Flask+1"],"picked":"Singing Bowl","floor":46},{"not_picked":["Noxious Fumes+1","PiercingWail+1","Masterful Stab+1"],"picked":"Singing Bowl","floor":48},{"not_picked":["Prepared+1","PiercingWail+1","Acrobatics+1"],"picked":"Singing Bowl","floor":54}],"player_experience":2662018,"relics_obtained":[{"floor":7,"key":"Singing Bowl"},{"floor":9,"key":"Frozen Egg 2"},{"floor":10,"key":"MawBank"},{"floor":11,"key":"Letter Opener"},{"floor":13,"key":"Unceasing Top"},{"floor":22,"key":"Red Mask"},{"floor":24,"key":"Bottled Flame"},{"floor":26,"key":"MealTicket"},{"floor":27,"key":"The Courier"},{"floor":30,"key":"Pear"},{"floor":41,"key":"Toxic Egg 2"},{"floor":41,"key":"Gambling Chip"},{"floor":44,"key":"Blood Vial"},{"floor":44,"key":"White Beast Statue"},{"floor":47,"key":"Paper Crane"},{"floor":48,"key":"Kunai"},{"floor":48,"key":"Bag of Preparation"},{"floor":54,"key":"Bronze Scales"},{"floor":54,"key":"Toy Ornithopter"}],"event_choices":[{"damage_healed":0,"gold_gain":0,"player_choice":"Ignored","damage_taken":0,"max_hp_gain":0,"max_hp_loss":0,"event_name":"Liars Game","floor":5,"gold_loss":0},{"damage_healed":0,"gold_gain":0,"player_choice":"Simplicity","damage_taken":0,"max_hp_gain":0,"max_hp_loss":0,"event_name":"Back to Basics","floor":21,"gold_loss":0,"cards_upgraded":["Strike_G","Strike_G","Strike_G","Strike_G","Strike_G","Defend_G","Defend_G","Defend_G","Defend_G","Defend_G"]},{"damage_healed":0,"gold_gain":0,"player_choice":"Fought Bandits","damage_taken":0,"max_hp_gain":0,"max_hp_loss":0,"event_name":"Masked Bandits","floor":22,"gold_loss":0},{"damage_healed":0,"gold_gain":0,"player_choice":"Memory 3","damage_taken":10,"max_hp_gain":0,"max_hp_loss":0,"event_name":"SensoryStone","floor":38,"gold_loss":0},{"damage_healed":0,"gold_gain":999,"player_choice":"Gold","damage_taken":0,"max_hp_gain":0,"max_hp_loss":0,"event_name":"MindBloom","floor":39,"gold_loss":0,"cards_obtained":["Normality","Normality"]},{"damage_healed":0,"gold_gain":222,"player_choice":"Wore Mask","damage_taken":0,"max_hp_gain":0,"max_hp_loss":0,"event_name":"Tomb of Lord Red Mask","floor":45,"gold_loss":0}],"is_beta":false,"boss_relics":[{"not_picked":["Velvet Choker","Cursed Key"],"picked":"Fusion Hammer"},{"not_picked":["Sozu","Busted Crown"],"picked":"Black Star"}],"items_purged_floors":[28,53],"is_endless":false,"potions_floor_spawned":[7,13,16,22,30,31,35,41,46,48,54],"ascension_level":10}}