{"host":"9v3x998ddbx8o276","time":1608268334,"event":{"mods":["AchievementEnabler","BaseMod","Colored Map","Highlight Path","Minty Spire (QoL Compilation)","Quick Restart","Rare Cards Sparkle"],"gold_per_floor":[115,390,406,481,40,40,40,65,138,138,169,187,187,200,200,293,293,309,359,372,287,287,287],"floor_reached":22,"playtime":425,"items_purged":["Regret"],"score":434,"play_id":"ff032a7e-3f8c-4ace-aebf-d9050867d499","local_time":"20201218154214","is_ascension_mode":true,"campfire_choices":[{"data":"Defragment","floor":6,"key":"SMITH"},{"data":"Darkness","floor":10,"key":"SMITH"},{"floor":15,"key":"REST"}],"circlet_count":0,"master_deck":["AscendersBane","Strike_B","Strike_B","Strike_B","Strike_B","Defend_B","Defend_B","Defend_B","Defend_B","Zap","Dualcast","Skim","Darkness+1","Defragment+1","Multi-Cast","Streamline","Static Discharge","Creative AI","Loop","Beam Cell"],"relics":["Cracked Core","NeowsBlessing","Mercury Hourglass","TungstenRod","StrikeDummy","Toy Ornithopter","Golden Idol","Black Star","Pear"],"acts_visited":["Exordium","TheCity"],"potions_floor_usage":[20,20],"damage_taken":[{"damage":0,"enemies":"Small Slimes","floor":1,"turns":1},{"damage":0,"enemies":"Cultist","floor":3,"turns":1},{"damage":0,"enemies":"3 Sentries","floor":8,"turns":1},{"damage":19,"enemies":"Lagavulin","floor":11,"turns":4},{"damage":4,"enemies":"2 Louse","floor":12,"turns":2},{"damage":5,"enemies":"Looter","floor":14,"turns":3},{"damage":24,"enemies":"The Guardian","floor":16,"turns":8},{"damage":24,"enemies":"Spheric Guardian","floor":18,"turns":4},{"damage":25,"enemies":"2 Thieves","floor":20,"turns":3},{"damage":24,"enemies":"Sentry and Sphere","floor":22,"turns":3}],"seed_played":"-8697735512390777104","potions_obtained":[{"floor":8,"key":"LiquidMemories"},{"floor":12,"key":"Fire Potion"}],"is_trial":false,"path_per_floor":["M","?","M","?","$","R","?","E","T","R","E","M","?","M","R","B",null,"M","?","M","?","M"],"character_chosen":"DEFECT","items_purchased":["Mercury Hourglass","Defragment"],"campfire_rested":1,"item_purchase_floors":[5,5],"current_hp_per_floor":[64,64,64,53,53,53,53,53,53,53,34,30,30,25,44,20,53,29,29,14,24,0,0],"gold":287,"neow_bonus":"THREE_ENEMY_KILL","is_daily":false,"chose_seed":false,"campfire_upgraded":2,"win_rate":0.0,"timestamp":1608268334,"path_taken":["M","?","?","?","$","R","?","E","T","R","E","M","?","M","R","BOSS","M","?","M","?","M"],"items_purchased_type":["Relic","Card"],"build_version":"2020-12-13","purchased_purges":1,"victory":false,"max_hp_per_floor":[71,71,71,71,71,71,71,71,71,71,71,71,64,64,64,64,64,64,64,64,74,74,74],"card_choices":[{"not_picked":["Hologram","Storm"],"picked":"Skim","floor":1},{"not_picked":["BootSequence","Beam Cell"],"picked":"Darkness","floor":3},{"not_picked":["Loop","Chaos"],"picked":"Multi-Cast","floor":8},{"not_picked":["Skim","Redo","Recycle"],"picked":"SKIP","floor":11},{"not_picked":["Turbo","Leap"],"picked":"Streamline","floor":12},{"not_picked":["Compile Driver","Rebound"],"picked":"Static Discharge","floor":14},{"not_picked":["Core Surge","All For One"],"picked":"Creative AI","floor":16},{"not_picked":["FTL","Chaos"],"picked":"Loop","floor":18},{"not_picked":["Coolheaded","Chaos"],"picked":"Beam Cell","floor":20}],"player_experience":2033543,"relics_obtained":[{"floor":8,"key":"TungstenRod"},{"floor":9,"key":"StrikeDummy"},{"floor":11,"key":"Toy Ornithopter"}],"event_choices":[{"damage_healed":0,"gold_gain":275,"player_choice":"Desecrate","damage_taken":0,"max_hp_gain":0,"max_hp_loss":0,"event_name":"Golden Shrine","floor":2,"gold_loss":0,"cards_obtained":["Regret"]},{"damage_healed":0,"gold_gain":75,"player_choice":"Gather Gold","damage_taken":11,"max_hp_gain":0,"max_hp_loss":0,"event_name":"World of Goop","floor":4,"gold_loss":0},{"damage_healed":0,"gold_gain":0,"player_choice":"Ignored","damage_taken":0,"max_hp_gain":0,"max_hp_loss":0,"event_name":"Liars Game","floor":7,"gold_loss":0},{"damage_healed":0,"gold_gain":0,"player_choice":"Lose Max HP","damage_taken":0,"relics_obtained":["Golden Idol"],"max_hp_gain":0,"max_hp_loss":7,"event_name":"Golden Idol","floor":13,"gold_loss":0},{"damage_healed":0,"gold_gain":50,"player_choice":"Stole From Cult","damage_taken":0,"max_hp_gain":0,"max_hp_loss":0,"event_name":"Nest","floor":19,"gold_loss":0},{"damage_healed":0,"gold_gain":0,"player_choice":"Obtained Relic","damage_taken":0,"relics_obtained":["Pear"],"max_hp_gain":0,"max_hp_loss":0,"event_name":"Addict","floor":21,"gold_loss":85}],"is_beta":false,"boss_relics":[{"not_picked":["Velvet Choker","Tiny House"],"picked":"Black Star"}],"items_purged_floors":[5],"is_endless":false,"potions_floor_spawned":[8,12,16,18],"killed_by":"Sentry and Sphere","ascension_level":20}}