{"host":"ocy7z4248lncoz2b","time":1608279502,"event":{"mods":["BaseMod","Beaked The Cultist","Better Match","Better Sensory Stone","Better Third Choice","BetterRewards","Clockwork Mod","Colored Powertips","Conspire","Downfall","Friendly Minions","Highlight Path","Hubris","Infinite Spire","Marisa????????","Mimic Mod","Minty Spire (QoL Compilation)","READ ME - Guardian Mod","Replay The Spire","Shop Mod","Spicy Shops","Spikes Relics","StSLib","SuperFastMode","The Blue Laboratory","The Construct","The Jungle"],"gold_per_floor":[99,99,125,139,139,139,139],"floor_reached":6,"playtime":178,"items_purged":[],"score":42,"play_id":"d60c7499-6091-4961-bdbb-daef51ddbf6d","local_time":"20201218171822","is_ascension_mode":false,"campfire_choices":[{"data":"UltimateShortwave","floor":1,"key":"SMITH"}],"circlet_count":0,"master_deck":["UltimateShortwave+1","Strike_MRS","Strike_MRS","Strike_MRS","Strike_MRS","Defend_MRS","Defend_MRS","Defend_MRS","Defend_MRS","MasterSpark","UpSweep","Replay:Parry","MillisecondPulsars+1","EnergyRecoil"],"relics":["MiniHakkero","StoneCalendar"],"acts_visited":["Exordium"],"potions_floor_usage":[6,6,6],"damage_taken":[{"damage":52,"enemies":"3 Sentries","floor":3,"turns":10},{"damage":7,"enemies":"Jaw Worm","floor":4,"turns":5},{"damage":28,"enemies":"Gremlin Nob","floor":6,"turns":3}],"seed_played":"1639325372706977910","potions_obtained":[{"floor":2,"key":"Dexterity Potion"},{"floor":2,"key":"blueLaboratory:PolymorphPotion"},{"floor":2,"key":"sneckomod:MuddlingPotion"}],"is_trial":false,"path_per_floor":["R","?","E","M","?","E"],"character_chosen":"MARISA","items_purchased":[],"campfire_rested":0,"item_purchase_floors":[],"current_hp_per_floor":[75,75,23,16,16,0,0],"gold":139,"neow_bonus":"RANDOM_COLORLESS","is_daily":false,"chose_seed":false,"campfire_upgraded":1,"win_rate":0.0,"timestamp":1608279502,"path_taken":["R","?","E","?","?","E"],"items_purchased_type":[],"build_version":"2020-12-13","purchased_purges":0,"victory":false,"max_hp_per_floor":[75,75,75,75,75,75,75],"card_choices":[{"not_picked":["Replay:BasicMightCard","expansioncontent:Sear"],"picked":"Replay:Parry","floor":0},{"not_picked":["NonDirectionalLaser","MilkyWay"],"picked":"MillisecondPulsars","floor":3},{"not_picked":["StarlightTyphoon","SporeBomb"],"picked":"EnergyRecoil","floor":4}],"player_experience":262082,"relics_obtained":[{"floor":3,"key":"StoneCalendar"}],"event_choices":[{"damage_healed":0,"gold_gain":0,"player_choice":"Got Potions","damage_taken":0,"max_hp_gain":0,"max_hp_loss":0,"event_name":"Lab","floor":2,"gold_loss":0},{"damage_healed":0,"gold_gain":0,"player_choice":"Upgraded","damage_taken":0,"max_hp_gain":0,"max_hp_loss":0,"event_name":"Upgrade Shrine","floor":5,"gold_loss":0,"cards_upgraded":["MillisecondPulsars"]}],"is_beta":false,"boss_relics":[],"items_purged_floors":[],"is_endless":false,"potions_floor_spawned":[],"killed_by":"Gremlin Nob","ascension_level":0}}