{"host":"6azrrw3tf7wb0f4b","time":1608266891,"event":{"mods":["BaseMod","DeckTracker","Minty Spire (QoL Compilation)","SuperFastMode"],"gold_per_floor":[111,111,124,26,39,39,39,74,74,90,104,104,139,152,152,247,247,259,259,275,291,77,87,87,87,87],"floor_reached":25,"playtime":602,"items_purged":["Strike_B","Defend_B"],"score":290,"play_id":"10f17724-46fc-4dd8-b7ed-82c6f06bb4f6","local_time":"20201218134811","is_ascension_mode":true,"campfire_choices":[{"data":"Zap","floor":6,"key":"SMITH"},{"floor":12,"key":"REST"},{"data":"Go for the Eyes","floor":15,"key":"SMITH"}],"circlet_count":0,"master_deck":["Strike_B","Defend_B","Defend_B","Defend_B","Zap+1","Dualcast+1","Coolheaded","Sweeping Beam","Rebound","Conserve Battery","Hello World","Echo Form","Go for the Eyes+1","Buffer","Recycle+1","Glacier+1","Loop","Loop+1","Coolheaded+1","Biased Cognition"],"relics":["Cracked Core","Omamori","Ginger","Torii","Toxic Egg 2","Runic Dome"],"acts_visited":["Exordium","TheCity"],"potions_floor_usage":[8,16,18,23],"damage_taken":[{"damage":2,"enemies":"Jaw Worm","floor":1,"turns":3},{"damage":4,"enemies":"Cultist","floor":3,"turns":4},{"damage":0,"enemies":"Small Slimes","floor":5,"turns":2},{"damage":21,"enemies":"Lagavulin","floor":8,"turns":6},{"damage":6,"enemies":"Blue Slaver","floor":10,"turns":3},{"damage":2,"enemies":"Exordium Wildlife","floor":11,"turns":4},{"damage":12,"enemies":"3 Sentries","floor":13,"turns":6},{"damage":0,"enemies":"2 Fungi Beasts","floor":14,"turns":3},{"damage":3,"enemies":"Hexaghost","floor":16,"turns":9},{"damage":0,"enemies":"Spheric Guardian","floor":18,"turns":4},{"damage":1,"enemies":"Shell Parasite","floor":20,"turns":7},{"damage":23,"enemies":"Snake Plant","floor":21,"turns":5},{"damage":17,"enemies":"Snecko","floor":23,"turns":6},{"damage":12,"enemies":"Gremlin Leader","floor":25,"turns":1}],"seed_played":"-7292954461336169333","potions_obtained":[{"floor":3,"key":"BlessingOfTheForge"},{"floor":8,"key":"DuplicationPotion"},{"floor":14,"key":"Block Potion"},{"floor":16,"key":"FocusPotion"},{"floor":20,"key":"EssenceOfDarkness"},{"floor":23,"key":"SmokeBomb"}],"is_trial":false,"path_per_floor":["M","?","M","$","M","R","$","E","T","M","M","R","E","M","R","B",null,"M","?","M","M","$","M","?","E"],"character_chosen":"DEFECT","items_purchased":["Rebound","Glacier+1","Loop"],"campfire_rested":1,"item_purchase_floors":[4,22,22],"current_hp_per_floor":[66,66,62,62,62,62,62,41,41,35,33,55,43,43,43,40,66,66,52,51,28,28,11,11,0,0],"gold":87,"neow_bonus":"RANDOM_COMMON_RELIC","is_daily":false,"chose_seed":false,"campfire_upgraded":2,"win_rate":0.0,"timestamp":1608266891,"path_taken":["M","?","M","?","M","R","?","E","T","?","M","R","E","M","R","BOSS","M","?","M","M","$","M","?","E"],"items_purchased_type":["Card","Card","Card"],"build_version":"2020-12-13","purchased_purges":2,"victory":false,"max_hp_per_floor":[75,75,75,75,75,75,75,75,75,75,75,75,75,75,75,75,75,75,80,80,80,80,80,80,80,80],"card_choices":[{"not_picked":["FTL","Cold Snap"],"picked":"Coolheaded","floor":1},{"not_picked":["Compile Driver","Cold Snap"],"picked":"Sweeping Beam","floor":3},{"not_picked":["Steam","Self Repair"],"picked":"Conserve Battery","floor":5},{"not_picked":["Multi-Cast","Undo"],"picked":"Hello World","floor":8},{"not_picked":["Self Repair","Barrage","Compile Driver"],"picked":"SKIP","floor":10},{"not_picked":["BootSequence","Conserve Battery","Coolheaded"],"picked":"SKIP","floor":11},{"not_picked":["Steam Power+1","Sweeping Beam"],"picked":"Echo Form","floor":13},{"not_picked":["Gash","Steam+1"],"picked":"Go for the Eyes","floor":14},{"not_picked":["Fission+1","Hyperbeam"],"picked":"Buffer","floor":16},{"not_picked":["Barrage","Conserve Battery+1"],"picked":"Recycle+1","floor":18},{"not_picked":["Streamline","Steam+1","Genetic Algorithm+1"],"picked":"SKIP","floor":20},{"not_picked":["Streamline","Go for the Eyes","Rebound"],"picked":"SKIP","floor":21},{"not_picked":["Beam Cell","Streamline"],"picked":"Loop+1","floor":23}],"player_experience":606343,"relics_obtained":[{"floor":8,"key":"Ginger"},{"floor":9,"key":"Torii"},{"floor":13,"key":"Toxic Egg 2"}],"event_choices":[{"damage_healed":0,"gold_gain":0,"player_choice":"Upgraded","damage_taken":0,"max_hp_gain":0,"max_hp_loss":0,"event_name":"Upgrade Shrine","floor":2,"gold_loss":0,"cards_upgraded":["Dualcast"]},{"damage_healed":0,"gold_gain":0,"player_choice":"Shed Blood","damage_taken":19,"max_hp_gain":5,"max_hp_loss":0,"event_name":"Forgotten Altar","floor":19,"gold_loss":0},{"damage_healed":0,"gold_gain":0,"cards_transformed":["Strike_B","Strike_B"],"player_choice":"Became Test Subject","damage_taken":0,"max_hp_gain":0,"max_hp_loss":0,"event_name":"Drug Dealer","floor":24,"gold_loss":0,"cards_obtained":["Coolheaded","Biased Cognition"]}],"is_beta":false,"boss_relics":[{"not_picked":["Tiny House","Velvet Choker"],"picked":"Runic Dome"}],"items_purged_floors":[4,22],"is_endless":false,"potions_floor_spawned":[3,8,14,16,20,23],"killed_by":"Gremlin Leader","ascension_level":7}}