{"host":"utqe55yv0jihe4d6","time":1608262692,"event":{"mods":["2.2 Compatiblity","AchievementEnabler","BaseMod","Block Reminder","Colored Map","Colored Powertips","Minty Spire (QoL Compilation)","Quick Restart","Rare Cards Sparkle","Relic Stats","SuperFastMode"],"gold_per_floor":[112,124,124,124,143,143,157,195,241,276,291,291,49,64,64,162,225,244,263,263,278,106,144,144,179,206,206,123,123,154,154,154],"floor_reached":31,"playtime":1379,"items_purged":[],"score":606,"play_id":"b3d2b0d3-7419-450c-a183-d96d4aeca546","local_time":"20201217223812","is_ascension_mode":true,"campfire_choices":[{"data":"Adrenaline","floor":6,"key":"SMITH"},{"data":"Infinite Blades","floor":12,"key":"SMITH"},{"data":"Skewer","floor":15,"key":"SMITH"},{"floor":24,"key":"REST"},{"data":"Terror","floor":27,"key":"SMITH"}],"circlet_count":0,"master_deck":["AscendersBane","Survivor","Neutralize","Backflip","Skewer+1","Slice","Quick Slash","Adrenaline+1","Blur","Blur","Infinite Blades+1","Night Terror+1","Dodge and Roll","PiercingWail+1","Terror+1","Leg Sweep","Corpse Explosion","Predator","Dash","PiercingWail","Catalyst","Bouncing Flask"],"relics":["Pandora\u0027s Box","Golden Idol","Ornamental Fan","Blood Vial","Strawberry","Membership Card","Bronze Scales","Tiny House","Kunai","Darkstone Periapt","Tiny Chest","Orichalcum","Letter Opener"],"acts_visited":["Exordium","TheCity"],"potions_floor_usage":[18,23,30],"damage_taken":[{"damage":0,"enemies":"Small Slimes","floor":1,"turns":2},{"damage":0,"enemies":"2 Louse","floor":2,"turns":2},{"damage":0,"enemies":"Cultist","floor":5,"turns":3},{"damage":0,"enemies":"Exordium Thugs","floor":7,"turns":7},{"damage":19,"enemies":"Lagavulin","floor":8,"turns":9},{"damage":3,"enemies":"Gremlin Nob","floor":10,"turns":3},{"damage":4,"enemies":"3 Louse","floor":11,"turns":3},{"damage":0,"enemies":"Exordium Wildlife","floor":14,"turns":3},{"damage":41,"enemies":"Slime Boss","floor":16,"turns":17},{"damage":17,"enemies":"Shell Parasite","floor":18,"turns":4},{"damage":2,"enemies":"3 Byrds","floor":19,"turns":3},{"damage":13,"enemies":"Snake Plant","floor":21,"turns":5},{"damage":29,"enemies":"Slavers","floor":23,"turns":3},{"damage":12,"enemies":"Gremlin Leader","floor":25,"turns":9},{"damage":5,"enemies":"Book of Stabbing","floor":30,"turns":6},{"damage":30,"enemies":"Colosseum Slavers","floor":31,"turns":3}],"seed_played":"5989074984597122606","potions_obtained":[{"floor":2,"key":"EssenceOfSteel"},{"floor":8,"key":"PowerPotion"},{"floor":16,"key":"SteroidPotion"},{"floor":18,"key":"Fire Potion"},{"floor":25,"key":"Weak Potion"}],"is_trial":false,"path_per_floor":["M","M","?","?","M","R","M","E","T","E","M","R","$","M","R","B",null,"M","M","?","M","$","E","R","E","T","R","$","?","E","?"],"character_chosen":"THE_SILENT","items_purchased":["Membership Card","Bronze Scales","Kunai","PiercingWail","Catalyst","Bouncing Flask"],"campfire_rested":1,"item_purchase_floors":[13,13,22,22,28,28],"current_hp_per_floor":[59,59,59,60,60,60,60,41,41,47,45,45,45,47,47,8,57,42,42,42,31,31,4,25,15,15,15,15,15,12,0,0],"gold":154,"neow_bonus":"BOSS_RELIC","is_daily":false,"chose_seed":false,"campfire_upgraded":4,"win_rate":0.0,"timestamp":1608262692,"path_taken":["M","M","?","?","M","R","M","E","T","E","M","R","$","M","R","BOSS","M","M","?","M","$","E","R","E","T","R","?","?","E","?"],"items_purchased_type":["Relic","Relic","Relic","Card","Card","Card"],"build_version":"2020-12-13","purchased_purges":0,"victory":false,"max_hp_per_floor":[66,66,60,60,60,60,60,60,60,67,67,67,67,67,67,67,72,72,72,72,72,72,72,72,72,72,72,72,72,72,72,72],"relic_stats":{"Blood Vial":22,"Darkstone Periapt":0,"counters":[16,82],"Golden Idol":93,"Ornamental Fan":[112],"Bronze Scales":[264],"Pandora\u0027s Box":["Backflip","Skewer","Endless Agony","Slice","Quick Slash","Adrenaline","Blur","Blur","Infinite Blades","Night Terror"],"Tiny Chest":0,"Kunai":[10],"Letter Opener":[10],"Orichalcum":[6],"obtain_stats":[{"Darkstone Periapt":23,"Tiny House":17,"Golden Idol":3,"Letter Opener":30,"Orichalcum":26,"Blood Vial":9,"Ornamental Fan":8,"Strawberry":10,"Bronze Scales":13,"Pandora\u0027s Box":0,"Tiny Chest":25,"Membership Card":13,"Kunai":22,"Ring of the Snake":0},{"Darkstone Periapt":13,"Tiny House":9,"Golden Idol":2,"Letter Opener":15,"Orichalcum":14,"Blood Vial":5,"Ornamental Fan":5,"Strawberry":6,"Bronze Scales":7,"Pandora\u0027s Box":0,"Tiny Chest":14,"Membership Card":7,"Kunai":12,"Ring of the Snake":0},{"Darkstone Periapt":64,"Tiny House":49,"Golden Idol":4,"Letter Opener":79,"Orichalcum":73,"Blood Vial":23,"Ornamental Fan":23,"Strawberry":26,"Bronze Scales":29,"Pandora\u0027s Box":0,"Tiny Chest":73,"Membership Card":29,"Kunai":61,"Ring of the Snake":0}]},"card_choices":[{"not_picked":["Slice","Flying Knee","Outmaneuver"],"picked":"SKIP","floor":1},{"not_picked":["Bane","Sucker Punch","Dodge and Roll"],"picked":"SKIP","floor":2},{"not_picked":["Bane","Sucker Punch"],"picked":"Dodge and Roll","floor":2},{"not_picked":["Deflect","Dodge and Roll"],"picked":"PiercingWail","floor":5},{"not_picked":["Blade Dance","Setup","Eviscerate"],"picked":"SKIP","floor":7},{"not_picked":["Cloak And Dagger","Venomology"],"picked":"Terror","floor":8},{"not_picked":["Escape Plan","Backstab"],"picked":"Leg Sweep","floor":10},{"not_picked":["Blur","Dagger Spray","Outmaneuver"],"picked":"SKIP","floor":11},{"not_picked":["Flying Knee","Dagger Spray","Distraction"],"picked":"SKIP","floor":14},{"not_picked":["Burst","Storm of Steel"],"picked":"Corpse Explosion","floor":16},{"not_picked":["Prepared","Dagger Throw"],"picked":"Predator","floor":17},{"not_picked":["Underhanded Strike","Bane","Backflip"],"picked":"SKIP","floor":18},{"not_picked":["Bane","Deflect+1","Slice"],"picked":"SKIP","floor":19},{"not_picked":["PiercingWail","Reflex"],"picked":"Dash","floor":21},{"not_picked":["Bane","Flying Knee","Dagger Spray"],"picked":"SKIP","floor":23},{"not_picked":["Riddle With Holes","Tactician","Bane"],"picked":"SKIP","floor":25},{"not_picked":["Storm of Steel","Quick Slash","Bane"],"picked":"SKIP","floor":30}],"player_experience":2796796,"relics_obtained":[{"floor":8,"key":"Ornamental Fan"},{"floor":9,"key":"Blood Vial"},{"floor":10,"key":"Strawberry"},{"floor":23,"key":"Darkstone Periapt"},{"floor":25,"key":"Tiny Chest"},{"floor":26,"key":"Orichalcum"},{"floor":30,"key":"Letter Opener"}],"event_choices":[{"damage_healed":0,"gold_gain":0,"player_choice":"Lose Max HP","damage_taken":0,"relics_obtained":["Golden Idol"],"max_hp_gain":0,"max_hp_loss":6,"event_name":"Golden Idol","floor":3,"gold_loss":0},{"damage_healed":1,"gold_gain":0,"player_choice":"Full Heal","damage_taken":0,"max_hp_gain":0,"max_hp_loss":0,"event_name":"Wheel of Change","floor":4,"gold_loss":0},{"damage_healed":0,"gold_gain":0,"player_choice":"Upgraded","damage_taken":0,"max_hp_gain":0,"max_hp_loss":0,"event_name":"Upgrade Shrine","floor":20,"gold_loss":0,"cards_upgraded":["Night Terror"]},{"cards_removed":["Endless Agony"],"damage_healed":0,"gold_gain":0,"player_choice":"Elegance","damage_taken":0,"max_hp_gain":0,"max_hp_loss":0,"event_name":"Back to Basics","floor":29,"gold_loss":0},{"damage_healed":0,"gold_gain":0,"player_choice":"Fight","damage_taken":0,"max_hp_gain":0,"max_hp_loss":0,"event_name":"Colosseum","floor":31,"gold_loss":0}],"is_beta":false,"boss_relics":[{"not_picked":["SacredBark","WristBlade"],"picked":"Tiny House"}],"items_purged_floors":[],"is_endless":false,"potions_floor_spawned":[2,8,14,16,18,21,25],"killed_by":"Colosseum Slavers","ascension_level":20}}