{"host":"ci7ivtocgfxh0ueo","time":1608274104,"event":{"mods":["BaseMod","GifTheSpireLib","Minty Spire (QoL Compilation)","StSLib"],"gold_per_floor":[117,129,129,204,204,223,238,56,56,85,65,84,84,109,109,109,109],"floor_reached":16,"playtime":425,"items_purged":[],"score":204,"play_id":"3e30c8ed-000e-42a8-96fb-bb2826519e93","local_time":"20201218144824","is_ascension_mode":true,"campfire_choices":[{"floor":13,"key":"REST"},{"floor":15,"key":"REST"}],"circlet_count":0,"master_deck":["AscendersBane","Strike_G","Strike_G","Strike_G","Strike_G+1","Strike_G","Defend_G","Defend_G","Defend_G+1","Defend_G","Defend_G","Survivor","Neutralize","Dagger Spray","Blur","Unload","Escape Plan","PiercingWail","Noxious Fumes","Bouncing Flask","Deadly Poison"],"relics":["Ring of the Snake","NeowsBlessing","Akabeko","Pen Nib","Darkstone Periapt","Shovel"],"acts_visited":["Exordium"],"potions_floor_usage":[10,14,16],"damage_taken":[{"damage":0,"enemies":"Jaw Worm","floor":1,"turns":1},{"damage":0,"enemies":"Cultist","floor":2,"turns":1},{"damage":0,"enemies":"Small Slimes","floor":6,"turns":1},{"damage":0,"enemies":"Exordium Wildlife","floor":7,"turns":3},{"damage":18,"enemies":"Gremlin Nob","floor":10,"turns":4},{"damage":0,"enemies":"2 Fungi Beasts","floor":12,"turns":2},{"damage":21,"enemies":"Lagavulin","floor":14,"turns":6},{"damage":27,"enemies":"The Guardian","floor":16,"turns":8}],"seed_played":"-666810847010701491","potions_obtained":[{"floor":1,"key":"Dexterity Potion"},{"floor":6,"key":"AttackPotion"},{"floor":10,"key":"Poison Potion"},{"floor":11,"key":"Fire Potion"}],"is_trial":false,"path_per_floor":["M","M","$","?","?","M","M","$","T","E","?","M","R","E","R","B"],"character_chosen":"THE_SILENT","items_purchased":["Akabeko","PiercingWail"],"campfire_rested":2,"item_purchase_floors":[8,8],"current_hp_per_floor":[59,59,59,48,28,28,28,28,28,10,10,10,29,8,27,0,0],"gold":109,"neow_bonus":"THREE_ENEMY_KILL","is_daily":false,"chose_seed":false,"campfire_upgraded":0,"win_rate":0.0,"timestamp":1608274104,"path_taken":["M","M","$","?","?","M","?","$","T","E","?","?","R","E","R","BOSS"],"items_purchased_type":["Relic","Card"],"build_version":"2020-12-13","purchased_purges":0,"victory":false,"max_hp_per_floor":[66,66,66,66,66,66,66,66,66,66,66,66,66,66,66,66,66],"card_choices":[{"not_picked":["Escape Plan","Reflex"],"picked":"Dagger Spray","floor":1},{"not_picked":["Acrobatics","Dodge and Roll"],"picked":"Blur","floor":2},{"not_picked":["Crippling Poison","Expertise"],"picked":"Unload","floor":6},{"not_picked":["Flying Knee","Cloak And Dagger"],"picked":"Escape Plan","floor":7},{"not_picked":["Slice","Acrobatics"],"picked":"Noxious Fumes","floor":10},{"not_picked":["Prepared","PiercingWail"],"picked":"Bouncing Flask","floor":12},{"not_picked":["Slice","Predator"],"picked":"Deadly Poison","floor":14}],"player_experience":1267170,"relics_obtained":[{"floor":9,"key":"Pen Nib"},{"floor":10,"key":"Darkstone Periapt"},{"floor":14,"key":"Shovel"}],"event_choices":[{"damage_healed":0,"gold_gain":75,"player_choice":"Gather Gold","damage_taken":11,"max_hp_gain":0,"max_hp_loss":0,"event_name":"World of Goop","floor":4,"gold_loss":0},{"damage_healed":0,"gold_gain":0,"player_choice":"Entered Light","damage_taken":20,"max_hp_gain":0,"max_hp_loss":0,"event_name":"Shining Light","floor":5,"gold_loss":0,"cards_upgraded":["Defend_G","Strike_G"]},{"damage_healed":0,"gold_gain":0,"player_choice":"Bought 1 Potion","damage_taken":0,"max_hp_gain":0,"max_hp_loss":0,"event_name":"The Woman in Blue","floor":11,"gold_loss":0}],"is_beta":false,"boss_relics":[],"items_purged_floors":[],"is_endless":false,"potions_floor_spawned":[1,6,10],"killed_by":"The Guardian","ascension_level":17}}