{"host":"9tzam4717zt8ei1o","time":1608294393,"event":{"mods":["BaseMod","Colored Map","Keyboard Shortcuts","Minty Spire (QoL Compilation)","Quick Restart","StSLib","SuperFastMode"],"gold_per_floor":[117,33,33,33,51,51,77,93,93,106,106,122,70,85,85,85,85],"floor_reached":16,"playtime":273,"items_purged":[],"score":189,"play_id":"6b2ce280-23c4-4995-aa74-1cbb1e0664bb","local_time":"20201218212633","is_ascension_mode":true,"campfire_choices":[{"data":"Deadly Poison","floor":6.0,"key":"SMITH"},{"data":"Glass Knife","floor":15.0,"key":"SMITH"}],"circlet_count":0,"master_deck":["AscendersBane","Strike_G","Strike_G","Strike_G","Strike_G","Strike_G","Defend_G","Defend_G","Defend_G","Defend_G","Survivor","Neutralize","Flash of Steel","Deadly Poison+1","Noxious Fumes+1","Glass Knife+1","Backflip","Catalyst","Blade Dance","PiercingWail"],"relics":["Ring of the Snake","Blue Candle","Kunai"],"acts_visited":["Exordium"],"potions_floor_usage":[16],"damage_taken":[{"damage":0.0,"enemies":"Small Slimes","floor":1.0,"turns":3.0},{"damage":4.0,"enemies":"Jaw Worm","floor":5.0,"turns":3.0},{"damage":12.0,"enemies":"Lagavulin","floor":7.0,"turns":6.0},{"damage":0.0,"enemies":"Cultist","floor":8.0,"turns":2.0},{"damage":10.0,"enemies":"Large Slime","floor":10.0,"turns":5.0},{"damage":9.0,"enemies":"Looter","floor":12.0,"turns":3.0},{"damage":9.0,"enemies":"Exordium Wildlife","floor":14.0,"turns":4.0},{"damage":13,"enemies":"Slime Boss","floor":16,"turns":5}],"seed_played":"792713032158281685","potions_obtained":[{"floor":1.0,"key":"CultistPotion"},{"floor":8.0,"key":"BlessingOfTheForge"},{"floor":14.0,"key":"SpeedPotion"}],"is_trial":false,"path_per_floor":["M","$","?","?","M","R","E","M","T","M","?","M","$","M","R","B"],"character_chosen":"THE_SILENT","items_purchased":["Noxious Fumes","Blade Dance"],"campfire_rested":0,"item_purchase_floors":[2,13],"current_hp_per_floor":[59,59,64,64,60,60,48,48,48,38,31,22,22,13,13,0,0],"gold":85,"neow_bonus":"RANDOM_COLORLESS","is_daily":false,"chose_seed":false,"campfire_upgraded":2,"win_rate":0.0,"timestamp":1608294393,"path_taken":["M","$","?","?","M","R","E","M","T","?","?","M","$","M","R","BOSS"],"items_purchased_type":["Card","Card"],"build_version":"2020-12-13","purchased_purges":0,"victory":false,"max_hp_per_floor":[66,66,71,71,71,71,71,71,71,71,71,71,71,71,71,71,71],"card_choices":[{"not_picked":["Finesse","Good Instincts"],"picked":"Flash of Steel","floor":0.0},{"not_picked":["Outmaneuver","Backflip"],"picked":"Deadly Poison","floor":1.0},{"not_picked":["Sucker Punch","Choke","Infinite Blades"],"picked":"SKIP","floor":5.0},{"not_picked":["Heel Hook","Caltrops"],"picked":"Glass Knife","floor":7.0},{"not_picked":["Outmaneuver","Sucker Punch"],"picked":"Backflip","floor":8.0},{"not_picked":["Terror","Prepared"],"picked":"Catalyst","floor":10.0},{"not_picked":["Caltrops","Poisoned Stab","Choke"],"picked":"SKIP","floor":12.0},{"not_picked":["Slice","Caltrops"],"picked":"PiercingWail","floor":14.0}],"player_experience":79380,"relics_obtained":[{"floor":7.0,"key":"Blue Candle"},{"floor":9.0,"key":"Kunai"}],"event_choices":[{"damage_healed":0.0,"max_hp_gain":5.0,"max_hp_loss":0.0,"gold_gain":0.0,"event_name":"Big Fish","player_choice":"Donut","floor":3.0,"gold_loss":0.0,"damage_taken":0.0},{"damage_healed":0.0,"max_hp_gain":0.0,"max_hp_loss":0.0,"gold_gain":0.0,"event_name":"Accursed Blacksmith","player_choice":"Forge","floor":4.0,"gold_loss":0.0,"damage_taken":0.0,"cards_upgraded":["Noxious Fumes"]},{"cards_removed":["Defend_G"],"damage_healed":0.0,"max_hp_gain":0.0,"max_hp_loss":0.0,"gold_gain":0.0,"event_name":"Golden Wing","player_choice":"Card Removal","floor":11.0,"gold_loss":0.0,"damage_taken":7.0}],"is_beta":false,"boss_relics":[],"items_purged_floors":[],"is_endless":false,"potions_floor_spawned":[1,8,14],"killed_by":"Slime Boss","ascension_level":17}}