{"host":"kw4o7b3ro2ktmmbe","time":1608261824,"event":{"mods":["BaseMod","Lobotomy","Minty Spire (QoL Compilation)","Robot Space Explorer","StSLib","Treasure Hunter"],"gold_per_floor":[114,114,124,124,139,139,172,189,189,207,207,207,218,233,233,332,332,345,12,12,12],"floor_reached":20,"playtime":2050,"items_purged":[],"score":185,"play_id":"ad969b39-25d7-4b43-a8f4-3d9a2116eda3","local_time":"20201218162344","is_ascension_mode":true,"campfire_choices":[{"data":"RobotSpaceExplorer:PowerCollector","floor":6.0,"key":"SMITH"},{"data":"RobotSpaceExplorer:Explosion","floor":11.0,"key":"SMITH"},{"data":"RobotSpaceExplorer:DualCore","floor":15.0,"key":"SMITH"}],"circlet_count":0,"master_deck":["RobotSpaceExplorer:Strike","RobotSpaceExplorer:Strike","RobotSpaceExplorer:Strike","RobotSpaceExplorer:Strike","RobotSpaceExplorer:Defend","RobotSpaceExplorer:Defend","RobotSpaceExplorer:Scan","RobotSpaceExplorer:MiniLasers","RobotSpaceExplorer:GearShield","QueenOfHatred","RobotSpaceExplorer:PowerCollector+1","TH:CursedSword","RobotSpaceExplorer:Explosion+1","GreedKing","TH:CursedSword","RobotSpaceExplorer:MiniDrones","RobotSpaceExplorer:DualCore+1","RobotSpaceExplorer:StunGrenade","HappyTeddy","TH:ElvenBoots","RobotSpaceExplorer:Multitool","VoidDream","RobotSpaceExplorer:DualCore","BodiesMountain","RobotSpaceExplorer:Pulsar"],"relics":["RobotSpaceExplorer:RoboCore","CogitoBucket","RabbitCall","RobotSpaceExplorer:BottledGravity","Bottled Flame","ResearcherNote","Question Card","Sozu","Turnip"],"acts_visited":["Exordium","TheCity"],"potions_floor_usage":[16,16,16],"damage_taken":[{"damage":0.0,"enemies":"2 Louse","floor":1.0,"turns":3.0},{"damage":0.0,"enemies":"Cultist","floor":3.0,"turns":4.0},{"damage":4.0,"enemies":"Jaw Worm","floor":5.0,"turns":4.0},{"damage":31.0,"enemies":"3 Sentries","floor":7.0,"turns":8.0},{"damage":10.0,"enemies":"3 Louse","floor":8.0,"turns":4.0},{"damage":26.0,"enemies":"Exordium Thugs","floor":10.0,"turns":4.0},{"damage":10.0,"enemies":"2 Fungi Beasts","floor":13.0,"turns":5.0},{"damage":2.0,"enemies":"3 Louse","floor":14.0,"turns":2.0},{"damage":6,"enemies":"Hexaghost","floor":16,"turns":9},{"damage":9,"enemies":"Spheric Guardian","floor":18,"turns":4},{"damage":40,"enemies":"3 Byrds","floor":20,"turns":1}],"seed_played":"-6029762405640771744","potions_obtained":[{"floor":1.0,"key":"Strength Potion"},{"floor":5.0,"key":"BlessingOfTheForge"},{"floor":10.0,"key":"Dexterity Potion"},{"floor":14.0,"key":"PowerPotion"}],"is_trial":false,"path_per_floor":["M","?","M","?","M","R","E","M","T","M","R","?","M","M","R","B",null,"M","$","M"],"character_chosen":"RobotSpaceExplorer","items_purchased":["Turnip","RobotSpaceExplorer:Pulsar"],"campfire_rested":0,"item_purchase_floors":[19,19],"current_hp_per_floor":[75,68,75,75,75,75,51,47,47,33,33,26,22,26,26,32,75,66,66,26,26],"gold":12,"neow_bonus":"","is_daily":false,"chose_seed":false,"campfire_upgraded":3,"win_rate":0.0,"timestamp":1608261824,"path_taken":["M","?","M","?","M","R","E","?","T","M","R","?","M","M","R","BOSS","M","$","M"],"items_purchased_type":["Relic","Card"],"build_version":"2020-12-13","purchased_purges":0,"victory":false,"max_hp_per_floor":[75,75,75,75,75,75,75,75,75,75,75,75,75,75,75,75,75,75,75,75,75],"card_choices":[{"not_picked":["RobotSpaceExplorer:Probe","RobotSpaceExplorer:SurgingStrike"],"picked":"RobotSpaceExplorer:GearShield","floor":1.0},{"not_picked":["VoidDream","BeautyBeast","Bloodbath"],"picked":"Singing Bowl","floor":1.0},{"not_picked":["SpiderBud","OSAHOGD"],"picked":"QueenOfHatred","floor":1.0},{"not_picked":["RobotSpaceExplorer:SurgingShield","RobotSpaceExplorer:ScrapShield"],"picked":"RobotSpaceExplorer:PowerCollector","floor":3.0},{"not_picked":["OldLady","Funeral","CherryBlossoms"],"picked":"Singing Bowl","floor":3.0},{"not_picked":["CherryBlossoms","WallGazer","OldLady"],"picked":"Singing Bowl","floor":5.0},{"not_picked":["RobotSpaceExplorer:ImprovisedAttack","RobotSpaceExplorer:Electropulse","RobotSpaceExplorer:StunGrenade"],"picked":"SKIP","floor":5.0},{"not_picked":["TH:TreasureMap"],"picked":"TH:CursedSword","floor":7.0},{"not_picked":["RobotSpaceExplorer:MetalStrike","RobotSpaceExplorer:SurgingStrike"],"picked":"RobotSpaceExplorer:Explosion","floor":7.0},{"not_picked":["MHz","QueenBee","OldLady"],"picked":"Singing Bowl","floor":7.0},{"not_picked":["Scorched","Murderer"],"picked":"GreedKing","floor":8.0},{"not_picked":["RobotSpaceExplorer:Ammunition","RobotSpaceExplorer:FreezingShield","RobotSpaceExplorer:SwiftStep"],"picked":"SKIP","floor":8.0},{"not_picked":["TH:ArmorSpikes"],"picked":"TH:CursedSword","floor":9.0},{"not_picked":["RobotSpaceExplorer:FrostMissile","RobotSpaceExplorer:JunkDive"],"picked":"RobotSpaceExplorer:MiniDrones","floor":10.0},{"not_picked":["PunishingBird","OldLady","FairyFestival"],"picked":"Singing Bowl","floor":10.0},{"not_picked":["RobotSpaceExplorer:MetalStrike","RobotSpaceExplorer:MakeshiftVolley","RobotSpaceExplorer:JunkDive"],"picked":"RobotSpaceExplorer:DualCore","floor":13.0},{"not_picked":["WallGazer","SingingMachine","BeautyBeast"],"picked":"Singing Bowl","floor":13.0},{"not_picked":["RobotSpaceExplorer:SwiftStep","RobotSpaceExplorer:ScrapToss","RobotSpaceExplorer:DoubleFind"],"picked":"RobotSpaceExplorer:StunGrenade","floor":14.0},{"not_picked":["FieryBird","NakedNest","FairyFestival"],"picked":"Singing Bowl","floor":14.0},{"not_picked":["Bloodbath","LongBird"],"picked":"HappyTeddy","floor":14.0},{"not_picked":["TH:TreasureMap","TH:CopperCoins"],"picked":"TH:ElvenBoots","floor":16},{"not_picked":["RobotSpaceExplorer:ShockMissile","RobotSpaceExplorer:ChargingLaser","RobotSpaceExplorer:TrailblazerForm"],"picked":"RobotSpaceExplorer:Multitool","floor":16},{"not_picked":["Funeral","DespairKnight"],"picked":"VoidDream","floor":16},{"not_picked":["RobotSpaceExplorer:Counterblock","RobotSpaceExplorer:DoubleBlock+1","RobotSpaceExplorer:ShockKick"],"picked":"RobotSpaceExplorer:DualCore","floor":18},{"not_picked":["BeautyBeast","Yin","SpiderBud"],"picked":"Singing Bowl","floor":18},{"not_picked":["WhitesApple","MeatLantern"],"picked":"BodiesMountain","floor":18}],"player_experience":1781625,"relics_obtained":[{"floor":7.0,"key":"RobotSpaceExplorer:BottledGravity"},{"floor":9.0,"key":"Bottled Flame"}],"event_choices":[{"cards_removed":["RobotSpaceExplorer:Defend"],"damage_healed":0.0,"max_hp_gain":0.0,"max_hp_loss":0.0,"gold_gain":0.0,"event_name":"Golden Wing","player_choice":"Card Removal","floor":2.0,"gold_loss":0.0,"damage_taken":7.0},{"cards_removed":["RobotSpaceExplorer:Defend"],"damage_healed":0.0,"max_hp_gain":0.0,"max_hp_loss":0.0,"gold_gain":0.0,"event_name":"Purifier","player_choice":"Purged","floor":4.0,"gold_loss":0.0,"damage_taken":0.0},{"damage_healed":0.0,"max_hp_gain":0.0,"max_hp_loss":0.0,"gold_gain":0.0,"event_name":"Scrap Ooze","player_choice":"Success","floor":12.0,"gold_loss":0.0,"damage_taken":7.0,"relics_obtained":["Question Card"]}],"is_beta":false,"boss_relics":[{"not_picked":["Tiny House","Philosopher\u0027s Stone"],"picked":"Sozu"}],"items_purged_floors":[],"is_endless":false,"potions_floor_spawned":[1,5,10,14],"killed_by":"3 Byrds","ascension_level":1}}