{"host":"1rf9pknejqhzkc4o","time":1608325485,"event":{"mods":["Aspiration","BaseMod","Better Altar","Better Match","Better Note","Better Sensory Stone","Better Skull","Better Third Choice","Colored Map","Colored Powertips","Communication Mod","Conspire","Energized Spire","Hubris","Infinite Spire","Ironclad Rager","Minty Spire (QoL Compilation)","Quick Restart","RNG Fix","Rare Cards Sparkle","Relic Stats","Replay The Spire","Retaliation","Spicy Shops","StSLib","The Blue Laboratory","Trackpad"],"gold_per_floor":[109,127,142,156,5,5,30,45,95,95,95,106,118,182,182,287,287,270,270,280,280,11,42,42,60,60,40,52,62,4,16,16,16,16],"floor_reached":33,"playtime":1458,"items_purged":["Parasite"],"score":271,"play_id":"8558987b-55b0-409e-b725-10a82d290ac7","local_time":"20201219000445","is_ascension_mode":false,"campfire_choices":[{"data":"Double Energy","floor":6.0,"key":"SMITH"},{"floor":10.0,"key":"REST"},{"floor":15.0,"key":"REST"},{"floor":24,"key":"REST"},{"floor":32,"key":"REST"}],"circlet_count":0,"master_deck":["Zap","Dualcast","ICR:ProbingStrike","ICR:ProbingStrike","ICR:ProbingStrike","ICR:ProbingStrike","ICR:AutoDefend","ICR:AutoDefend","ICR:AutoDefend","ICR:AutoDefend","Compile Driver","Ball Lightning","Double Energy+1","Turbo","White Noise","Go for the Eyes","Go for the Eyes","Streamline","FIFO Queue","Mirror Shield","Stack","infinitespire:Oblivion","infinitespire:Collect","Redo+1","Turbo","Loop","Turbo+1","hubris:Ukulele+1","Double Energy","Tempest","Tempest","Ball Lightning"],"relics":["Cracked Core","Vajra","Gremlin Horn","Turnip","Nloth\u0027s Gift","trackpad:AdjectivePendant","Medical Kit","aspiration:FetidBarrel","aspiration:FrozenJewel"],"acts_visited":["Exordium","TheCity"],"potions_floor_usage":[33,33,33],"damage_taken":[{"damage":0.0,"enemies":"Small Slimes","floor":1.0,"turns":4.0},{"damage":0.0,"enemies":"2 Louse","floor":2.0,"turns":3.0},{"damage":5.0,"enemies":"Jaw Worm","floor":3.0,"turns":3.0},{"damage":26.0,"enemies":"Exordium Wildlife","floor":4.0,"turns":6.0},{"damage":9.0,"enemies":"Gremlin Nob","floor":7.0,"turns":3.0},{"damage":6.0,"enemies":"Exordium Thugs","floor":8.0,"turns":3.0},{"damage":9.0,"enemies":"Large Slime","floor":12.0,"turns":4.0},{"damage":12.0,"enemies":"Lots of Slimes","floor":13.0,"turns":3.0},{"damage":29.0,"enemies":"Hexaghost","floor":16.0,"turns":8.0},{"damage":19.0,"enemies":"2 Thieves","floor":18.0,"turns":4.0},{"damage":0,"enemies":"Spheric Guardian","floor":20,"turns":1},{"damage":17,"enemies":"Nightmare","floor":23,"turns":8},{"damage":10,"enemies":"Chosen and Byrds","floor":25,"turns":5},{"damage":4,"enemies":"Centurion and Healer","floor":28,"turns":5},{"damage":15,"enemies":"Snake Plant","floor":29,"turns":2},{"damage":8,"enemies":"conspire:HollyBat","floor":31,"turns":8},{"damage":64,"enemies":"Collector","floor":33,"turns":10}],"seed_played":"-7187517981542972099","potions_obtained":[{"floor":1.0,"key":"BlessingOfTheForge"},{"floor":4.0,"key":"Elixir"},{"floor":7.0,"key":"Swift Potion"},{"floor":14.0,"key":"blueLaboratory:LouseDecoction"},{"floor":14.0,"key":"Toxic Potion"},{"floor":14.0,"key":"PowerPotion"},{"floor":18.0,"key":"SneckoOil"},{"floor":20,"key":"Fire Potion"},{"floor":23,"key":"blueLaboratory:PhilterOfMotion"},{"floor":27,"key":"Weak Potion"}],"is_trial":false,"path_per_floor":["M","M","M","M","$","R","E","M","T","R","?","M","M","?","R","B",null,"M","AVR","M","?","$","NM","R","M","T","?","M","M","$","M","R","B"],"character_chosen":"DEFECT","items_purchased":["Vajra","trackpad:AdjectivePendant","Medical Kit","Turbo","Tempest"],"campfire_rested":4,"item_purchase_floors":[5,22,22,22,30],"current_hp_per_floor":[75,75,70,44,44,44,35,29,29,51,69,60,48,48,70,41,75,56,56,56,56,56,39,60,50,50,50,46,31,31,23,44,0,0],"gold":16,"neow_bonus":"DEFECT_WARDEN","is_daily":false,"chose_seed":false,"campfire_upgraded":1,"win_rate":0.0,"timestamp":1608325485,"path_taken":["M","M","M","M","$","R","E","M","T","R","?","M","?","?","R","BOSS","M","AVR","M","?","$","NM","R","M","T","?","M","?","$","M","R","BOSS"],"items_purchased_type":["Relic","Relic","Relic","Card","Card"],"build_version":"2020-12-13","purchased_purges":1,"victory":false,"max_hp_per_floor":[75,75,75,75,75,75,75,75,75,75,75,75,75,75,75,75,75,75,72,72,72,72,72,72,72,72,72,72,72,72,72,72,72,72],"relic_stats":{"Gremlin Horn":[12,12],"counters":[17,79],"Turnip":[7],"Nloth\u0027s Gift":2,"Medical Kit":[3],"obtain_stats":[{"Gremlin Horn":7,"aspiration:FetidBarrel":23,"Vajra":5,"infinitespire:Satchel":9,"Turnip":19,"Nloth\u0027s Gift":21,"trackpad:AdjectivePendant":22,"Cracked Core":0,"Medical Kit":22,"aspiration:FrozenJewel":26},{"Gremlin Horn":5,"aspiration:FetidBarrel":12,"Vajra":4,"infinitespire:Satchel":6,"Turnip":10,"Nloth\u0027s Gift":11,"trackpad:AdjectivePendant":11,"Cracked Core":0,"Medical Kit":11,"aspiration:FrozenJewel":13},{"Gremlin Horn":19,"aspiration:FetidBarrel":49,"Vajra":16,"infinitespire:Satchel":22,"Turnip":40,"Nloth\u0027s Gift":41,"trackpad:AdjectivePendant":41,"Cracked Core":0,"Medical Kit":41,"aspiration:FrozenJewel":54}]},"card_choices":[{"not_picked":["ReplayTheSpireMod:Calculation Training","Sweeping Beam"],"picked":"Compile Driver","floor":1.0},{"not_picked":["Barrage","Rip and Tear"],"picked":"Ball Lightning","floor":2.0},{"not_picked":["Skim","Stack"],"picked":"Double Energy","floor":3.0},{"not_picked":["ReplayTheSpireMod:Reroute Power","Cold Snap"],"picked":"Turbo","floor":4.0},{"not_picked":["Gash","Leap"],"picked":"White Noise","floor":7.0},{"not_picked":["ReplayTheSpireMod:Repulse","Streamline"],"picked":"Go for the Eyes","floor":8.0},{"not_picked":["Consume","Auto Shields"],"picked":"Go for the Eyes","floor":12.0},{"not_picked":["Glacier","Coolheaded"],"picked":"Streamline","floor":13.0},{"not_picked":["Gash","Fission"],"picked":"FIFO Queue","floor":14.0},{"not_picked":["hubris:DoWhile","Thunder Strike"],"picked":"Mirror Shield","floor":16.0},{"not_picked":["Sweeping Beam","conspire:SharedLibrary+1"],"picked":"Stack","floor":18.0},{"not_picked":["ReplayTheSpireMod:Calculation Training","Capacitor"],"picked":"Redo+1","floor":20},{"not_picked":["ReplayTheSpireMod:Repulse+1","Rebound"],"picked":"Loop","floor":23},{"not_picked":["Doom and Gloom","Redo"],"picked":"Turbo+1","floor":25},{"not_picked":["Ball Lightning","Sweeping Beam+1"],"picked":"hubris:Ukulele+1","floor":28},{"not_picked":["ReplayRNGCard","Steam"],"picked":"Double Energy","floor":29},{"not_picked":["Genetic Algorithm","Conserve Battery+1"],"picked":"Ball Lightning","floor":31}],"player_experience":148044,"relics_obtained":[{"floor":7.0,"key":"Gremlin Horn"},{"floor":9.0,"key":"infinitespire:Satchel"},{"floor":23,"key":"aspiration:FetidBarrel"},{"floor":26,"key":"aspiration:FrozenJewel"}],"event_choices":[{"damage_healed":18.0,"max_hp_gain":0.0,"max_hp_loss":0.0,"gold_gain":0.0,"event_name":"Mushrooms","player_choice":"Healed and dodged fight","floor":11.0,"gold_loss":0.0,"damage_taken":0.0,"cards_obtained":["Parasite"]},{"damage_healed":0,"gold_gain":0,"player_choice":"Traded Relic","damage_taken":0,"relics_obtained":["Nloth\u0027s Gift"],"max_hp_gain":0,"max_hp_loss":0,"event_name":"N\u0027loth","floor":21,"relics_lost":["infinitespire:Satchel"],"gold_loss":0},{"damage_healed":0,"gold_gain":0,"player_choice":"Bought 1 Potion","damage_taken":0,"max_hp_gain":0,"max_hp_loss":0,"event_name":"The Woman in Blue","floor":27,"gold_loss":0}],"is_beta":false,"boss_relics":[{"not_picked":["conspire:SeveredTorchhead","aspiration:RunicSpoon","Coffee Dripper"]}],"items_purged_floors":[19],"is_endless":true,"potions_floor_spawned":[1,4,7,18,20,23,31],"killed_by":"Collector","ascension_level":0}}