{"host":"3srbdas3e7jgqz5l","time":1608312934,"event":{"mods":["BaseMod","Downfall","Minty Spire (QoL Compilation)","StSLib"],"gold_per_floor":[369,385,272,292,292,330,330,346,346,346,346,366,366,407,407,527,527,546,570,570,583,350,350,388,388,440,461,479,41,81,96,96,219,219,239,239,259,259,121,156,156,200,225,269,21,52,52,68,68,68,68,68,19,57,57],"floor_reached":56,"playtime":2491,"items_purged":["Strike_B","Guardian:Aged"],"score":1707,"play_id":"d90e8e94-fe21-4f88-b95f-95b0ef417f6f","local_time":"20201218173534","is_ascension_mode":true,"campfire_choices":[{"data":"Zap","floor":7,"key":"SMITH"},{"data":"Self Repair","floor":11,"key":"SMITH"},{"data":"White Noise","floor":13,"key":"SMITH"},{"data":"Conserve Battery","floor":15,"key":"SMITH"},{"data":"Defragment","floor":23,"key":"SMITH"},{"data":"Coolheaded","floor":25,"key":"SMITH"},{"data":"Reboot","floor":32,"key":"SMITH"},{"data":"Defragment","floor":41,"key":"SMITH"},{"floor":49,"key":"RECALL"},{"data":"Biased Cognition","floor":52,"key":"SMITH"}],"circlet_count":0,"master_deck":["Defend_B","Defend_B","Defend_B","Zap+1","Dualcast","FTL","Ball Lightning","Electrodynamics","Self Repair+1","Conserve Battery+1","White Noise+1","Leap","Reboot+1","Static Discharge+1","Capacitor+1","Go for the Eyes+1","Coolheaded","Force Field","Coolheaded+1","Defragment+1","Skim+1","Reinforced Body","Storm","Echo Form","Heatsinks","Defragment+1","Double Energy","Force Field+1","Capacitor+1","Biased Cognition+1","Turbo+1","Hologram"],"relics":["Cracked Core","Golden Idol","Bird Faced Urn","Pear","Eternal Feather","Astrolabe","Vajra","Orichalcum","Lizard Tail","Bag of Marbles","ClockworkSouvenir","Incense Burner","Cables","Cursed Key","DataDisk","Bottled Tornado","Kunai","OrangePellets","Symbiotic Virus","Strawberry"],"acts_visited":["Exordium","TheCity","TheBeyond","TheEnding"],"potions_floor_usage":[16,50,54,55,55],"damage_taken":[{"damage":7,"enemies":"Jaw Worm","floor":1,"turns":3},{"damage":0,"enemies":"2 Louse","floor":2,"turns":2},{"damage":0,"enemies":"Cultist","floor":4,"turns":3},{"damage":25,"enemies":"Lagavulin","floor":6,"turns":6},{"damage":12,"enemies":"Looter","floor":8,"turns":3},{"damage":10,"enemies":"Lots of Slimes","floor":12,"turns":2},{"damage":3,"enemies":"3 Sentries","floor":14,"turns":5},{"damage":0,"enemies":"Slime Boss","floor":16,"turns":6},{"damage":7,"enemies":"Shell Parasite","floor":18,"turns":4},{"damage":24,"enemies":"2 Thieves","floor":19,"turns":3},{"damage":16,"enemies":"Sentry and Sphere","floor":21,"turns":3},{"damage":17,"enemies":"Book of Stabbing","floor":24,"turns":5},{"damage":16,"enemies":"Snake Plant","floor":27,"turns":4},{"damage":0,"enemies":"Centurion and Healer","floor":28,"turns":7},{"damage":49,"enemies":"Slavers","floor":30,"turns":3},{"damage":0,"enemies":"Snecko","floor":31,"turns":3},{"damage":36,"enemies":"Champ","floor":33,"turns":8},{"damage":50,"enemies":"3 Darklings","floor":35,"turns":4},{"damage":5,"enemies":"3 Shapes","floor":37,"turns":3},{"damage":25,"enemies":"Nemesis","floor":40,"turns":3},{"damage":11,"enemies":"Giant Head","floor":42,"turns":8},{"damage":12,"enemies":"Reptomancer","floor":44,"turns":4},{"damage":0,"enemies":"Giant Head","floor":46,"turns":7},{"damage":12,"enemies":"Spire Growth","floor":48,"turns":3},{"damage":18,"enemies":"Time Eater","floor":50,"turns":7},{"damage":14,"enemies":"Shield and Spear","floor":54,"turns":4},{"damage":23,"enemies":"The Heart","floor":55,"turns":6}],"seed_played":"-7758719685840701028","potions_obtained":[{"floor":1,"key":"LiquidMemories"},{"floor":12,"key":"Strength Potion"},{"floor":16,"key":"SteroidPotion"},{"floor":21,"key":"LiquidMemories"},{"floor":40,"key":"Swift Potion"}],"is_trial":false,"path_per_floor":["M","M","$","M","?","E","R","M","T","?","R","M","R","E","R","B",null,"M","M","?","M","$","R","E","R","T","M","M","$","E","M","R","B",null,"M","?","M","$","$","E","R","E","T","E","$","E","?","M","R","B",null,"R","$","E","B",null],"character_chosen":"DEFECT","items_purchased":["Doom and Gloom","Defragment","Orichalcum","ClockworkSouvenir","Incense Burner","Defragment","Double Energy","OrangePellets","Block Potion"],"campfire_rested":0,"item_purchase_floors":[3,22,22,29,29,39,39,45,53],"current_hp_per_floor":[61,61,61,61,61,36,36,35,45,45,45,49,49,62,71,73,73,73,57,57,61,61,73,73,73,73,69,73,73,28,48,63,51,68,58,73,73,73,73,64,73,73,73,73,73,73,73,73,73,73,73,73,73,80,80],"gold":57,"neow_bonus":"TWO_FIFTY_GOLD","is_daily":false,"chose_seed":false,"campfire_upgraded":9,"win_rate":0.0,"timestamp":1608312934,"path_taken":["M","M","$","M","?","E","R","M","T","?","R","?","R","E","R","BOSS","M","M","?","M","$","R","E","R","T","M","M","$","E","M","R","BOSS","M","?","M","?","$","E","R","E","T","E","$","E","?","?","R","BOSS","R","$","E","BOSS"],"items_purchased_type":["Card","Card","Relic","Relic","Relic","Card","Card","Relic","Potion"],"build_version":"2020-12-13","purchased_purges":2,"victory":true,"max_hp_per_floor":[68,68,68,68,63,63,63,63,73,73,73,73,73,73,73,73,73,73,73,73,73,73,73,73,73,73,73,73,73,73,73,73,73,73,73,73,73,73,73,73,73,73,73,73,73,73,73,73,73,73,73,73,73,80,80],"card_choices":[{"not_picked":["Force Field","Stack"],"picked":"FTL","floor":1},{"not_picked":["Conserve Battery","Coolheaded"],"picked":"Ball Lightning","floor":2},{"not_picked":["Sweeping Beam","Cold Snap"],"picked":"Electrodynamics","floor":4},{"not_picked":["Hologram","Redo"],"picked":"Self Repair","floor":6},{"not_picked":["Hologram","Turbo"],"picked":"Conserve Battery","floor":8},{"not_picked":["Beam Cell","Redo"],"picked":"White Noise","floor":12},{"not_picked":["Recycle","Stack"],"picked":"Leap","floor":14},{"not_picked":["All For One","Amplify"],"picked":"Reboot","floor":16},{"not_picked":["Barrage","Cold Snap"],"picked":"Coolheaded","floor":18},{"not_picked":["Chaos","Beam Cell"],"picked":"Force Field","floor":19},{"not_picked":["Stack","Beam Cell+1"],"picked":"Coolheaded","floor":21},{"not_picked":["Fission","Barrage"],"picked":"Skim+1","floor":24},{"not_picked":["Melter","Stack"],"picked":"Reinforced Body","floor":27},{"not_picked":["Fusion","Redo","Conserve Battery"],"picked":"SKIP","floor":28},{"not_picked":["Beam Cell","Conserve Battery"],"picked":"Storm","floor":30},{"not_picked":["Hello World","Steam","Gash"],"picked":"SKIP","floor":31},{"not_picked":["Seek","Electrodynamics"],"picked":"Echo Form","floor":33},{"not_picked":["Leap+1","Barrage","Ball Lightning"],"picked":"SKIP","floor":35},{"not_picked":["Auto Shields+1","Cold Snap+1"],"picked":"Heatsinks","floor":37},{"not_picked":["Double Energy","Conserve Battery+1"],"picked":"Force Field+1","floor":40},{"not_picked":["Go for the Eyes","Rip and Tear+1","Capacitor+1"],"picked":"SKIP","floor":42},{"not_picked":["Go for the Eyes","Rip and Tear+1"],"picked":"Capacitor+1","floor":42},{"not_picked":["Stack+1","Steam"],"picked":"Biased Cognition","floor":44},{"not_picked":["Coolheaded","Conserve Battery"],"picked":"Turbo+1","floor":46},{"not_picked":["Hyperbeam","Chaos","Gash+1"],"picked":"SKIP","floor":48},{"not_picked":["Self Repair+1","Gash"],"picked":"Hologram","floor":54}],"player_experience":437847,"relics_obtained":[{"floor":6,"key":"Bird Faced Urn"},{"floor":9,"key":"Pear"},{"floor":14,"key":"Eternal Feather"},{"floor":24,"key":"Lizard Tail"},{"floor":26,"key":"Bag of Marbles"},{"floor":30,"key":"Cables"},{"floor":40,"key":"DataDisk"},{"floor":42,"key":"Bottled Tornado"},{"floor":44,"key":"Kunai"},{"floor":46,"key":"Symbiotic Virus"},{"floor":54,"key":"Strawberry"}],"event_choices":[{"damage_healed":0,"gold_gain":0,"player_choice":"Lose Max HP","damage_taken":0,"relics_obtained":["Golden Idol"],"max_hp_gain":0,"max_hp_loss":5,"event_name":"Golden Idol","floor":5,"gold_loss":0},{"damage_healed":0,"gold_gain":0,"player_choice":"Grow","damage_taken":0,"max_hp_gain":0,"max_hp_loss":0,"event_name":"Living Wall","floor":10,"gold_loss":0,"cards_upgraded":["Doom and Gloom"]},{"damage_healed":0,"gold_gain":0,"player_choice":"Opened","damage_taken":0,"relics_obtained":["Vajra"],"max_hp_gain":0,"max_hp_loss":0,"event_name":"The Mausoleum","floor":20,"gold_loss":0},{"cards_removed":["Doom and Gloom"],"damage_healed":15,"gold_gain":0,"player_choice":"Offered Uncommon","damage_taken":0,"max_hp_gain":0,"max_hp_loss":0,"event_name":"Bonfire Elementals","floor":36,"gold_loss":0},{"cards_removed":["Defend_B"],"damage_healed":0,"gold_gain":0,"player_choice":"Purged","damage_taken":0,"max_hp_gain":0,"max_hp_loss":0,"event_name":"Purifier","floor":47,"gold_loss":0}],"is_beta":false,"boss_relics":[{"not_picked":["Snecko Eye","SacredBark"],"picked":"Astrolabe"},{"not_picked":["FrozenCore","Calling Bell"],"picked":"Cursed Key"}],"items_purged_floors":[3,45],"is_endless":false,"potions_floor_spawned":[1,12,16,21,24,27,31,37,40,44,46],"ascension_level":6}}