{"host":"1bqbj1s4pyvm9utn","time":1608263924,"event":{"mods":["AchievementEnabler","Aspiration","Bard","BaseMod","Beaked The Cultist","Better Altar","Better Match","Better Note","Better Sensory Stone","Better Skull","Better Third Choice","BetterRewards","CCEM","Clawfect","Colored Map","Conspire","Downfall","GifTheSpireLib","Halation","Hermit","Highlight Path","Hubris","Humility","Infinite Spire","Jedi Mod","Jorbs\u0027s Wanderer Trilogy","Mad Scientist","Marisa????????","Mimic Mod","Minty Spire (QoL Compilation)","Permanent Neow","Replay The Spire","Shade Mod","Shop Mod","Spicy Shops","StSLib","Stuff the Spire","The Bug Knight","The Construct","The Cursed","The Disciple","The Gatherer","The Hierophant","The Jungle","The Mystic","The Necromancer","The Runesmith","The Servant 0.9.4","The Spell Scribe","The Witch","Unceasing Turn Reminder","everything is the same but u backflip on backflip","slay the spire mod where everything is the same but ironclad has a cowboy hat","vexMod"],"gold_per_floor":[119,119,119,119,119,119,129,129,156,169,169,202,218,232,232,333,333,350,350,366,385,65,65,65,99,152,162,172,172,172],"floor_reached":29,"playtime":2628,"items_purged":[],"score":295,"play_id":"7c5c5b06-e0ff-42a7-ab8a-bd6ce45accb2","local_time":"20201217195844","is_ascension_mode":false,"campfire_choices":[{"data":"Runesmith:Permafrost","floor":6,"key":"SMITH"},{"data":"Runesmith:PoweredAnvil","floor":11,"key":"SMITH"},{"floor":15,"key":"REST"},{"floor":23,"key":"REST"}],"circlet_count":0,"master_deck":["Runesmith:Strike_RS","Runesmith:Strike_RS","Runesmith:Strike_RS","Runesmith:Strike_RS","Runesmith:Defend_RS","Runesmith:Defend_RS","Runesmith:Defend_RS","Runesmith:Defend_RS","Runesmith:CraftFirestone+1","Runesmith:Fortify","Runesmith:Permafrost+1","expansioncontent:DarkVoid+1","Runesmith:RunicBlueprint","Runesmith:PoweredAnvil+1","Runesmith:BackupBattery","Runesmith:Terraform","Runesmith:LithiumIon","Runesmith:ArcReactor","Runesmith:RuneHurl","Runesmith:CraftMagma","Runesmith:RuneHurl","Runesmith:Firestorm","expansioncontent:ManipulateTime","Runesmith:HammerThrow","Runesmith:HeatExchange","Runesmith:Firestorm+1"],"relics":["Runesmith:BrokenRuby","hubris:Icosahedron","halation:PinkSoulGem","halation:PromiseList","vexMod:InvisibilityCloak","vexMod:CursedCompass","GremlinMask","Dream Catcher","jedi:kaleidoscope"],"acts_visited":["Exordium","TheCity"],"potions_floor_usage":[12,12,12,21,28],"damage_taken":[{"damage":7,"enemies":"2 Louse","floor":1,"turns":3},{"damage":0,"enemies":"Cultist","floor":7,"turns":3},{"damage":0,"enemies":"Small Slimes","floor":10,"turns":1},{"damage":20,"enemies":"Gremlin Nob","floor":12,"turns":4},{"damage":12,"enemies":"2 Fungi Beasts","floor":13,"turns":3},{"damage":1,"enemies":"Blue Slaver","floor":14,"turns":4},{"damage":0,"enemies":"Slime Boss","floor":16,"turns":16},{"damage":7,"enemies":"Shell Parasite","floor":18,"turns":5},{"damage":0,"enemies":"3 Byrds","floor":20,"turns":3},{"damage":23,"enemies":"Centurion and Healer","floor":21,"turns":7},{"damage":5,"enemies":"Nightmare","floor":25,"turns":10},{"damage":16,"enemies":"Snecko","floor":27,"turns":5},{"damage":13,"enemies":"Sentry and Sphere","floor":28,"turns":4},{"damage":16,"enemies":"Centurion and Healer","floor":29,"turns":1}],"seed_played":"8522980824300037675","potions_obtained":[{"floor":1,"key":"Fire Potion"},{"floor":8,"key":"Languid Potion"},{"floor":8,"key":"Energy Potion"},{"floor":12,"key":"Block Potion"},{"floor":27,"key":"SkillPotion"}],"is_trial":false,"path_per_floor":["M","?","?","?","?","R","M","?","T","M","R","E","M","M","R","B",null,"M","?","M","M","$","R","?","NM","T","M","M","M"],"character_chosen":"RUNESMITH_CLASS","items_purchased":["Runesmith:Firestorm","expansioncontent:ManipulateTime"],"campfire_rested":2,"item_purchase_floors":[22,22],"current_hp_per_floor":[56,56,56,56,56,56,56,56,56,56,56,36,24,23,48,48,84,77,77,77,54,54,79,48,43,43,27,14,0,0],"gold":172,"neow_bonus":"TWENTY_PERCENT_HP_BONUS","is_daily":false,"chose_seed":false,"campfire_upgraded":2,"win_rate":0.0,"timestamp":1608263924,"path_taken":["M","?","?","?","?","R","?","?","T","M","R","E","?","M","R","BOSS","M","?","M","M","?","R","?","NM","T","M","M","M"],"items_purchased_type":["Card","Card"],"build_version":"2020-12-13","purchased_purges":0,"victory":false,"max_hp_per_floor":[84,84,84,84,84,84,84,84,84,84,84,84,84,84,84,84,84,84,84,84,84,84,84,84,84,84,84,84,84,84],"card_choices":[{"not_picked":["Runesmith:MakeshiftArmor","Runesmith:HammerThrow"],"picked":"Runesmith:Permafrost","floor":1},{"not_picked":["expansioncontent:Hexaburn+1","Purity+1"],"picked":"expansioncontent:DarkVoid+1","floor":3},{"not_picked":["Runesmith:ChargedHammer","Runesmith:HammerAndChisel"],"picked":"Runesmith:RunicBlueprint","floor":7},{"not_picked":["Runesmith:HeatExchange","Runesmith:Grindstone"],"picked":"Runesmith:PoweredAnvil","floor":10},{"not_picked":["Runesmith:FrozenChisel","Runesmith:Superposition"],"picked":"Runesmith:BackupBattery","floor":12},{"not_picked":["Runesmith:Duplicate","Runesmith:Repurpose"],"picked":"Runesmith:Terraform","floor":13},{"not_picked":["Runesmith:Electrocute","Runesmith:BackupBattery"],"picked":"Runesmith:LithiumIon","floor":14},{"not_picked":["Runesmith:DuctTape","Runesmith:Duplicate"],"picked":"Runesmith:ArcReactor","floor":16},{"not_picked":["Runesmith:HammerThrow","Runesmith:Grindstone+1"],"picked":"Runesmith:RuneHurl","floor":18},{"not_picked":["aspiration:UnbridledHammer+1","Runesmith:Repurpose"],"picked":"Runesmith:CraftMagma","floor":20},{"not_picked":["Runesmith:Permafrost+1","Runesmith:Overpower"],"picked":"Runesmith:RuneHurl","floor":21},{"not_picked":["Runesmith:RunicBlueprint","Runesmith:BackupBattery+1"],"picked":"Runesmith:HammerThrow","floor":25},{"not_picked":["Runesmith:BackupBattery","Runesmith:FieryHammer"],"picked":"Runesmith:HeatExchange","floor":27},{"not_picked":["Runesmith:FrozenChisel","Runesmith:PerfectChisel"],"picked":"Runesmith:Firestorm+1","floor":28}],"player_experience":823362,"relics_obtained":[{"floor":9,"key":"halation:PromiseList"},{"floor":12,"key":"vexMod:InvisibilityCloak"},{"floor":25,"key":"jedi:kaleidoscope"}],"event_choices":[{"damage_healed":0,"gold_gain":0,"player_choice":"2","damage_taken":0,"max_hp_gain":0,"max_hp_loss":0,"event_name":"betterMatch:BetterMatch","floor":3,"gold_loss":0,"cards_obtained":["betterMatch:ColorlessUncommonCard"]},{"damage_healed":0,"gold_gain":0,"player_choice":"Disagree","damage_taken":0,"max_hp_gain":0,"max_hp_loss":0,"event_name":"conspire:LoneGhost","floor":5,"gold_loss":0},{"damage_healed":0,"gold_gain":0,"player_choice":"Got Potions","damage_taken":0,"max_hp_gain":0,"max_hp_loss":0,"event_name":"Lab","floor":8,"gold_loss":0},{"damage_healed":0,"gold_gain":0,"player_choice":"Trade","damage_taken":0,"relics_obtained":["GremlinMask"],"max_hp_gain":0,"max_hp_loss":0,"event_name":"FaceTrader","floor":19,"gold_loss":0},{"damage_healed":0,"gold_gain":0,"player_choice":"RE UP ","damage_taken":35,"relics_obtained":["Dream Catcher"],"max_hp_gain":0,"max_hp_loss":0,"event_name":"betterSkull:BetterSkull","floor":24,"gold_loss":0,"cards_upgraded":["Runesmith:CraftFirestone"]}],"is_beta":false,"boss_relics":[{"not_picked":["StuffTheSpire:Kangaroo","ReplayTheSpireMod:DimensionalGlitch"],"picked":"vexMod:CursedCompass"}],"items_purged_floors":[],"is_endless":true,"potions_floor_spawned":[1,12,27],"killed_by":"Centurion and Healer","ascension_level":0}}