{"host":"2gg06yzptsyvmpvy","time":1608333962,"event":{"mods":["2.2 Compatiblity","AchievementEnabler","Act Like it!","Aspiration","BaseMod","Beaked The Cultist","Best Route Mod","Bestiary","Better Note","Better Synergies","Challenge The Spire","ChefMod","Colored Map","Colored Powertips","Colorless Booster Pack","Conjunction","Curses Come First","Downfall","Energized Spire","Friendly Minions","GifTheSpireLib","Glutton Mod","GungeonMod","Halation","Hermit","Highlight Path","Hubris","Jedi Mod","JesterMod","Jorbs\u0027s Wanderer Trilogy","Minty Spire (QoL Compilation)","Pale of the Ancients","Permanent Neow","Quick Restart","Random Character Button","Relic Stats","Replay The Spire","Retaliation","Reworked Bosses","SCP261 Mod","Shade Mod","Small Relic Pack","Spicy Shops","Spikes Relics","StSLib","Stuff the Spire","SuperFastMode","Swap Starting Deck Mod","The Clintock","The Construct","The Factory","The Hayseed","The Hierophant","The Judge","The Jungle","The Problem Sleuth","The Runesmith","The Servant 0.9.4","Trackpad","Treasure Hunter","Useless Jewels Mod","thorton","vexMod"],"gold_per_floor":[141,141,161,161,178,209,228,228,296,329,329,364,377,410,410,512,512,531,806,826,842,861,861,893,894,894],"floor_reached":25,"playtime":1672,"items_purged":[],"score":291,"play_id":"d90511df-03fc-4bb2-875b-5cd8aa6fb06c","local_time":"20201218162602","is_ascension_mode":true,"campfire_choices":[{"data":"TH:CursedSword","floor":8,"key":"SMITH"},{"data":"TH:ElvenBoots","floor":15,"key":"SMITH"},{"data":"beaked:CrazyRituals","floor":23,"key":"SMITH"}],"circlet_count":0,"master_deck":["beaked:Strike_Y","beaked:Strike_Y+1","beaked:Strike_Y","beaked:Strike_Y","beaked:Strike_Y","beaked:Strike_Y","beaked:Defend_Y","beaked:Defend_Y+1","beaked:Defend_Y","beaked:Defend_Y","beaked:Ceremony","beaked:Ceremony","beaked:Ceremony","Flying Knee","beaked:Evade","beaked:VigorBurst","TH:CursedSword+1","JustLucky","beaked:RitualOfBody","TH:DeckOfManyThings","TH:ElvenBoots+1","beaked:KnowThyFoe+1","TH:Mimic","JustLucky","beaked:CrazyRituals+1","TH:ElvenBoots","ReplayTheSpireMod:Prepare the Ceremony","TH:CopperCoins","beaked:DarkPact","beaked:FeelMyPain+1","Regret","beaked:StickSmack+1","beaked:Hexing","TH:CopperCoins","beaked:WarriorSpirit"],"relics":["beaked:MendingPlumage","aspiration:Nostalgia","Replay:M_StaffOfTheSnake","Lizard Tail","Pantograph","hubris:MysteriousPyramids","WizardHat","aspiration:Lifesprig","thethorton:BottledFunds","Anchor"],"acts_visited":["Exordium","Exordium"],"potions_floor_usage":[6,10,12,14,16,25],"damage_taken":[{"damage":5.0,"enemies":"Small Slimes","floor":1.0,"turns":5.0},{"damage":10.0,"enemies":"Cultist","floor":3.0,"turns":4.0},{"damage":4.0,"enemies":"Jaw Worm","floor":5.0,"turns":4.0},{"damage":23,"enemies":"Lagavulin","floor":6,"turns":6},{"damage":8,"enemies":"2 Fungi Beasts","floor":7,"turns":4},{"damage":26,"enemies":"Gremlin Nob","floor":10,"turns":5},{"damage":31,"enemies":"3 Sentries","floor":12,"turns":6},{"damage":18,"enemies":"Exordium Thugs","floor":13,"turns":5},{"damage":22,"enemies":"Lagavulin","floor":14,"turns":7},{"damage":47,"enemies":"The Guardian","floor":16,"turns":8},{"damage":30,"enemies":"theJungle:GiantWrat","floor":18,"turns":6},{"damage":34,"enemies":"Shell Parasite","floor":20,"turns":4},{"damage":48,"enemies":"theJungle:Lyon","floor":21,"turns":5},{"damage":35,"enemies":"theJungle:2_Flameangoes","floor":22,"turns":5},{"damage":42,"enemies":"theJungle:MamaSnecko","floor":24,"turns":9},{"damage":60,"enemies":"theJungle:2_Snecko_Cultists","floor":25,"turns":4}],"seed_played":"-6716395058544590207","potions_obtained":[{"floor":4.0,"key":"jedi:StrikingPotion"},{"floor":4.0,"key":"DuplicationPotion"},{"floor":4.0,"key":"Weak Potion"},{"floor":7,"key":"SCP261:SweetSwarmPotion"},{"floor":10,"key":"SkillPotion"},{"floor":12,"key":"LiquidMemories"},{"floor":14,"key":"CultistPotion"},{"floor":22,"key":"SpeedPotion"},{"floor":24,"key":"Energy Potion"}],"is_trial":false,"path_per_floor":["M","?","M","?","M","E","M","R","T","E","?","E","M","E","R","B",null,"M","?","M","M","M","R","E","M"],"character_chosen":"BEAKED_THE_CULTIST","items_purchased":[],"campfire_rested":0,"item_purchase_floors":[],"current_hp_per_floor":[50,40,39,39,53,38,47,47,47,35,35,30,35,38,38,40,55,45,45,32,9,25,25,38,0,0],"gold":894,"neow_bonus":"NOSTALGIA","is_daily":false,"chose_seed":false,"campfire_upgraded":3,"win_rate":0.0,"timestamp":1608333962,"path_taken":["M","?","M","?","?","E","M","R","T","E","?","E","M","E","R","BOSS","M","?","?","?","M","R","E","M"],"items_purchased_type":[],"build_version":"2020-12-13","purchased_purges":0,"victory":false,"max_hp_per_floor":[50,50,50,50,55,55,55,55,55,55,55,55,55,55,55,55,55,55,55,55,55,55,55,55,55,55],"relic_stats":{"Lizard Tail":27,"counters":[16,87],"Pantograph":17,"obtain_stats":[{"WizardHat":12,"Lizard Tail":6,"aspiration:Lifesprig":14,"Anchor":24,"Replay:M_StaffOfTheSnake":0,"aspiration:Nostalgia":0,"thethorton:BottledFunds":17,"Pantograph":9,"DemoMod:GlassGuonStoneRelic":3,"beaked:MendingPlumage":0,"hubris:MysteriousPyramids":10},{"WizardHat":7,"Lizard Tail":4,"aspiration:Lifesprig":9,"Anchor":15,"Replay:M_StaffOfTheSnake":0,"aspiration:Nostalgia":0,"thethorton:BottledFunds":10,"Pantograph":5,"DemoMod:GlassGuonStoneRelic":2,"beaked:MendingPlumage":0,"hubris:MysteriousPyramids":6},{"WizardHat":34,"Lizard Tail":19,"aspiration:Lifesprig":46,"Anchor":83,"Replay:M_StaffOfTheSnake":0,"aspiration:Nostalgia":0,"thethorton:BottledFunds":54,"Pantograph":23,"DemoMod:GlassGuonStoneRelic":9,"beaked:MendingPlumage":0,"hubris:MysteriousPyramids":28}]},"card_choices":[{"not_picked":["beaked:Cower","InnerPeace"],"picked":"Flying Knee","floor":1.0},{"not_picked":["beaked:Resilience","beaked:BarbedWire"],"picked":"beaked:Evade","floor":3.0},{"not_picked":["Tools of the Trade","beaked:Insight"],"picked":"beaked:VigorBurst","floor":5.0},{"not_picked":["TH:DeckOfManyThings"],"picked":"TH:CursedSword","floor":6},{"not_picked":["beaked:Evade","beaked:TuckingFeathers"],"picked":"JustLucky","floor":6},{"not_picked":["ThirdEye","beaked:HuntressEssence"],"picked":"beaked:RitualOfBody","floor":7},{"not_picked":["TH:Mimic"],"picked":"TH:DeckOfManyThings","floor":9},{"not_picked":["TH:ArmorSpikes"],"picked":"TH:ElvenBoots","floor":10},{"not_picked":["beaked:Hexing","beaked:MaddeningMurmurs"],"picked":"beaked:KnowThyFoe","floor":10},{"not_picked":["TH:PixieDust"],"picked":"TH:Mimic","floor":12},{"not_picked":["beaked:DigDeep","beaked:TuckingFeathers"],"picked":"JustLucky","floor":12},{"not_picked":["JustLucky","SashWhip"],"picked":"beaked:CrazyRituals","floor":13},{"not_picked":["TH:BikiniMail"],"picked":"TH:ElvenBoots","floor":14},{"not_picked":["beaked:WarriorEssence","Nirvana"],"picked":"ReplayTheSpireMod:Prepare the Ceremony","floor":14},{"not_picked":["TH:DeckOfManyThings"],"picked":"TH:CopperCoins","floor":16},{"not_picked":["beaked:DarkTribute","beaked:ShadowFade"],"picked":"beaked:DarkPact","floor":16},{"not_picked":["beaked:Daydream","beaked:SurvivalInstinct"],"picked":"beaked:FeelMyPain+1","floor":18},{"not_picked":["beaked:Daydream+1","beaked:Brace"],"picked":"beaked:StickSmack+1","floor":20},{"not_picked":["beaked:CursingBlood","beaked:BarbedWire"],"picked":"beaked:Hexing","floor":21},{"not_picked":["beaked:Recite","beaked:Overpower","beaked:MimicWarrior+1"],"picked":"SKIP","floor":22},{"not_picked":["TH:EnergyPotion"],"picked":"TH:CopperCoins","floor":24},{"not_picked":["beaked:MimicHuntress+1","beaked:Overexert"],"picked":"beaked:WarriorSpirit","floor":24}],"player_experience":1165535,"relics_obtained":[{"floor":6,"key":"Lizard Tail"},{"floor":9,"key":"Pantograph"},{"floor":10,"key":"hubris:MysteriousPyramids"},{"floor":12,"key":"WizardHat"},{"floor":14,"key":"aspiration:Lifesprig"},{"floor":24,"key":"Anchor"}],"event_choices":[{"damage_healed":0.0,"max_hp_gain":0.0,"max_hp_loss":0.0,"gold_gain":0.0,"event_name":"Shining Light","player_choice":"Entered Light","floor":2.0,"gold_loss":0.0,"damage_taken":10.0,"cards_upgraded":["beaked:Defend_Y","beaked:Strike_Y"]},{"damage_healed":0.0,"max_hp_gain":0.0,"max_hp_loss":0.0,"gold_gain":0.0,"event_name":"Lab","player_choice":"Got Potions","floor":4.0,"gold_loss":0.0,"damage_taken":0.0},{"damage_healed":0,"gold_gain":0,"player_choice":"Grow","damage_taken":0,"max_hp_gain":0,"max_hp_loss":0,"event_name":"Living Wall","floor":11,"gold_loss":0,"cards_upgraded":["beaked:KnowThyFoe"]},{"damage_healed":0,"gold_gain":275,"player_choice":"Desecrate","damage_taken":0,"max_hp_gain":0,"max_hp_loss":0,"event_name":"Golden Shrine","floor":19,"gold_loss":0,"cards_obtained":["Regret"]}],"is_beta":false,"boss_relics":[{"not_picked":["Replay:Cursed D8","halation:PlatinumPhoenix"],"picked":"thethorton:BottledFunds"}],"items_purged_floors":[],"is_endless":false,"potions_floor_spawned":[7,10,12,14,22,24],"killed_by":"theJungle:2_Snecko_Cultists","ascension_level":1}}