{"host":"ssahdsoo349p0ms1","time":1608327021,"event":{"mods":["AchievementEnabler","BaseMod","Colored Powertips","Downfall","Minty Spire (QoL Compilation)","StSLib"],"gold_per_floor":[99,116,149,149,176,176,476,486,169,169,186,200,200,213,223,320,320,320,337,348,348,364,382,405,440,440,475,221,421,521,629,643,740,740,740,773,784,784,784],"floor_reached":38,"playtime":3597,"items_purged":["hexamod:Defend","hexamod:Strike","hexamod:Haunted"],"score":552,"play_id":"25941839-500a-45e8-9664-9486369f8b12","local_time":"20201218153021","is_ascension_mode":true,"campfire_choices":[{"data":"hexamod:Sear","floor":1.0,"key":"SMITH"},{"data":"hexamod:RetreatToShadows","floor":6.0,"key":"SMITH"},{"data":"hexamod:GhostOfSpirePast","floor":10.0,"key":"SMITH"},{"data":"hexamod:SearingWound","floor":18.0,"key":"SMITH"},{"data":"hexamod:Float","floor":26.0,"key":"SMITH"},{"data":"hexamod:EmpoweringStance","floor":35.0,"key":"SMITH"}],"circlet_count":0,"master_deck":["hexamod:Strike","hexamod:Strike","hexamod:Strike","hexamod:Defend","hexamod:Defend","hexamod:Defend+1","hexamod:Sear+1","hexamod:Float+1","hexamod:HauntingEcho","hexamod:ThirdSeal","hexamod:VolcanoVisage","hexamod:RetreatToShadows+1","hexamod:GhostflameBarrier","hexamod:Rewind+1","hexamod:GhostOfSpirePast+1","hexamod:CatchUp+1","hexamod:Hexaguard","hexamod:BacktrackSmack","hexamod:RainOfEmbers","hexamod:Rewind","hexamod:SearingWound+1","hexamod:FastForward+1","hexamod:TimeWarp+1","hexamod:StepThrough+1","hexamod:SixthSeal","hexamod:FourthSeal","hexamod:FastForward","expansioncontent:QuickStudy","hexamod:Hexaguard","hexamod:RetreatToShadows","hexamod:EmpoweringStance+1","hexamod:WildfireWeapon"],"relics":["hexamod:SpiritBrand","Torii","hexamod:InflammatoryLetter","Strawberry","Old Coin","Anchor","Runic Pyramid","Nloth\u0027s Gift","Oddly Smooth Stone","Smiling Mask","Orichalcum","Potion Belt","ClockworkSouvenir","Black Star","InkBottle","Omamori"],"acts_visited":["Exordium","TheCity","TheBeyond"],"potions_floor_usage":[],"damage_taken":[{"damage":1.0,"enemies":"2 Louse","floor":2.0,"turns":4.0},{"damage":0.0,"enemies":"Gremlin Nob","floor":3.0,"turns":3.0},{"damage":10.0,"enemies":"3 Sentries","floor":5.0,"turns":8.0},{"damage":1.0,"enemies":"Jaw Worm","floor":8.0,"turns":3.0},{"damage":0.0,"enemies":"downfall:FleeingMerchant","floor":9.0,"turns":4.0},{"damage":0.0,"enemies":"Cultist","floor":11.0,"turns":4.0},{"damage":0.0,"enemies":"Exordium Wildlife","floor":12.0,"turns":3.0},{"damage":3.0,"enemies":"Red Slaver","floor":14.0,"turns":3.0},{"damage":0.0,"enemies":"Large Slime","floor":15.0,"turns":4.0},{"damage":1.0,"enemies":"downfall:Silent","floor":16.0,"turns":6.0},{"damage":3.0,"enemies":"3 Byrds","floor":19.0,"turns":3.0},{"damage":3.0,"enemies":"Shelled Parasite and Fungi","floor":20.0,"turns":3.0},{"damage":3.0,"enemies":"Cultist and Chosen","floor":22.0,"turns":5.0},{"damage":7.0,"enemies":"3 Cultists","floor":23.0,"turns":5.0},{"damage":4.0,"enemies":"Book of Stabbing","floor":25.0,"turns":4.0},{"damage":34.0,"enemies":"Gremlin Leader","floor":27.0,"turns":6.0},{"damage":1.0,"enemies":"downfall:FleeingMerchant","floor":28.0,"turns":4.0},{"damage":0.0,"enemies":"downfall:LadyInBlue","floor":30.0,"turns":6.0},{"damage":0.0,"enemies":"downfall:FleeingMerchant","floor":31.0,"turns":4.0},{"damage":0.0,"enemies":"Shelled Parasite and Fungi","floor":32.0,"turns":6.0},{"damage":3.0,"enemies":"downfall:Defect","floor":33.0,"turns":7.0},{"damage":64.0,"enemies":"Reptomancer","floor":36.0,"turns":5.0},{"damage":9.0,"enemies":"3 Darklings","floor":37.0,"turns":5.0}],"seed_played":"-3481343509175566257","potions_obtained":[{"floor":2.0,"key":"FearPotion"},{"floor":5.0,"key":"SpeedPotion"},{"floor":8.0,"key":"Swift Potion"},{"floor":15.0,"key":"Weak Potion"},{"floor":16.0,"key":"BlessingOfTheForge"},{"floor":27.0,"key":"Regen Potion"},{"floor":30.0,"key":"FearPotion"},{"floor":30.0,"key":"DuplicationPotion"},{"floor":30.0,"key":"GamblersBrew"},{"floor":30.0,"key":"hexamod:DoubleChargePotion"},{"floor":31.0,"key":"hexamod:InfernoChargePotion"},{"floor":32.0,"key":"hexamod:EctoCoolerPotion"},{"floor":33.0,"key":"sneckomod:MuddlingPotion"},{"floor":37.0,"key":"Energy Potion"}],"is_trial":false,"path_per_floor":["R","M","E","?","E","R","T","M","$","R","M","M","?","M","M","B",null,"R","M","M","?","M","M","T","E","R","E","$","?","?","$","M","B",null,"R","E","M","M"],"character_chosen":"THE_SPIRIT","items_purchased":["hexamod:GhostOfSpirePast","Anchor","expansioncontent:QuickStudy","ClockworkSouvenir","hexamod:Hexaguard"],"campfire_rested":0,"item_purchase_floors":[9,9,28,31,31],"current_hp_per_floor":[49,48,48,41,38,38,38,37,37,37,37,37,37,34,34,33,77,77,74,71,71,68,61,61,57,57,23,22,22,37,37,37,34,77,77,13,4,0,0],"gold":784,"neow_bonus":"ONE_RARE_RELIC","is_daily":false,"chose_seed":false,"campfire_upgraded":6,"win_rate":0.0,"timestamp":1608327021,"path_taken":["R","M","E","?","E","R","T","M","$","R","M","M","?","M","M","BOSS","R","M","M","?","?","M","T","E","R","E","$","?","?","$","M","BOSS","R","E","M","M"],"items_purchased_type":["Card","Relic","Card","Relic","Card"],"build_version":"2020-12-13","purchased_purges":3,"victory":false,"max_hp_per_floor":[70,70,70,70,77,77,77,77,77,77,77,77,77,77,77,77,77,77,77,77,77,77,77,77,77,77,77,77,77,77,77,77,77,77,77,77,77,77,77],"card_choices":[{"not_picked":["hexamod:GhostOfSpirePresent","hexamod:ShieldOfDarkness"],"picked":"hexamod:HauntingEcho","floor":2.0},{"not_picked":["hexamod:NightmareStrike","hexamod:GhostflameBarrier"],"picked":"hexamod:ThirdSeal","floor":3.0},{"not_picked":["hexamod:NightmareStrike","hexamod:BurningTouch"],"picked":"hexamod:VolcanoVisage","floor":5.0},{"not_picked":["hexamod:Again","hexamod:AdvancingGuard"],"picked":"hexamod:RetreatToShadows","floor":5.0},{"not_picked":["hexamod:BurningTouch","hexamod:GhostLash","hexamod:NightmareStrike"],"picked":"SKIP","floor":8.0},{"not_picked":["hexamod:HeatMetal","hexamod:SuperheatedStrike"],"picked":"hexamod:GhostflameBarrier","floor":9.0},{"not_picked":["hexamod:ThermalTransfer","hexamod:VolcanoVisage"],"picked":"hexamod:Rewind","floor":9.0},{"not_picked":["hexamod:GhostOfSpirePresent","hexamod:BacktrackSmack"],"picked":"hexamod:CatchUp","floor":11.0},{"not_picked":["hexamod:SpectralSpark","hexamod:RecurringNightmare","hexamod:SecondSeal"],"picked":"SKIP","floor":11.0},{"not_picked":["hexamod:ThermalTransfer","hexamod:NecessarySacrifice"],"picked":"hexamod:Hexaguard","floor":12.0},{"not_picked":["hexamod:BurningTouch","hexamod:HeatMetal"],"picked":"hexamod:BacktrackSmack","floor":12.0},{"not_picked":["hexamod:ShieldOfDarkness","hexamod:NightmareStrike"],"picked":"hexamod:RainOfEmbers","floor":14.0},{"not_picked":["hexamod:NightmareGuise","hexamod:HeatMetal","hexamod:GhostLash"],"picked":"SKIP","floor":14.0},{"not_picked":["hexamod:DynamicBlow","hexamod:BurningTouch"],"picked":"hexamod:Rewind","floor":15.0},{"not_picked":["hexamod:ThermalTransfer","hexamod:Firestarter","hexamod:SuperheatedStrike"],"picked":"SKIP","floor":15.0},{"not_picked":["hexamod:WildfireWeapon","hexamod:TimeOfNeed"],"picked":"hexamod:SearingWound","floor":16.0},{"not_picked":["hexamod:GhostLash+1","hexamod:BacktrackSmack"],"picked":"hexamod:FastForward+1","floor":19.0},{"not_picked":["hexamod:HauntingEcho","hexamod:RainOfEmbers","hexamod:NightmareGuise"],"picked":"SKIP","floor":20.0},{"not_picked":["hexamod:ShieldOfDarkness","hexamod:Incineration+1","hexamod:GhostShield"],"picked":"SKIP","floor":20.0},{"not_picked":["hexamod:FastForward+1","hexamod:SpectralAdrenaline"],"picked":"hexamod:TimeWarp","floor":22.0},{"not_picked":["hexamod:SpectersWail","hexamod:AdvancingGuard","hexamod:Hexaguard"],"picked":"SKIP","floor":22.0},{"not_picked":["hexamod:SpectralSpark+1","hexamod:GhostShield+1"],"picked":"hexamod:StepThrough+1","floor":23.0},{"not_picked":["hexamod:ShieldOfDarkness","hexamod:FifthSeal","hexamod:RainOfEmbers"],"picked":"SKIP","floor":23.0},{"not_picked":["hexamod:HeatMetal","hexamod:HauntingEcho"],"picked":"hexamod:SixthSeal","floor":25.0},{"not_picked":["hexamod:InspiringFlames","hexamod:TimeOfNeed"],"picked":"hexamod:FourthSeal","floor":25.0},{"not_picked":["hexamod:GhostflameInferno","hexamod:Firestarter"],"picked":"hexamod:FastForward","floor":27.0},{"not_picked":["hexamod:ThirdSeal","hexamod:RainOfEmbers","hexamod:HauntingEcho"],"picked":"SKIP","floor":27.0},{"not_picked":["hexamod:ShieldOfDarkness+1","hexamod:CrushingStance","hexamod:BacktrackSmack"],"picked":"SKIP","floor":28.0},{"not_picked":["hexamod:BurningTouch","hexamod:GhostLash+1","hexamod:HeatCrush"],"picked":"SKIP","floor":31.0},{"not_picked":["hexamod:InspiringFlames+1","hexamod:NightmareStrike+1"],"picked":"hexamod:RetreatToShadows","floor":32.0},{"not_picked":["hexamod:GhostShield","hexamod:RainOfEmbers+1","hexamod:ShieldOfDarkness"],"picked":"SKIP","floor":32.0},{"not_picked":["hexamod:TimeOfNeed","hexamod:TurnItUp"],"picked":"hexamod:EmpoweringStance","floor":33.0},{"not_picked":["hexamod:TimeOfNeed","hexamod:GhostflameInferno"],"picked":"hexamod:WildfireWeapon","floor":33.0},{"not_picked":["hexamod:GhostShield+1","hexamod:BurningTouch","hexamod:VolcanoVisage"],"picked":"SKIP","floor":36.0},{"not_picked":["hexamod:Hexaguard","hexamod:NightmareStrike+1","hexamod:InspiringFlames"],"picked":"SKIP","floor":37.0}],"player_experience":594437,"relics_obtained":[{"floor":3.0,"key":"hexamod:InflammatoryLetter"},{"floor":5.0,"key":"Strawberry"},{"floor":7.0,"key":"Old Coin"},{"floor":24.0,"key":"Oddly Smooth Stone"},{"floor":25.0,"key":"Smiling Mask"},{"floor":27.0,"key":"Orichalcum"},{"floor":30.0,"key":"Potion Belt"},{"floor":36.0,"key":"InkBottle"},{"floor":36.0,"key":"Omamori"}],"event_choices":[{"damage_healed":0.0,"max_hp_gain":0.0,"max_hp_loss":0.0,"gold_gain":0.0,"event_name":"Scrap Ooze","player_choice":"Success","floor":4.0,"gold_loss":0.0,"damage_taken":7.0,"relics_obtained":["Juzu Bracelet"]}],"is_beta":false,"boss_relics":[{"not_picked":["SacredBark","Fusion Hammer"],"picked":"Runic Pyramid"},{"not_picked":["Calling Bell","Snecko Eye"],"picked":"Black Star"}],"items_purged_floors":[9,28,31],"is_endless":false,"potions_floor_spawned":[2,5,8,15,16,20,32,33,37],"killed_by":"3 Shapes","ascension_level":2}}