{"host":"sst22apzgpn07t8v","time":1608291300,"event":{"mods":["Act Like it!","BaseMod","Downfall","Hallownest","HololiveMod","Lobotomy","LobotomyExtend","Minty Spire (QoL Compilation)","Replay The Spire","Shop Mod","StSLib"],"gold_per_floor":[100,135,135,135,146,146,173,173,173,173,187,187,187,201,216,315,315,315,315,328,358,358,374,397,322,337,337,354,365,615,715,731,629,629,629,582,598,598,610,641,641,641,272,272,272,220,270,281,296,296],"floor_reached":51,"playtime":4936,"items_purged":["Funeral","Writhe"],"score":1945,"play_id":"c755399c-1b42-4400-8fd5-7bf4742c4c46","local_time":"20201218193500","is_ascension_mode":false,"campfire_choices":[],"circlet_count":0,"master_deck":["Woodsman","LongBird","SpecialBullet","SpecialBullet","SpecialBullet","SpecialBullet","SpecialBullet","SpecialBullet","SpecialBullet","SecurityCode","RecordCode","ExtractionCode","DespairKnight","GrinderMk4","Diffraction","ShyLook","WristCuter+1","SomewhereSpear+1","Scorched","Lamp+11","Wingbeat+1","BlueStar","Adoration+1","SingingMachine","DaCapo+1","RedShoes","Freischutz","Twilight+1","InformationCode","InTheNameOfLoveAndHate+1","BlackArmy","WristCuter+1","Tough+1","Hornet+1","SolemnVow+1","Hornet+1","Noise+1","VoidDream","WristCuter+1","Reverberation+1","Diffraction+1","HereticApostle","Hornet+1","OldLady","WristCuter+1","WhiteNight","MagicBullet+1","Gaze+1","CENSORED_ego+1","CENSORED_ego+1","CentralCode","SomewhereSpear+1","QueenOfHatred","GrinderMk4+1","LaLuna","Logging+1","Hornet+1","Justitia+1","Heaven+1","Justitia+1","FourthMatchFlame+1","SomewhereSpear+1","InTheNameOfLoveAndHate+1","Heaven+1","DisciplinaryCode","Adoration+1","RapturousDream+1","Tough+1","BigBird","Justitia+1","WristCuter+1","Reverberation+1","WristCuter+1","CENSORED","Heaven+1"],"relics":["CogitoBucket","downfall:HeartsMalice","Smiling Mask","LetterFromLob","Centennial Puzzle","Justitia_r","ShedSkin_r","Philosopher\u0027s Stone","TreeSap","ReplayTheSpireMod:TigerMarble","downfall:HeartBlessingBlue","Logging_r","SolemnVow_r","Bird Faced Urn","Mirror","Black Star","LuminousBracelet","AtMidnight","Ring of Searing","Gremlin Horn","Replay:Bottled Snecko","Molten Egg 2","Replay:Mystery Machine","ReplayFunnel","downfall:TeleportStone","ReplayTheSpireMod:CursedCoin","Mango"],"acts_visited":["Exordium","TheCity","TheBeyond"],"potions_floor_usage":[16,16,51,51],"damage_taken":[{"damage":0,"enemies":"Lagavulin","floor":2,"turns":1},{"damage":0,"enemies":"Cultist","floor":3,"turns":1},{"damage":0,"enemies":"2 Louse","floor":4,"turns":1},{"damage":18,"enemies":"Jaw Worm","floor":5,"turns":3},{"damage":34,"enemies":"Lots of Slimes","floor":11,"turns":6},{"damage":12,"enemies":"2 Fungi Beasts","floor":14,"turns":2},{"damage":15,"enemies":"Exordium Thugs","floor":15,"turns":3},{"damage":33,"enemies":"downfall:Silent","floor":16,"turns":5},{"damage":5,"enemies":"3 Byrds","floor":20,"turns":2},{"damage":4,"enemies":"Slavers","floor":21,"turns":1},{"damage":10,"enemies":"Chosen","floor":23,"turns":2},{"damage":24,"enemies":"Sentry and Sphere","floor":26,"turns":5},{"damage":28,"enemies":"Snake Plant","floor":28,"turns":2},{"damage":15,"enemies":"Snecko","floor":29,"turns":4},{"damage":4,"enemies":"downfall:FleeingMerchant","floor":30,"turns":4},{"damage":3,"enemies":"downfall:Defect","floor":31,"turns":2},{"damage":40,"enemies":"Centurion and Healer","floor":32,"turns":1},{"damage":0,"enemies":"downfall:Watcher","floor":33,"turns":3},{"damage":90,"enemies":"Orb Walker","floor":36,"turns":19},{"damage":34,"enemies":"3 Darklings","floor":37,"turns":4},{"damage":15,"enemies":"Maw","floor":39,"turns":3},{"damage":5,"enemies":"Giant Head","floor":40,"turns":2},{"damage":15,"enemies":"Mind Bloom Boss Battle","floor":47,"turns":4},{"damage":0,"enemies":"Jaw Worm Horde","floor":48,"turns":1},{"damage":15,"enemies":"3 Darklings","floor":49,"turns":2},{"damage":16,"enemies":"downfall:Ironclad","floor":50,"turns":4},{"damage":71,"enemies":"Malkuth","floor":51,"turns":6},{"damage":61,"enemies":"Netzach","floor":51,"turns":5},{"damage":167,"enemies":"Tiphereth","floor":51,"turns":8},{"damage":111,"enemies":"Hokma","floor":51,"turns":10},{"damage":90,"enemies":"Angela","floor":51,"turns":8}],"seed_played":"-5539267558319860915","potions_obtained":[{"floor":11,"key":"Swift Potion"},{"floor":15,"key":"Adrenaline Potion"},{"floor":16,"key":"Weak Potion"},{"floor":33,"key":"SteroidPotion"},{"floor":37,"key":"BlessingOfTheForge"}],"is_trial":false,"path_per_floor":["R","E","M","M","M","?","T","R","?","R","M","$","?","M","M","B",null,"R","?","M","E","R","M","T","R","M","R","M","M","$","?","M","B",null,"R","M","M","?","M","E","T","?","$","R","?","$","?","M","M","B",null],"character_chosen":"Angela","items_purchased":["Heaven+1","Replay:Mystery Machine","ReplayFunnel","ReplayTheSpireMod:CursedCoin","Adoration+1"],"campfire_rested":0,"item_purchase_floors":[43,43,43,46,46],"current_hp_per_floor":[70,70,70,70,64,70,70,70,70,70,48,25,25,31,34,25,67,67,67,67,67,67,67,67,77,71,71,69,77,77,77,67,77,77,77,77,82,82,92,92,92,92,92,92,92,92,89,106,106,97],"gold":217,"neow_bonus":"THREE_ENEMY_KILL","is_daily":false,"chose_seed":false,"campfire_upgraded":0,"win_rate":0.0,"timestamp":1608291300,"path_taken":["R","E","M","M","?","?","T","R","?","R","?","$","?","?","M","BOSS","R","?","?","E","R","M","T","R","M","R","M","M","?","?","M","BOSS","R","M","?","?","M","E","T","?","$","R","?","?","?","M","M","BOSS"],"items_purchased_type":["Card","Relic","Relic","Relic","Card"],"build_version":"2020-12-13","purchased_purges":2,"victory":true,"max_hp_per_floor":[70,70,70,70,70,70,70,70,70,70,70,70,67,67,67,67,67,67,67,67,67,67,67,67,77,77,77,77,77,77,77,77,77,77,77,92,92,92,92,92,92,92,92,92,92,92,106,106,106,106],"card_choices":[{"not_picked":["Wellcheers","WallGazer"],"picked":"DespairKnight","floor":2},{"not_picked":["SoundOfStar","SwordSharpenedByTears"],"picked":"SKIP","floor":2},{"not_picked":["FairyFestival","SnowQueen"],"picked":"LongBird","floor":3},{"not_picked":["Horn","BloodyDesire"],"picked":"SKIP","floor":3},{"not_picked":["Christmas"],"picked":"GrinderMk4","floor":4},{"not_picked":["BearPaw","Spore"],"picked":"Diffraction","floor":5},{"not_picked":["GalaxyChild","Murderer"],"picked":"ShyLook","floor":5},{"not_picked":["Wingbeat","Diffraction"],"picked":"WristCuter","floor":5},{"not_picked":["Bloodbath","PunishingBird","OSAHOGD"],"picked":"Singing Bowl","floor":11},{"not_picked":["SolemnVow+1","Regret_ego+1"],"picked":"SomewhereSpear+1","floor":11},{"not_picked":["LittleHelper","BeautyBeast","MeatLantern"],"picked":"Singing Bowl","floor":14},{"not_picked":["UniverseFragment","Scarecrow"],"picked":"Scorched","floor":14},{"not_picked":["TodaysExpression+1","Loneliness+1"],"picked":"Lamp+1","floor":14},{"not_picked":["Tough+1","RedEyes+1","SwordSharpenedByTears+1"],"picked":"SKIP","floor":14},{"not_picked":["CrumblingArmor","Funeral"],"picked":"Woodsman","floor":15},{"not_picked":["SwordSharpenedByTears+1","InTheNameOfLoveAndHate+1"],"picked":"Wingbeat+1","floor":15},{"not_picked":["SpiderBud","WhitesApple"],"picked":"BlueStar","floor":16},{"not_picked":["Pinks+1","Justitia+1"],"picked":"Adoration+1","floor":16},{"not_picked":["SilentOrchestra","OSAHOGD"],"picked":"SingingMachine","floor":20},{"not_picked":["RapturousDream+1","CherryBlossom+1"],"picked":"DaCapo+1","floor":20},{"not_picked":["NakedNest","QueenBee"],"picked":"RedShoes","floor":21},{"not_picked":["Wingbeat+1","Discord+1","RedEyes+1"],"picked":"SKIP","floor":21},{"not_picked":["BlackSwan","Rudolta"],"picked":"Freischutz","floor":23},{"not_picked":["FourthMatchFlame+1","Beak+1"],"picked":"Twilight+1","floor":23},{"not_picked":["TodaysExpression+1","Wingbeat+1","Lantern+1"],"picked":"SKIP","floor":23},{"not_picked":["Amita+1","FrostShard+1"],"picked":"InTheNameOfLoveAndHate+1","floor":26},{"not_picked":["WhitesApple","WallGazer"],"picked":"BlackArmy","floor":26},{"not_picked":["CUTE+1","TodaysExpression+1"],"picked":"WristCuter+1","floor":26},{"not_picked":["FourthMatchFlame+1","Amita+1"],"picked":"Tough+1","floor":26},{"not_picked":["BlackSwan_ego+1","Horn+1"],"picked":"Hornet+1","floor":28},{"not_picked":["Noise+1","TheSmile+1"],"picked":"SolemnVow+1","floor":28},{"not_picked":["Wellcheers","WallGazer"],"picked":"Funeral","floor":28},{"not_picked":["SomewhereSpear+1","RapturousDream+1"],"picked":"Hornet+1","floor":28},{"not_picked":["BloodyDesire+1","Reverberation+1"],"picked":"Noise+1","floor":28},{"not_picked":["Rudolta","SnowQueen","HeroicMonk"],"picked":"Singing Bowl","floor":29},{"not_picked":["PunishingBird","SnowQueen"],"picked":"VoidDream","floor":29},{"not_picked":["RedEyes+1","Lantern+1"],"picked":"WristCuter+1","floor":29},{"not_picked":["CUTE+1","Harvest+1"],"picked":"Reverberation+1","floor":29},{"not_picked":["Loneliness+1","Mimicry+1"],"picked":"Diffraction+1","floor":30},{"not_picked":["HeroicMonk","SpiderBud"],"picked":"Mercenary","floor":30},{"not_picked":["Soda+1","CherryBlossom+1"],"picked":"Hornet+1","floor":30},{"not_picked":["ScreamingWedge+1","TheSmile+1","Regret_ego+1"],"picked":"SKIP","floor":30},{"not_picked":["UniverseFragment","FairyFestival"],"picked":"OldLady","floor":31},{"not_picked":["Harmony+1","Hypocrisy+1"],"picked":"WristCuter+1","floor":31},{"not_picked":["Wellcheers","Alriune"],"picked":"WhiteNight","floor":32},{"not_picked":["TodaysExpression+1","CherryBlossom+1"],"picked":"MagicBullet+1","floor":32},{"not_picked":["Pleasure+1","Hypocrisy+1"],"picked":"Gaze+1","floor":32},{"not_picked":["Beak+1","Pleasure+1","CUTE+1"],"picked":"SKIP","floor":32},{"not_picked":["SpiderBud","Wellcheers","QueenBee"],"picked":"Singing Bowl","floor":33},{"not_picked":["SoundOfStar+1","Pinks+1"],"picked":"CENSORED_ego+1","floor":33},{"not_picked":["Pinks+1","TheSmile+1"],"picked":"CENSORED_ego+1","floor":33},{"not_picked":["Amita+1","Hypocrisy+1"],"picked":"SomewhereSpear+1","floor":36},{"not_picked":["Funeral","GreedKing","DreamingCurrent"],"picked":"Singing Bowl","floor":36},{"not_picked":["WhitesApple","LittleHelper"],"picked":"QueenOfHatred","floor":36},{"not_picked":["Soda+1","CrimsonScar+1"],"picked":"GrinderMk4+1","floor":36},{"not_picked":["Soda+1","CherryBlossom+1","Lantern+1"],"picked":"SKIP","floor":36},{"not_picked":["LittlePrince","UniverseFragment"],"picked":"LaLuna","floor":37},{"not_picked":["SoundOfStar+1","Regret_ego+1"],"picked":"Logging+1","floor":37},{"not_picked":["Christmas+1","Soda+1"],"picked":"Hornet+1","floor":37},{"not_picked":["DreamingCurrent","Yin","GalaxyChild"],"picked":"Singing Bowl","floor":39},{"not_picked":["CUTE+1","FourthMatchFlame+1"],"picked":"Justitia+1","floor":39},{"not_picked":["BloodyDesire+1","BlueScar+1"],"picked":"Heaven+1","floor":39},{"not_picked":["CrimsonScar+1","Horn+1"],"picked":"Justitia+1","floor":40},{"not_picked":["Horn+1","Regret_ego+1"],"picked":"FourthMatchFlame+1","floor":40},{"not_picked":["LittlePrince","NakedNest","Alriune"],"picked":"Singing Bowl","floor":40},{"not_picked":["Beak+1","Mimicry+1"],"picked":"SomewhereSpear+1","floor":40},{"not_picked":["RapturousDream+1","Loneliness+1"],"picked":"InTheNameOfLoveAndHate+1","floor":40},{"not_picked":["BloodyDesire+1","MagicBullet+1"],"picked":"RapturousDream+1","floor":47},{"not_picked":["RedEyes+1","CherryBlossom+1"],"picked":"Tough+1","floor":47},{"not_picked":["Variant","MHz"],"picked":"BigBird","floor":47},{"not_picked":["Noise+1","Wingbeat+1"],"picked":"Justitia+1","floor":47},{"not_picked":["Reverberation+1","BlueScar+1"],"picked":"WristCuter+1","floor":47},{"not_picked":["Variant","LittleHelper","HeroicMonk"],"picked":"Singing Bowl","floor":48},{"not_picked":["MagicBullet+1","Lantern+1"],"picked":"Reverberation+1","floor":48},{"not_picked":["Soda+1","RapturousDream+1"],"picked":"WristCuter+1","floor":48},{"not_picked":["GreedKing","DreamingCurrent","SpiderBud"],"picked":"Singing Bowl","floor":49},{"not_picked":["Alriune","Laetitia"],"picked":"CENSORED","floor":49},{"not_picked":["Tough+1","BloodyDesire+1"],"picked":"Heaven+1","floor":49},{"not_picked":["Pleasure+1","Horn+1","Christmas+1"],"picked":"SKIP","floor":49}],"player_experience":166151,"relics_obtained":[{"floor":2,"key":"Smiling Mask"},{"floor":2,"key":"LetterFromLob"},{"floor":7,"key":"Centennial Puzzle"},{"floor":21,"key":"ReplayTheSpireMod:TigerMarble"},{"floor":31,"key":"Bird Faced Urn"},{"floor":31,"key":"Mirror"},{"floor":36,"key":"AtMidnight"},{"floor":38,"key":"Ring of Searing"},{"floor":40,"key":"Gremlin Horn"},{"floor":40,"key":"Replay:Bottled Snecko"},{"floor":41,"key":"Molten Egg 2"},{"floor":47,"key":"Mango"}],"event_choices":[{"damage_healed":0,"gold_gain":0,"player_choice":"Upgraded","damage_taken":0,"max_hp_gain":0,"max_hp_loss":0,"event_name":"Upgrade Shrine","floor":9,"gold_loss":0,"cards_upgraded":["WristCuter"]},{"cards_removed":["Parasite"],"damage_healed":0,"gold_gain":0,"player_choice":"Purged","damage_taken":0,"max_hp_gain":0,"max_hp_loss":0,"event_name":"Purifier","floor":13,"gold_loss":0},{"damage_healed":0,"gold_gain":0,"player_choice":"Forge","damage_taken":0,"max_hp_gain":0,"max_hp_loss":0,"event_name":"Accursed Blacksmith","floor":19,"gold_loss":0,"cards_upgraded":["Lamp"]},{"cards_removed":["SpecialBullet"],"damage_healed":0,"gold_gain":0,"player_choice":"Removed Attack","damage_taken":0,"max_hp_gain":0,"max_hp_loss":0,"event_name":"Falling","floor":42,"gold_loss":0}],"is_beta":false,"boss_relics":[{"not_picked":["Runic Dome","Empty Cage"],"picked":"Philosopher\u0027s Stone"},{"not_picked":["Astrolabe","Velvet Choker"],"picked":"Black Star"}],"items_purged_floors":[30,46],"is_endless":false,"potions_floor_spawned":[11,15,16,33,37],"ascension_level":0}}