{"host":"0fmi5fguj5lvt8pf","time":1608329220,"event":{"mods":["BaseMod","BetterRewards","Colored Map","Downfall","Minty Spire (QoL Compilation)","Permanent Neow","StSLib"],"gold_per_floor":[99,199,229,242,253,94,94,79,64,64,81,81,95,95,107,207,207,207,307,323,339,27,46,70,70,93,111,129,129,129],"floor_reached":29,"playtime":1804,"items_purged":[],"score":215,"play_id":"049a4e63-2aa6-4133-b3c1-392bfd90e7ad","local_time":"20201218140700","is_ascension_mode":false,"campfire_choices":[{"data":"champ:Taunt","floor":1.0,"key":"SMITH"},{"data":"champ:Balance","floor":10,"key":"SMITH"},{"floor":18,"key":"RECALL"}],"circlet_count":0,"master_deck":["champ:Strike","champ:Strike","champ:Defend","champ:Defend","champ:Execute","champ:Taunt+1","champ:MurderStrike","champ:SkillfulDodge","champ:EnGarde","champ:Balance+1","champ:ShieldThrow","champ:StanceDance","champ:SteelEdge","champ:FalseCounter","champ:FocusedDefense+1"],"relics":["champ:ChampionCrown","Tiny Chest","Oddly Smooth Stone","Empty Cage","White Beast Statue","champ:Barbells","PreservedInsect","Bag of Preparation","Orichalcum"],"acts_visited":["Exordium","TheCity"],"potions_floor_usage":[16,20,22,22,27,28,28,29],"damage_taken":[{"damage":12,"enemies":"Jaw Worm","floor":4,"turns":5},{"damage":5,"enemies":"2 Louse","floor":5,"turns":4},{"damage":10,"enemies":"downfall:FleeingMerchant","floor":6,"turns":4},{"damage":10,"enemies":"downfall:FleeingMerchant","floor":8,"turns":4},{"damage":20,"enemies":"downfall:FleeingMerchant","floor":9,"turns":4},{"damage":0,"enemies":"Small Slimes","floor":11,"turns":3},{"damage":3,"enemies":"Blue Slaver","floor":13,"turns":2},{"damage":6,"enemies":"Exordium Thugs","floor":15,"turns":6},{"damage":8,"enemies":"downfall:Watcher","floor":16,"turns":5},{"damage":20,"enemies":"downfall:LadyInBlue","floor":19,"turns":9},{"damage":10,"enemies":"Spheric Guardian","floor":20,"turns":4},{"damage":5,"enemies":"Chosen","floor":21,"turns":4},{"damage":21,"enemies":"downfall:FleeingMerchant","floor":22,"turns":4},{"damage":25,"enemies":"Snake Plant","floor":23,"turns":5},{"damage":1,"enemies":"Cultist and Chosen","floor":27,"turns":4},{"damage":2,"enemies":"Snecko","floor":28,"turns":5},{"damage":13,"enemies":"downfall:FleeingMerchant","floor":29,"turns":2}],"seed_played":"6048887186951558399","potions_obtained":[{"floor":5,"key":"Fire Potion"},{"floor":11,"key":"champ:CounterPotion"},{"floor":19,"key":"LiquidBronze"},{"floor":19,"key":"Ancient Potion"},{"floor":20,"key":"SkillPotion"},{"floor":22,"key":"GamblersBrew"},{"floor":23,"key":"Fire Potion"},{"floor":25,"key":"CultistPotion"},{"floor":27,"key":"LiquidMemories"},{"floor":28,"key":"Slimebound:ThreeZeroPotion"}],"is_trial":false,"path_per_floor":["R","?","?","M","M","$","T","$","$","R","M","?","M","T","M","B",null,"R","?","M","M","$","M","T","?","T","M","M","$"],"character_chosen":"THE_CHAMP","items_purchased":["Tiny Chest","champ:Barbells","PreservedInsect"],"campfire_rested":0,"item_purchase_floors":[6,22,22],"current_hp_per_floor":[63,63,63,61,61,61,61,61,46,46,46,46,43,43,37,29,90,90,70,60,55,39,14,14,14,14,13,11,0,0],"gold":129,"neow_bonus":"TRANSFORM_TWO_CARDS","is_daily":false,"chose_seed":false,"campfire_upgraded":2,"win_rate":0.0,"timestamp":1608329220,"path_taken":["R","?","?","M","M","$","T","?","$","R","?","?","M","?","M","BOSS","R","?","M","M","?","M","T","?","?","?","M","$"],"items_purchased_type":["Relic","Relic","Relic"],"build_version":"2020-12-13","purchased_purges":0,"victory":false,"max_hp_per_floor":[90,90,90,90,90,90,90,90,90,90,90,90,90,90,90,90,90,90,90,90,90,90,90,90,90,90,90,90,90,90],"card_choices":[{"not_picked":["champ:GladiatorsShout","champ:AdrenalArmor","champ:CrookedStrike"],"picked":"SKIP","floor":4},{"not_picked":["champ:EnGarde","champ:Shatter","champ:HeartStrike"],"picked":"SKIP","floor":5},{"not_picked":["champ:Shatter","champ:HeartStrike"],"picked":"champ:EnGarde","floor":5},{"not_picked":["champ:Shatter","champ:Riposte"],"picked":"champ:Balance","floor":6},{"not_picked":["champ:ArenaPreparation","champ:ShieldSigil","champ:HeartStrike"],"picked":"SKIP","floor":8},{"not_picked":["champ:CrookedStrike","champ:ArenaPreparation"],"picked":"champ:ShieldThrow","floor":9},{"not_picked":["champ:AdrenalArmor","champ:Riposte","champ:GladiatorsShout"],"picked":"SKIP","floor":11},{"not_picked":["champ:AdrenalArmor","champ:HeartStrike","champ:FanOfKnives"],"picked":"SKIP","floor":13},{"not_picked":["champ:DeathBlow","champ:AdrenalArmor"],"picked":"champ:StanceDance","floor":15},{"not_picked":["champ:SwordThrow","champ:EnchantSword"],"picked":"champ:SteelEdge","floor":16},{"not_picked":["champ:Encircle+1","champ:BringItOn"],"picked":"champ:FalseCounter","floor":19},{"not_picked":["champ:AdrenalArmor","champ:StanceDance"],"picked":"champ:FocusedDefense+1","floor":20},{"not_picked":["champ:Balance","champ:DefensiveShout","champ:AdrenalArmor+1"],"picked":"SKIP","floor":21},{"not_picked":["champ:CrookedStrike+1","champ:ViciousMockery","champ:Backstep"],"picked":"SKIP","floor":22},{"not_picked":["champ:CalledShot","champ:Haymaker","champ:GladiatorStyle"],"picked":"SKIP","floor":23},{"not_picked":["champ:GladiatorsShout+1","champ:FalseCounter","champ:Aggression+1"],"picked":"SKIP","floor":27},{"not_picked":["champ:RageSigil","champ:ArenaPreparation","champ:Haymaker"],"picked":"SKIP","floor":28}],"player_experience":1185059,"relics_obtained":[{"floor":7,"key":"Oddly Smooth Stone"},{"floor":19,"key":"White Beast Statue"},{"floor":24,"key":"Bag of Preparation"},{"floor":26,"key":"Orichalcum"}],"event_choices":[{"damage_healed":0,"gold_gain":0,"player_choice":"Ignored","damage_taken":0,"max_hp_gain":0,"max_hp_loss":0,"event_name":"NoteForYourself","floor":12,"gold_loss":0}],"is_beta":false,"boss_relics":[{"not_picked":["Black Star","SlaversCollar"],"picked":"Empty Cage"}],"items_purged_floors":[],"is_endless":false,"potions_floor_spawned":[5,11,20,21,22,23,27,28],"killed_by":"downfall:FleeingMerchant","ascension_level":0}}