{"host":"793o01ijfcni3fr1","time":1608282123,"event":{"mods":["BaseMod","Hermit","Luminous","Marisa????????","Minty Spire (QoL Compilation)","Replay The Spire","StSLib","The Animator","The Cursed","The Gatherer","The Servant 0.9.4"],"gold_per_floor":[110,135,32,50,50,50,80,80,80,134,162,186,206,206,206,306,306,318,318,233,233,249,249,264,264,264,282,299,309,309,309],"floor_reached":30,"playtime":3515,"items_purged":[],"score":249,"play_id":"92397ff7-7bb1-4e9d-960e-647b0376bdf6","local_time":"20201218120203","is_ascension_mode":false,"campfire_choices":[{"floor":6,"key":"REST"},{"data":"animator:Berserker","floor":8,"key":"SMITH"},{"floor":15,"key":"REST"},{"floor":23,"key":"REST"},{"floor":25,"key":"REST"}],"circlet_count":0,"master_deck":["animator:Strike_Konosuba","animator:Defend_Konosuba","animator:Strike","animator:Strike","animator:Strike","animator:Defend","animator:Defend","animator:Defend","animator:Aqua","animator:Scar","animator:Berserker+1","animator:FielNirvalen","animator:FielNirvalen+1","animator:Verdia","animator:Laby+1","animator:Sebas","animator:IzunaHatsuse","animator:DwarfShaman","animator:YunYun","animator:Shalltear","animator:Elsword","animator:Envy","Voices","Pain","CurseOfTheBell","animator:Ara","animator:Jibril","animator:MetalKnight","animator:Illya+1","animator:DolaStephanie","animator:Geryuganshoop+1","animator:Ciel"],"relics":["animator:LivingPicture","animator:TheMissingPiece","animator:PurgingStone","Anchor","Pear","Replay:Ancient Bell","animator:WornHelmet","Pantograph","animator:HeavyHalberd","Peace Pipe","animator:ShionDessert","Replay:Bottled Snecko"],"acts_visited":["Exordium","TheCity"],"potions_floor_usage":[24],"damage_taken":[{"damage":4,"enemies":"Cultist","floor":1,"turns":5},{"damage":7,"enemies":"Small Slimes","floor":2,"turns":3},{"damage":0,"enemies":"2 Louse","floor":4,"turns":2},{"damage":11,"enemies":"Blue Slaver","floor":7,"turns":5},{"damage":32,"enemies":"Exordium Thugs","floor":11,"turns":6},{"damage":0,"enemies":"Large Slime","floor":13,"turns":4},{"damage":42,"enemies":"Fading Forest","floor":16,"turns":11},{"damage":22,"enemies":"Shell Parasite","floor":18,"turns":5},{"damage":44,"enemies":"Spheric Guardian","floor":22,"turns":6},{"damage":0,"enemies":"Snecko","floor":24,"turns":4},{"damage":40,"enemies":"3 Cultists","floor":27,"turns":6},{"damage":20,"enemies":"Snake Plant","floor":28,"turns":4},{"damage":16,"enemies":"Shelled Parasite and Fungi","floor":29,"turns":5},{"damage":17,"enemies":"Cultist and Chosen","floor":30,"turns":4}],"seed_played":"-78593000326074086","potions_obtained":[{"floor":2,"key":"PowerPotion"},{"floor":13,"key":"PowerPotion"},{"floor":16,"key":"Fruit Juice"},{"floor":18,"key":"LifebloodPotion"},{"floor":24,"key":"PowerPotion"}],"is_trial":false,"path_per_floor":["M","M","$","M","?","R","M","R","T","?","M","T","M","?","R","B",null,"M","T","?","?","M","R","M","R","T","M","M","M","M"],"character_chosen":"THE_ANIMATOR","items_purchased":["animator:FielNirvalen","animator:Verdia"],"campfire_rested":4,"item_purchase_floors":[3,3],"current_hp_per_floor":[68,63,63,63,49,70,61,61,61,71,41,41,44,44,68,38,83,63,63,63,63,21,45,51,77,77,39,21,11,0,0],"gold":309,"neow_bonus":"TEN_PERCENT_HP_BONUS","is_daily":false,"chose_seed":false,"campfire_upgraded":1,"win_rate":0.0,"timestamp":1608282123,"path_taken":["M","M","$","M","?","R","M","R","T","?","M","?","?","?","R","BOSS","M","?","?","?","M","R","M","R","T","M","M","?","M"],"items_purchased_type":["Card","Card"],"build_version":"2020-12-13","purchased_purges":0,"victory":false,"max_hp_per_floor":[72,72,72,72,72,72,72,72,72,82,82,82,83,83,83,83,83,83,83,83,83,83,83,89,89,89,89,89,89,89,89],"card_choices":[{"not_picked":["animator:OrikoMikuni","animator:Raven"],"picked":"animator:Scar","floor":1},{"not_picked":["animator:CrowleyEusford","animator:DolaRiku"],"picked":"animator:Berserker","floor":2},{"not_picked":["animator:Lancer","animator:Ara"],"picked":"animator:Laby","floor":4},{"not_picked":["animator:Entoma","animator:PandorasActor"],"picked":"animator:Sebas","floor":7},{"not_picked":["animator:Layla","animator:Konayuki"],"picked":"animator:IzunaHatsuse","floor":10},{"not_picked":["animator:SilverFang","animator:DolaCouronne"],"picked":"animator:DwarfShaman","floor":10},{"not_picked":["animator:CrowleyEusford","animator:EmiyaShirou"],"picked":"animator:YunYun","floor":11},{"not_picked":["animator:Priestess","animator:Sora"],"picked":"animator:Shalltear","floor":13},{"not_picked":["animator:Saitama","animator:HomuraAkemi"],"picked":"animator:Envy","floor":16},{"not_picked":["Overencumbered","Decay"],"picked":"Voices","floor":17},{"not_picked":["ReplayTheSpireMod:Doomed","ReplayTheSpireMod:Splinters"],"picked":"Pain","floor":17},{"not_picked":["Spreading Infection","Writhe"],"picked":"CurseOfTheBell","floor":17},{"not_picked":["animator:Hakurou","animator:Vesta"],"picked":"animator:Ara","floor":18},{"not_picked":["animator:Tatsumaki","animator:MumenRider"],"picked":"animator:MetalKnight","floor":22},{"not_picked":["animator:Berserker","animator:Ainz"],"picked":"animator:Illya+1","floor":24},{"not_picked":["animator:TukaLunaMarceau","animator:Raven"],"picked":"animator:DolaStephanie","floor":27},{"not_picked":["animator:Ain+1","animator:ZankiKiguchi"],"picked":"animator:Geryuganshoop+1","floor":28},{"not_picked":["animator:Laby","animator:Ara"],"picked":"animator:Ciel","floor":29}],"player_experience":7106,"relics_obtained":[{"floor":9,"key":"Anchor"},{"floor":10,"key":"Pear"},{"floor":19,"key":"Peace Pipe"},{"floor":26,"key":"Replay:Bottled Snecko"}],"event_choices":[{"damage_healed":0,"gold_gain":0,"player_choice":"Entered Light","damage_taken":14,"max_hp_gain":0,"max_hp_loss":0,"event_name":"Shining Light","floor":5,"gold_loss":0,"cards_upgraded":["animator:Laby","animator:FielNirvalen"]},{"damage_healed":0,"gold_gain":0,"cards_transformed":["animator:Kazuma"],"player_choice":"Transformed","damage_taken":0,"max_hp_gain":0,"max_hp_loss":0,"event_name":"Transmorgrifier","floor":14,"gold_loss":0,"cards_obtained":["animator:Elsword"]},{"damage_healed":0,"gold_gain":0,"player_choice":"Obtained Relic","damage_taken":0,"relics_obtained":["animator:ShionDessert"],"max_hp_gain":0,"max_hp_loss":0,"event_name":"Addict","floor":20,"gold_loss":85},{"damage_healed":0,"gold_gain":0,"player_choice":"Read","damage_taken":0,"max_hp_gain":0,"max_hp_loss":0,"event_name":"The Library","floor":21,"gold_loss":0,"cards_obtained":["animator:Jibril"]}],"is_beta":false,"boss_relics":[{"not_picked":["Busted Crown","Fusion Hammer"],"picked":"Replay:Ancient Bell"},{"not_picked":["Ancient Tea Set","Replay:Mystery Machine"],"picked":"animator:WornHelmet"},{"not_picked":["Paper Crane","Matryoshka"],"picked":"Pantograph"},{"not_picked":["Ginger","Lizard Tail"],"picked":"animator:HeavyHalberd"}],"items_purged_floors":[],"is_endless":false,"potions_floor_spawned":[2,13,16,18,24,27,29],"killed_by":"Cultist and Chosen","ascension_level":0}}