{"host":"12piqfhmdln9x2la","time":1608313542,"event":{"mods":["2.2 Compatiblity","AchievementEnabler","BaseMod","BetterRewards","Colored Powertips","Minty Spire (QoL Compilation)","Quick Restart","SuperFastMode"],"gold_per_floor":[110,110,185,239,239,270,289,300,300,326,513,536,548,580,592,604,604],"floor_reached":16,"playtime":211,"items_purged":[],"score":127,"play_id":"436dd7ac-1cfd-46fc-9f2d-f95144fc26f7","local_time":"20201219024542","is_ascension_mode":false,"campfire_choices":[{"data":"Infinite Blades","floor":13,"key":"SMITH"},{"data":"Blade Dance","floor":15,"key":"SMITH"}],"circlet_count":0,"master_deck":["Strike_G","Strike_G","Strike_G","Strike_G","Strike_G","Defend_G","Defend_G","Defend_G","Defend_G","Survivor","Neutralize","Acrobatics","Calculated Gamble","Blade Dance+1","Cloak And Dagger","Deflect","Doubt","Infinite Blades+1","Dagger Throw"],"relics":["Ring of the Snake","NeowsBlessing","Toy Ornithopter","Mercury Hourglass","PreservedInsect","MawBank"],"acts_visited":["Exordium"],"potions_floor_usage":[],"damage_taken":[{"damage":0,"enemies":"Small Slimes","floor":1,"turns":1},{"damage":0,"enemies":"Lagavulin","floor":6,"turns":1},{"damage":0,"enemies":"Jaw Worm","floor":7,"turns":1},{"damage":0,"enemies":"2 Louse","floor":8,"turns":2},{"damage":0,"enemies":"Looter","floor":10,"turns":3},{"damage":4,"enemies":"Red Slaver","floor":12,"turns":4},{"damage":3,"enemies":"2 Fungi Beasts","floor":14,"turns":3},{"damage":26,"enemies":"The Guardian","floor":16,"turns":4}],"seed_played":"-7142839266469629972","potions_obtained":[{"floor":1,"key":"DuplicationPotion"},{"floor":6,"key":"Weak Potion"},{"floor":14,"key":"SmokeBomb"}],"is_trial":false,"path_per_floor":["M","?","?","T","?","E","M","M","T","M","?","M","R","M","R","B"],"character_chosen":"THE_SILENT","items_purchased":[],"campfire_rested":0,"item_purchase_floors":[],"current_hp_per_floor":[70,63,52,52,45,45,45,45,45,45,45,41,41,38,38,12,12],"gold":604,"neow_bonus":"THREE_ENEMY_KILL","is_daily":false,"chose_seed":false,"campfire_upgraded":2,"win_rate":0.0,"timestamp":1608313542,"path_taken":["M","?","?","?","?","E","M","?","T","M","?","M","R","M","R","BOSS"],"items_purchased_type":[],"build_version":"2020-12-13","purchased_purges":0,"victory":false,"max_hp_per_floor":[70,70,70,70,70,70,70,70,70,70,70,70,70,70,70,70,70],"card_choices":[{"not_picked":["Concentrate","Dagger Spray"],"picked":"Acrobatics","floor":1},{"not_picked":["Cloak And Dagger","Underhanded Strike"],"picked":"Calculated Gamble","floor":6},{"not_picked":["Calculated Gamble","Dagger Spray"],"picked":"Blade Dance","floor":7},{"not_picked":["Slice","Dodge and Roll"],"picked":"Cloak And Dagger","floor":8},{"not_picked":["Predator","All Out Attack"],"picked":"Deflect","floor":10},{"not_picked":["Expertise","Blur"],"picked":"Infinite Blades","floor":12},{"not_picked":["Deadly Poison","Quick Slash"],"picked":"Dagger Throw","floor":14}],"player_experience":95257,"relics_obtained":[{"floor":4,"key":"Toy Ornithopter"},{"floor":6,"key":"PreservedInsect"},{"floor":9,"key":"MawBank"}],"event_choices":[{"cards_removed":["Defend_G"],"damage_healed":0,"gold_gain":0,"player_choice":"Card Removal","damage_taken":7,"max_hp_gain":0,"max_hp_loss":0,"event_name":"Golden Wing","floor":2,"gold_loss":0},{"damage_healed":0,"gold_gain":75,"player_choice":"Gather Gold","damage_taken":11,"max_hp_gain":0,"max_hp_loss":0,"event_name":"World of Goop","floor":3,"gold_loss":0},{"damage_healed":0,"gold_gain":0,"player_choice":"Success","damage_taken":7,"relics_obtained":["Mercury Hourglass"],"max_hp_gain":0,"max_hp_loss":0,"event_name":"Scrap Ooze","floor":5,"gold_loss":0},{"damage_healed":0,"gold_gain":175,"player_choice":"AGREE","damage_taken":0,"max_hp_gain":0,"max_hp_loss":0,"event_name":"Liars Game","floor":11,"gold_loss":0,"cards_obtained":["Doubt"]}],"is_beta":false,"boss_relics":[],"items_purged_floors":[],"is_endless":false,"potions_floor_spawned":[1,6,14],"killed_by":"The Guardian","ascension_level":0}}