{"host":"ymw71f7rc9ndansy","time":1608304637,"event":{"mods":["Aspiration","BaseMod","DeckTracker","Hubris","Library of Ruina","Library of Ruina Extra","Lobotomy","LobotomyExtend","Minty Spire (QoL Compilation)","MostiFishMod","Remove Card Discount Mod","Replay The Spire","StSLib","TestMod","【遗物卡牌】REMEMod"],"gold_per_floor":[114,114,514,526,237,237,271,271,271,271,281,310,328,360,360,431,431,431],"floor_reached":17,"playtime":440,"items_purged":["LightAttack","LightAttack","LightAttack","Dodge","Defend_R","LightAttack","Injury","ChargeAndCover","FocusedStrikes"],"score":557,"play_id":"7b4350dd-e7c2-4bca-910b-1e1d925671d9","local_time":"20201218231717","is_ascension_mode":true,"campfire_choices":[{"data":"MostiFishMod:UniBlue","floor":6,"key":"SMITH"},{"data":"REME_AllRoundStrike","floor":8,"key":"SMITH"},{"data":"TheRedNotes","floor":15,"key":"SMITH"}],"circlet_count":0,"master_deck":["AscendersBane","LightDefense","LightDefense","LightDefense","LightDefense","MostiFishMod:UniBlue+1","REME_AllRoundStrike+1","Quickness","TheRedNotes+1","Master of Strategy+1","WillOfThePrescript+1","Endure+1","LeRegole+1","Unlock1","EmotionalTurbulence"],"relics":["PageOfLibrarian","DaveBox","REME_ComplimentaryCards","GreenFoldingFan","testmod-ArcanaOfDestiny","Question Card","Toxic Egg 2","PageOfSnowWhitesApple","PageOfLittleHelper","Bronze Scales","Toy Ornithopter","ImportantClient","testmod-NegativeEmotionEnhancer"],"acts_visited":["Exordium","TheCity"],"potions_floor_usage":[12],"damage_taken":[{"damage":11,"enemies":"Jaw Worm","floor":1,"turns":2},{"damage":11,"enemies":"Small Slimes","floor":4,"turns":2},{"damage":4,"enemies":"3 Sentries","floor":7,"turns":2},{"damage":2,"enemies":"Cultist","floor":11,"turns":1},{"damage":2,"enemies":"Replay:BlueRogue","floor":12,"turns":1},{"damage":2,"enemies":"Red Slaver","floor":13,"turns":1},{"damage":2,"enemies":"Gremlin Nob","floor":14,"turns":1},{"damage":10,"enemies":"Fading Forest","floor":16,"turns":5}],"seed_played":"6852684798447972400","potions_obtained":[{"floor":16,"key":"Weak Potion"}],"is_trial":false,"path_per_floor":["M","?","?","M","$","R","E","R","T","?","M","E","M","E","R","B",null],"character_chosen":"Librarian","items_purchased":["Master of Strategy+1","testmod-SpacePotion","WillOfThePrescript+1"],"campfire_rested":0,"item_purchase_floors":[5,5,5],"current_hp_per_floor":[53,53,53,52,52,52,58,58,58,58,66,69,69,69,69,69,200,200],"gold":431,"neow_bonus":"RANDOM_COLORLESS_2","is_daily":false,"chose_seed":false,"campfire_upgraded":3,"win_rate":0.0,"timestamp":1608304637,"path_taken":["M","?","?","M","$","R","E","R","T","?","?","E","M","E","R","BOSS"],"items_purchased_type":["Card","Potion","Card"],"build_version":"2020-12-13","purchased_purges":9,"victory":false,"max_hp_per_floor":[60,60,60,244,244,244,244,244,244,244,244,244,244,244,244,244,244,244],"card_choices":[{"not_picked":["testmod-BloodBlade","testmod-TreasureHunter"],"picked":"REME_AllRoundStrike","floor":0},{"not_picked":["SunsetBlade","YoureAHindrance","Rewind","HandleRequest","Decapitation","SharpSwipe","CircusKnives","UpbeatPerformance"],"picked":"Quickness","floor":1},{"not_picked":["Thrust","BackstreetsDash","EnergyBeam","Gigigig","GuidanceOfTheGears+1","SummaryJudgment","HardRehearsal","FleetFootsteps+1","Leap_lor"],"picked":"TheRedNotes","floor":4},{"not_picked":["TendonChords","FierceCharge+1","HiddenBlade","FlashingStrike","EnergyConversion","FaintMemories","SearingSword","ShrineToMusic","FendThisOffIfYouCan"],"picked":"Endure+1","floor":7},{"not_picked":["SpearedSweep","WillBeTasty","FlashOfSunup","WillProduceFineSilk+1","FeelinGood","DesperateStruggle","ClassAndRespect","Diversion","MultiHit","Thrust"],"picked":"SKIP","floor":11},{"not_picked":["Reload+1","Wallop_lor","FeelinGood","Ripple","EnergyCycle","FleetFootsteps+1","UncannyStrike","HighKick","FrontalAssault+1"],"picked":"LeRegole+1","floor":12},{"not_picked":["UndertakePrescript+1","Slice_lor","FleshFillet","SmokingPipe+1","HighKick","AssaultOrder","BackAttack+1","WillOfThePrescript+1","DimensionalRift"],"picked":"Unlock1","floor":13},{"not_picked":["Ripple","SharpenedBlade","HighKick","GoinFirst","PreemptiveStrike","FleetEdge","Thrust","EnergyShield+1","TheArtOfRapidSteps+1","DarkCloud"],"picked":"SKIP","floor":14},{"not_picked":["SenseQuarry+1","WillProduceFineSilk+1","BlazingStrike"],"picked":"EmotionalTurbulence","floor":16}],"player_experience":1012406,"relics_obtained":[{"floor":1,"key":"Question Card"},{"floor":7,"key":"PageOfSnowWhitesApple"},{"floor":9,"key":"PageOfLittleHelper"},{"floor":12,"key":"Bronze Scales"},{"floor":14,"key":"Toy Ornithopter"},{"floor":16,"key":"ImportantClient"}],"event_choices":[{"damage_healed":0,"gold_gain":400,"player_choice":"Sell","damage_taken":0,"max_hp_gain":0,"max_hp_loss":0,"event_name":"恩洛斯的盘子","floor":3,"relics_lost":["testmod-TestBox"],"gold_loss":0}],"is_beta":false,"boss_relics":[{"not_picked":["testmod-Prudence","aspiration:SilentSkillbook"],"picked":"testmod-NegativeEmotionEnhancer"}],"items_purged_floors":[5,5,5,5,5,5,5,5,5],"is_endless":false,"potions_floor_spawned":[7,14,16],"ascension_level":14}}