{"host":"0gl1h2c0bid0oqhv","time":1608314838,"event":{"mods":["BaseMod","Colored Map","Downfall","Googly Eyes","Highlight Path","Minty Spire (QoL Compilation)","Replay The Spire","StSLib"],"gold_per_floor":[99,199,232,1,1,1,1,1,1,1,1,20,13,26,48,151,151,172,172,191,191,191,191,191],"floor_reached":23,"playtime":1189,"items_purged":[],"score":208,"play_id":"46df62d6-9bb9-4812-b3fa-c729e4174472","local_time":"20201218180718","is_ascension_mode":false,"campfire_choices":[{"floor":1,"key":"RECALL"},{"data":"hexamod:DynamicBlow","floor":5,"key":"SMITH"},{"data":"hexamod:Float","floor":10,"key":"SMITH"},{"data":"hexamod:EmpoweringStance","floor":21,"key":"SMITH"}],"circlet_count":0,"master_deck":["hexamod:Strike","hexamod:Strike","hexamod:Strike","hexamod:Strike","hexamod:Defend","hexamod:Defend+1","hexamod:Defend","hexamod:Defend","hexamod:Sear","hexamod:Float+1","hexamod:DynamicBlow+1","hexamod:Firestarter","hexamod:SecondSeal","hexamod:Incineration+1","hexamod:SwordOfDarkness+1","hexamod:EmpoweringStance+1","hexamod:SkipABeat","hexamod:SoulSteal","hexamod:SearingWound","hexamod:BurningTouch+1"],"relics":["hexamod:SpiritBrand","downfall:HeartsMalice","ReplayTheSpireMod:TigerMarble","Medical Kit","Molten Egg 2","downfall:HeartBlessingRed","Nloth\u0027s Gift"],"acts_visited":["Exordium","TheCity"],"potions_floor_usage":[13,16,16,16],"damage_taken":[{"damage":0,"enemies":"Replay:BlueRogue","floor":3,"turns":1},{"damage":0,"enemies":"downfall:FleeingMerchant","floor":4,"turns":1},{"damage":0,"enemies":"downfall:FleeingMerchant","floor":9,"turns":1},{"damage":2,"enemies":"Jaw Worm","floor":12,"turns":3},{"damage":0,"enemies":"downfall:FleeingMerchant","floor":13,"turns":4},{"damage":6,"enemies":"Cultist","floor":14,"turns":3},{"damage":0,"enemies":"2 Louse","floor":15,"turns":3},{"damage":20,"enemies":"downfall:Ironclad","floor":16,"turns":6},{"damage":11,"enemies":"Spheric Guardian","floor":20,"turns":4},{"damage":59,"enemies":"Shelled Parasite and Fungi","floor":23,"turns":5}],"seed_played":"6689520790801966946","potions_obtained":[{"floor":11,"key":"Elixir"},{"floor":11,"key":"Strength Potion"},{"floor":11,"key":"Elixir"},{"floor":12,"key":"AttackPotion"},{"floor":14,"key":"Fire Potion"},{"floor":15,"key":"Fire Potion"}],"is_trial":false,"path_per_floor":["R_BF","?","E","$","R","?","T","?","$","R","?","M","$","M","M","B",null,"R_BF","?","M","R","?","M"],"character_chosen":"THE_SPIRIT","items_purchased":["Medical Kit","hexamod:SecondSeal"],"campfire_rested":0,"item_purchase_floors":[4,4],"current_hp_per_floor":[70,70,70,70,70,70,70,70,70,70,70,68,68,62,62,42,70,70,70,59,59,59,0,0],"gold":191,"neow_bonus":"THREE_ENEMY_KILL","is_daily":false,"chose_seed":false,"campfire_upgraded":3,"win_rate":0.0,"timestamp":1608314838,"path_taken":["R_BF","?","E","?","R","?","T","?","$","R","?","M","$","?","M","BOSS","R_BF","?","M","R","?","?"],"items_purchased_type":["Relic","Card"],"build_version":"2020-12-13","purchased_purges":0,"victory":false,"max_hp_per_floor":[70,70,70,70,70,70,70,70,70,70,70,70,70,70,70,70,70,70,70,70,70,70,70,70],"card_choices":[{"not_picked":["hexamod:InspiringFlames","hexamod:FastForward"],"picked":"hexamod:DynamicBlow","floor":3},{"not_picked":["hexamod:HauntingEcho","hexamod:SoulSteal"],"picked":"hexamod:Firestarter","floor":4},{"not_picked":["hexamod:GhostShield","hexamod:BurningTouch"],"picked":"hexamod:Incineration+1","floor":9},{"not_picked":["hexamod:BacktrackSmack+1","hexamod:AdvancingGuard"],"picked":"hexamod:SwordOfDarkness+1","floor":12},{"not_picked":["hexamod:HauntingEcho+1","hexamod:Hexaguard"],"picked":"hexamod:EmpoweringStance","floor":13},{"not_picked":["hexamod:NightmareGuise","hexamod:GhostOfSpireFuture"],"picked":"hexamod:SkipABeat","floor":14},{"not_picked":["hexamod:EtherealExpedition","hexamod:GhostOfSpirePast"],"picked":"hexamod:SoulSteal","floor":15},{"not_picked":["hexamod:TurnItUp","hexamod:TimeOfNeed"],"picked":"hexamod:SearingWound","floor":16},{"not_picked":["hexamod:FastForward","hexamod:HauntingEcho+1"],"picked":"hexamod:BurningTouch+1","floor":20}],"player_experience":4079,"relics_obtained":[{"floor":3,"key":"ReplayTheSpireMod:TigerMarble"},{"floor":7,"key":"Molten Egg 2"}],"event_choices":[{"damage_healed":0,"gold_gain":0,"player_choice":"Got Potions","damage_taken":0,"max_hp_gain":0,"max_hp_loss":0,"event_name":"Lab","floor":11,"gold_loss":0}],"is_beta":false,"boss_relics":[{"not_picked":["Astrolabe","ReplayTheSpireMod:DimensionalGlitch"],"picked":"Replay:Bronze Core"}],"items_purged_floors":[],"is_endless":false,"potions_floor_spawned":[12,14,15],"killed_by":"Shelled Parasite and Fungi","ascension_level":0}}