{"host":"reretk0dz0kj8f1n","time":1608288892,"event":{"mods":["BaseMod","Colored Map","Lobotomy","Minty Spire (QoL Compilation)","StSLib"],"gold_per_floor":[119,132,207,220,239,265,296,334,394,406,418,446,458,350,350,449,449,468,393,406,67,67,94,94,127,127,159,172,172,197,197,197,294,294,307,582,600,646,298,329,329,359,359,359,394,394,74,104,104,104],"floor_reached":51,"playtime":5110,"items_purged":["Strike_G","Strike_G","Regret","Strike_G"],"score":1147,"play_id":"1a8a68af-a286-4032-9aaf-b44dcefe6c0b","local_time":"20201218195452","is_ascension_mode":true,"campfire_choices":[{"floor":10,"key":"REST"},{"floor":15,"key":"REST"},{"data":"After Image","floor":24,"key":"SMITH"},{"data":"Calculated Gamble","floor":32,"key":"SMITH"},{"floor":41,"key":"DIG"},{"floor":49,"key":"DIG"}],"circlet_count":0,"master_deck":["Defend_G","Defend_G","Defend_G","Defend_G","Defend_G","Survivor","Neutralize","MHz","Tactician","Terror+1","Tactician+1","VoidDream","OSAHOGD","Underhanded Strike","BlackSwan","Prepared","After Image+1","CurseOfTheBell","Acrobatics","Deep Breath","Backflip","Calculated Gamble+1","Tactician","Alriune","Grand Finale","Backflip","Panache","Backflip","Backflip+1","Madness","Madness","Flash of Steel+1","Well Laid Plans"],"relics":["Ring of the Snake","CogitoBucket","RabbitCall","MawBank","HellTrain","Juzu Bracelet","Centennial Puzzle","Calling Bell","PreservedInsect","Blue Candle","Torii","LuminousBracelet","Lee\u0027s Waffle","Meat on the Bone","Strawberry","Shuriken","Bronze Scales","MealTicket","War Paint","Runic Dome","BehaviorAdjustment","AtMidnight","Shovel","Bag of Marbles","Molten Egg 2","Singing Bowl","Kunai","Oddly Smooth Stone","TungstenRod","Lantern"],"acts_visited":["Exordium","TheCity","TheBeyond"],"potions_floor_usage":[7,7,12,16,20,35,51,51],"damage_taken":[{"damage":0,"enemies":"Cultist","floor":1,"turns":4},{"damage":6,"enemies":"Jaw Worm","floor":2,"turns":6},{"damage":5,"enemies":"2 Louse","floor":4,"turns":4},{"damage":4,"enemies":"Gremlin Gang","floor":5,"turns":6},{"damage":22,"enemies":"Gremlin Nob","floor":6,"turns":5},{"damage":4,"enemies":"Large Slime","floor":7,"turns":10},{"damage":0,"enemies":"Lagavulin","floor":8,"turns":3},{"damage":9,"enemies":"2 Fungi Beasts","floor":12,"turns":3},{"damage":9,"enemies":"Slime Boss","floor":16,"turns":12},{"damage":48,"enemies":"Shell Parasite","floor":18,"turns":7},{"damage":10,"enemies":"2 Thieves","floor":20,"turns":7},{"damage":1,"enemies":"Book of Stabbing","floor":23,"turns":6},{"damage":13,"enemies":"Slavers","floor":25,"turns":6},{"damage":2,"enemies":"Gremlin Leader","floor":27,"turns":7},{"damage":15,"enemies":"Snecko","floor":28,"turns":5},{"damage":13,"enemies":"Slavers","floor":30,"turns":5},{"damage":14,"enemies":"Champ","floor":33,"turns":13},{"damage":25,"enemies":"3 Darklings","floor":35,"turns":30},{"damage":22,"enemies":"3 Shapes","floor":37,"turns":5},{"damage":35,"enemies":"2 Orb Walkers","floor":38,"turns":4},{"damage":23,"enemies":"Reptomancer","floor":40,"turns":4},{"damage":6,"enemies":"Giant Head","floor":42,"turns":9},{"damage":2,"enemies":"Nemesis","floor":45,"turns":5},{"damage":36,"enemies":"Reptomancer","floor":48,"turns":5},{"damage":0,"enemies":"Donu and Deca","floor":50,"turns":10}],"seed_played":"1336575388452605075","potions_obtained":[{"floor":1,"key":"Swift Potion"},{"floor":5,"key":"SpeedPotion"},{"floor":6,"key":"Strength Potion"},{"floor":8,"key":"Poison Potion"},{"floor":16,"key":"DistilledChaos"},{"floor":23,"key":"AttackPotion"},{"floor":27,"key":"PowerPotion"},{"floor":37,"key":"Poison Potion"},{"floor":40,"key":"Ancient Potion"}],"is_trial":false,"path_per_floor":["M","M","?","M","M","E","M","E","T","R","?","M","?","$","R","B",null,"M","?","M","$","?","E","R","E","T","E","M","?","E","?","R","B",null,"M","?","M","?","$","E","R","E","T","?","E","?","$","E","R","B",null],"character_chosen":"THE_SILENT","items_purchased":["Prepared","Deep Breath","Lee\u0027s Waffle","Panache","Backflip","Flash of Steel+1","Well Laid Plans"],"campfire_rested":2,"item_purchase_floors":[14,21,21,39,39,47,47],"current_hp_per_floor":[70,64,53,48,44,22,18,18,18,39,39,30,23,23,44,35,70,22,22,27,92,92,92,92,87,87,87,73,73,61,41,41,40,94,84,84,73,50,65,47,47,49,49,49,48,37,52,36,36,48],"gold":104,"neow_bonus":"","is_daily":false,"chose_seed":false,"campfire_upgraded":2,"win_rate":0.0,"timestamp":1608288892,"path_taken":["M","M","?","M","M","E","M","E","T","R","?","M","?","$","R","BOSS","M","?","M","$","?","E","R","E","T","E","M","?","E","?","R","BOSS","M","?","M","?","$","E","R","E","T","?","E","?","$","E","R","BOSS"],"items_purchased_type":["Card","Card","Relic","Card","Card","Card","Card"],"build_version":"2020-12-13","purchased_purges":4,"victory":true,"max_hp_per_floor":[70,70,70,70,70,70,70,70,70,70,70,70,70,70,70,70,70,70,70,85,92,92,92,92,99,99,99,99,99,99,104,104,94,94,84,84,84,84,84,84,84,86,86,86,86,86,86,88,88,78],"card_choices":[{"not_picked":["Scorched","CrumblingArmor","SpiderBud"],"picked":"Singing Bowl","floor":1},{"not_picked":["Scorched","LittleHelper"],"picked":"MHz","floor":1},{"not_picked":["Predator","Poisoned Stab"],"picked":"Tactician","floor":1},{"not_picked":["LaLuna","Murderer","Scarecrow"],"picked":"Singing Bowl","floor":2},{"not_picked":["Catalyst","Dodge and Roll"],"picked":"Terror","floor":2},{"not_picked":["SpiderBud","UniverseFragment","Bloodbath"],"picked":"Singing Bowl","floor":4},{"not_picked":["Accuracy","Flying Knee"],"picked":"Dagger Throw","floor":4},{"not_picked":["MeatLantern","Funeral","OSAHOGD"],"picked":"Singing Bowl","floor":5},{"not_picked":["Dagger Throw","Backflip"],"picked":"Tactician","floor":5},{"not_picked":["MeatLantern","UniverseFragment","OldLady"],"picked":"Singing Bowl","floor":6},{"not_picked":["Porccubus","CrumblingArmor"],"picked":"VoidDream","floor":6},{"not_picked":["Sucker Punch","Concentrate","All Out Attack"],"picked":"SKIP","floor":6},{"not_picked":["HeroicMonk","Wellcheers","BlackSwan"],"picked":"Singing Bowl","floor":7},{"not_picked":["UniverseFragment","WhitesApple"],"picked":"OSAHOGD","floor":7},{"not_picked":["Riddle With Holes","Cloak And Dagger"],"picked":"Underhanded Strike","floor":7},{"not_picked":["DreamingCurrent","LaLuna","RedShoes"],"picked":"Singing Bowl","floor":8},{"not_picked":["Concentrate","Quick Slash","Finisher"],"picked":"SKIP","floor":8},{"not_picked":["RedShoes","Funeral","Scorched"],"picked":"Singing Bowl","floor":12},{"not_picked":["BeautyBeast","SpiderBud"],"picked":"BlackSwan","floor":12},{"not_picked":["Concentrate","Masterful Stab","Cloak And Dagger"],"picked":"SKIP","floor":12},{"not_picked":["Scorched","MeatLantern","LaLuna"],"picked":"Singing Bowl","floor":16},{"not_picked":["Wraith Form v2","Venomology"],"picked":"After Image","floor":16},{"not_picked":["LittlePrince","FairyFestival","Woodsman"],"picked":"Singing Bowl","floor":18},{"not_picked":["Blur","Backflip+1"],"picked":"Acrobatics","floor":18},{"not_picked":["Murderer","WallGazer","OldLady"],"picked":"Singing Bowl","floor":20},{"not_picked":["Concentrate","Poisoned Stab","Flechettes"],"picked":"SKIP","floor":20},{"not_picked":["Wellcheers","Bloodbath","Scorched"],"picked":"Singing Bowl","floor":23},{"not_picked":["PiercingWail","Slice+1","Cloak And Dagger"],"picked":"SKIP","floor":23},{"not_picked":["Murderer","SingingMachine","LaLuna"],"picked":"Singing Bowl","floor":25},{"not_picked":["Concentrate+1","Finisher+1"],"picked":"Backflip","floor":25},{"not_picked":["Laetitia","SilentOrchestra","BigBadWolf"],"picked":"Singing Bowl","floor":27},{"not_picked":["Eviscerate","Dash","Heel Hook"],"picked":"SKIP","floor":27},{"not_picked":["UniverseFragment","WhitesApple","Scorched"],"picked":"Singing Bowl","floor":28},{"not_picked":["Flechettes+1","Quick Slash"],"picked":"Calculated Gamble","floor":28},{"not_picked":["Murderer","HappyTeddy","BigBadWolf"],"picked":"Singing Bowl","floor":30},{"not_picked":["Dagger Spray","Deadly Poison"],"picked":"Tactician","floor":30},{"not_picked":["Scarecrow","QueenBee"],"picked":"Alriune","floor":33},{"not_picked":["After Image","Corpse Explosion"],"picked":"Grand Finale","floor":33},{"not_picked":["GreedKing","WhiteNight","ShyLook"],"picked":"Singing Bowl","floor":35},{"not_picked":["Outmaneuver+1","Leg Sweep","Dagger Spray"],"picked":"SKIP","floor":35},{"not_picked":["FairyFestival","MeltingLove","CherryBlossoms"],"picked":"Singing Bowl","floor":37},{"not_picked":["Accuracy","Quick Slash+1","Bane"],"picked":"SKIP","floor":37},{"not_picked":["Variant","QueenBee","Porccubus"],"picked":"Singing Bowl","floor":38},{"not_picked":["Poisoned Stab+1","Blur+1"],"picked":"Backflip","floor":38},{"not_picked":["NakedNest","BlueStar","Murderer"],"picked":"Singing Bowl","floor":40},{"not_picked":["Expertise","Slice","Eviscerate"],"picked":"SKIP","floor":40},{"not_picked":["NothingThere","LittlePrince","WhiteNight"],"picked":"Singing Bowl","floor":42},{"not_picked":["Dash+1","Outmaneuver","Dagger Throw+1"],"picked":"Singing Bowl","floor":42},{"not_picked":["WhitesApple","MeltingLove","NothingThere"],"picked":"Singing Bowl","floor":45},{"not_picked":["Eviscerate+1","Blade Dance+1"],"picked":"Backflip+1","floor":45},{"not_picked":["Scarecrow","LittleHelper","Laetitia"],"picked":"Singing Bowl","floor":48},{"not_picked":["Wraith Form v2","Outmaneuver+1","Blade Dance+1"],"picked":"Singing Bowl","floor":48}],"player_experience":231199,"relics_obtained":[{"floor":6,"key":"MawBank"},{"floor":8,"key":"Juzu Bracelet"},{"floor":9,"key":"Centennial Puzzle"},{"floor":17,"key":"PreservedInsect"},{"floor":17,"key":"Blue Candle"},{"floor":17,"key":"Torii"},{"floor":23,"key":"Meat on the Bone"},{"floor":25,"key":"Strawberry"},{"floor":26,"key":"Shuriken"},{"floor":27,"key":"Bronze Scales"},{"floor":30,"key":"War Paint"},{"floor":35,"key":"AtMidnight"},{"floor":38,"key":"Shovel"},{"floor":40,"key":"Bag of Marbles"},{"floor":41,"key":"Molten Egg 2"},{"floor":42,"key":"Singing Bowl"},{"floor":43,"key":"Kunai"},{"floor":45,"key":"Oddly Smooth Stone"},{"floor":48,"key":"TungstenRod"},{"floor":49,"key":"Lantern"}],"event_choices":[{"damage_healed":0,"gold_gain":75,"player_choice":"Gather Gold","damage_taken":11,"max_hp_gain":0,"max_hp_loss":0,"event_name":"World of Goop","floor":3,"gold_loss":0},{"damage_healed":0,"gold_gain":0,"player_choice":"Bought 0 Potions","damage_taken":0,"max_hp_gain":0,"max_hp_loss":0,"event_name":"The Woman in Blue","floor":11,"gold_loss":0},{"cards_removed":["Strike_G"],"damage_healed":0,"gold_gain":0,"player_choice":"Card Removal","damage_taken":7,"max_hp_gain":0,"max_hp_loss":0,"event_name":"Golden Wing","floor":13,"gold_loss":0},{"cards_removed":["Strike_G"],"damage_healed":0,"gold_gain":0,"player_choice":"Gave Gold","damage_taken":0,"max_hp_gain":0,"max_hp_loss":0,"event_name":"Beggar","floor":19,"gold_loss":75},{"damage_healed":0,"gold_gain":0,"player_choice":"Ignored","damage_taken":0,"max_hp_gain":0,"max_hp_loss":0,"event_name":"Vampires","floor":22,"gold_loss":0},{"damage_healed":0,"gold_gain":0,"player_choice":"Opened","damage_taken":0,"relics_obtained":["MealTicket"],"max_hp_gain":0,"max_hp_loss":0,"event_name":"The Mausoleum","floor":29,"gold_loss":0},{"damage_healed":0,"gold_gain":0,"player_choice":"Shed Blood","damage_taken":25,"max_hp_gain":5,"max_hp_loss":0,"event_name":"Forgotten Altar","floor":31,"gold_loss":0},{"damage_healed":0,"gold_gain":275,"player_choice":"Desecrate","damage_taken":0,"max_hp_gain":0,"max_hp_loss":0,"event_name":"Golden Shrine","floor":36,"gold_loss":0,"cards_obtained":["Regret"]},{"damage_healed":0,"gold_gain":0,"player_choice":"Fight","damage_taken":0,"max_hp_gain":0,"max_hp_loss":0,"event_name":"Mysterious Sphere","floor":38,"gold_loss":0},{"cards_removed":["Dagger Throw"],"damage_healed":0,"gold_gain":0,"player_choice":"Removed Attack","damage_taken":0,"max_hp_gain":0,"max_hp_loss":0,"event_name":"Falling","floor":44,"gold_loss":0},{"damage_healed":0,"gold_gain":0,"player_choice":"Embrace Madness","damage_taken":11,"max_hp_gain":0,"max_hp_loss":0,"event_name":"Winding Halls","floor":46,"gold_loss":0,"cards_obtained":["Madness","Madness"]}],"is_beta":false,"boss_relics":[{"not_picked":["WristBlade","Astrolabe"],"picked":"Calling Bell"},{"not_picked":["Tiny House","Pandora\u0027s Box"],"picked":"Runic Dome"}],"items_purged_floors":[14,21,39,47],"is_endless":false,"potions_floor_spawned":[1,5,6,8,16,23,27,37,40,42],"ascension_level":1}}