{"host":"6fbjdsiu9jij34p7","time":1608303067,"event":{"mods":["2.2 Compatiblity","AchievementEnabler","BaseMod","Colored Map","DeckTracker","Highlight Path","Keyboard Shortcuts","Minty Spire (QoL Compilation)","Permanent Neow","Quick Restart","StSLib","SuperFastMode"],"gold_per_floor":[114,189,207,53,70,96,96,126,152,164,164,181,181,456,456,552,552,571,280,280,11,11,11,11,39,39,39,57,33,33,0,0,95,95,113,123,0,0,0,0,16,27,101,116,116,5,5,17,17,17,17],"floor_reached":50,"playtime":1732,"items_purged":["Strike_R","Regret","Strike_R","Strike_R"],"score":606,"play_id":"1aaf0947-0704-4d4c-9d1d-1cf75ac82c1b","local_time":"20201218235107","is_ascension_mode":true,"campfire_choices":[{"floor":7.0,"key":"REST"},{"floor":11.0,"key":"REST"},{"floor":13.0,"key":"REST"},{"data":"Rupture","floor":15.0,"key":"SMITH"},{"floor":23.0,"key":"REST"},{"floor":27.0,"key":"REST"},{"data":"Flex","floor":30.0,"key":"SMITH"},{"data":"Hemokinesis","floor":32.0,"key":"SMITH"},{"floor":40,"key":"REST"},{"floor":49,"key":"REST"}],"circlet_count":0,"master_deck":["Strike_R","Defend_R","Defend_R","Defend_R","Defend_R","Bash","Rupture+1","Sword Boomerang","Hemokinesis+1","Flex+1","Twin Strike","Bloodletting","Reaper","Twin Strike+1","Offering","Shrug It Off","Shrug It Off","Flex+1","Shockwave","Madness","Madness","Inflame","Reaper","Inflame","Thunderclap","Flex","Doubt"],"relics":["Burning Blood","NeowsBlessing","Bronze Scales","Happy Flower","Oddly Smooth Stone","Velvet Choker","Strawberry","Smiling Mask","Self Forming Clay","Shuriken","Fusion Hammer","Red Mask","The Courier"],"acts_visited":["Exordium","TheCity","TheBeyond"],"potions_floor_usage":[33,50,50],"damage_taken":[{"damage":0.0,"enemies":"Jaw Worm","floor":1.0,"turns":1.0},{"damage":0.0,"enemies":"Small Slimes","floor":3.0,"turns":1.0},{"damage":2.0,"enemies":"Cultist","floor":5.0,"turns":1.0},{"damage":39.0,"enemies":"3 Sentries","floor":6.0,"turns":6.0},{"damage":42.0,"enemies":"Lagavulin","floor":8.0,"turns":4.0},{"damage":13.0,"enemies":"Looter","floor":10.0,"turns":2.0},{"damage":7.0,"enemies":"Large Slime","floor":12.0,"turns":4.0},{"damage":64.0,"enemies":"The Guardian","floor":16.0,"turns":8.0},{"damage":14.0,"enemies":"Chosen","floor":18.0,"turns":4.0},{"damage":51.0,"enemies":"Book of Stabbing","floor":25.0,"turns":4.0},{"damage":10.0,"enemies":"Spheric Guardian","floor":28.0,"turns":3.0},{"damage":56,"enemies":"Collector","floor":33,"turns":6},{"damage":33,"enemies":"3 Shapes","floor":35,"turns":3},{"damage":34,"enemies":"3 Darklings","floor":36,"turns":5},{"damage":53,"enemies":"Sphere and 2 Shapes","floor":41,"turns":7},{"damage":27,"enemies":"Spire Growth","floor":42,"turns":4},{"damage":45,"enemies":"Jaw Worm Horde","floor":44,"turns":5},{"damage":57,"enemies":"Maw","floor":48,"turns":7},{"damage":145,"enemies":"Time Eater","floor":50,"turns":9}],"seed_played":"2961399923654541650","potions_obtained":[{"floor":1.0,"key":"Fire Potion"},{"floor":6.0,"key":"SteroidPotion"},{"floor":8.0,"key":"DuplicationPotion"},{"floor":12.0,"key":"BloodPotion"},{"floor":16.0,"key":"Energy Potion"},{"floor":25.0,"key":"AttackPotion"},{"floor":35,"key":"SteroidPotion"}],"is_trial":false,"path_per_floor":["M","?","M","$","M","E","R","E","T","M","R","M","R","?","R","B",null,"M","$","?","$","?","R","?","E","T","R","M","$","R","?","R","B",null,"M","M","?","?","?","R","M","M","T","M","?","$","?","M","R","B"],"character_chosen":"IRONCLAD","items_purchased":["Hemokinesis","Strawberry","BloodPotion","Offering","Flex","Thunderclap","Flex"],"campfire_rested":7,"item_purchase_floors":[4,19,19,21,29,46,46],"current_hp_per_floor":[78,67,73,73,77,44,68,32,32,25,49,48,72,72,72,30,68,60,67,50,50,50,77,77,44,44,71,71,71,71,71,71,56,83,76,66,66,54,54,81,46,43,43,36,36,36,92,60,87,0,0],"gold":17,"neow_bonus":"THREE_ENEMY_KILL","is_daily":false,"chose_seed":false,"campfire_upgraded":3,"win_rate":0.0,"timestamp":1608303067,"path_taken":["M","?","M","$","M","E","R","E","T","M","R","M","R","?","R","BOSS","M","$","?","$","?","R","?","E","T","R","?","$","R","?","R","BOSS","M","M","?","?","?","R","M","M","T","?","?","$","?","M","R","BOSS"],"items_purchased_type":["Card","Relic","Potion","Card","Card","Card","Card"],"build_version":"2020-12-13","purchased_purges":4,"victory":false,"max_hp_per_floor":[80,80,80,80,80,80,80,80,80,80,80,80,80,80,80,80,80,80,87,92,92,92,92,92,92,92,92,92,92,92,92,92,92,92,92,92,92,92,92,92,92,92,92,92,92,92,92,92,92,92,92],"card_choices":[{"not_picked":["Dropkick","Armaments"],"picked":"Rupture","floor":1.0},{"not_picked":["Anger","Wild Strike"],"picked":"Sword Boomerang","floor":3.0},{"not_picked":["Body Slam","Havoc"],"picked":"Flex","floor":5.0},{"not_picked":["Bludgeon","Clothesline"],"picked":"Twin Strike","floor":6.0},{"not_picked":["Shockwave","Clothesline","Sword Boomerang"],"picked":"SKIP","floor":8.0},{"not_picked":["Pommel Strike","Armaments"],"picked":"Bloodletting","floor":10.0},{"not_picked":["Rage","Anger","Infernal Blade"],"picked":"SKIP","floor":12.0},{"not_picked":["Fiend Fire","Offering"],"picked":"Reaper","floor":16.0},{"not_picked":["Wild Strike","Anger+1"],"picked":"Twin Strike+1","floor":18.0},{"not_picked":["Bludgeon","True Grit"],"picked":"Shrug It Off","floor":25.0},{"not_picked":["Fire Breathing+1","Twin Strike+1"],"picked":"Shrug It Off","floor":28.0},{"not_picked":["Havoc+1","Carnage"],"picked":"Shockwave","floor":35},{"not_picked":["True Grit","Warcry","Iron Wave"],"picked":"SKIP","floor":36},{"not_picked":["Power Through","Clash+1"],"picked":"Inflame","floor":41},{"not_picked":["Pommel Strike","Headbutt"],"picked":"Reaper","floor":42},{"not_picked":["Iron Wave+1","Cleave+1"],"picked":"Inflame","floor":44},{"not_picked":["Rampage","Iron Wave+1","Wild Strike+1"],"picked":"SKIP","floor":48}],"player_experience":237825,"relics_obtained":[{"floor":6.0,"key":"Bronze Scales"},{"floor":8.0,"key":"Happy Flower"},{"floor":9.0,"key":"Oddly Smooth Stone"},{"floor":25.0,"key":"Self Forming Clay"},{"floor":26.0,"key":"Shuriken"},{"floor":43,"key":"The Courier"}],"event_choices":[{"damage_healed":0.0,"max_hp_gain":0.0,"max_hp_loss":0.0,"gold_gain":75.0,"event_name":"World of Goop","player_choice":"Gather Gold","floor":2.0,"gold_loss":0.0,"damage_taken":11.0},{"damage_healed":0.0,"max_hp_gain":0.0,"max_hp_loss":0.0,"gold_gain":275.0,"event_name":"Golden Shrine","player_choice":"Desecrate","floor":14.0,"gold_loss":0.0,"damage_taken":0.0,"cards_obtained":["Regret"]},{"damage_healed":0.0,"max_hp_gain":5.0,"max_hp_loss":0.0,"gold_gain":0.0,"event_name":"Forgotten Altar","player_choice":"Shed Blood","floor":20.0,"gold_loss":0.0,"damage_taken":22.0},{"damage_healed":0.0,"max_hp_gain":0.0,"max_hp_loss":0.0,"gold_gain":0.0,"event_name":"The Mausoleum","player_choice":"Opened","floor":22.0,"gold_loss":0.0,"damage_taken":0.0,"relics_obtained":["Smiling Mask"],"cards_obtained":["Writhe"]},{"damage_healed":0.0,"max_hp_gain":0.0,"max_hp_loss":0.0,"gold_gain":0.0,"event_name":"Upgrade Shrine","player_choice":"Upgraded","floor":24.0,"gold_loss":0.0,"damage_taken":0.0,"cards_upgraded":["Flex"]},{"damage_healed":0.0,"max_hp_gain":0.0,"max_hp_loss":0.0,"gold_gain":0.0,"event_name":"Masked Bandits","player_choice":"Paid Fearfully","floor":31.0,"gold_loss":33.0,"damage_taken":0.0},{"damage_healed":0,"gold_gain":0,"player_choice":"Paid","damage_taken":0,"relics_obtained":["Red Mask"],"max_hp_gain":0,"max_hp_loss":0,"event_name":"Tomb of Lord Red Mask","floor":37,"gold_loss":123},{"damage_healed":0,"gold_gain":0,"player_choice":"Embrace Madness","damage_taken":12,"max_hp_gain":0,"max_hp_loss":0,"event_name":"Winding Halls","floor":38,"gold_loss":0,"cards_obtained":["Madness","Madness"]},{"cards_removed":["Writhe"],"damage_healed":0,"gold_gain":0,"player_choice":"Purged","damage_taken":0,"max_hp_gain":0,"max_hp_loss":0,"event_name":"Purifier","floor":39,"gold_loss":0},{"cards_removed":["Strike_R"],"damage_healed":0,"gold_gain":0,"player_choice":"Removed Attack","damage_taken":0,"max_hp_gain":0,"max_hp_loss":0,"event_name":"Falling","floor":45,"gold_loss":0},{"damage_healed":56,"gold_gain":0,"player_choice":"Heal","damage_taken":0,"max_hp_gain":0,"max_hp_loss":0,"event_name":"MindBloom","floor":47,"gold_loss":0,"cards_obtained":["Doubt"]}],"is_beta":false,"boss_relics":[{"not_picked":["Snecko Eye","Mark of Pain"],"picked":"Velvet Choker"},{"not_picked":["Coffee Dripper","Pandora\u0027s Box"],"picked":"Fusion Hammer"}],"items_purged_floors":[4,19,21,46],"is_endless":false,"potions_floor_spawned":[1,6,8,12,16,25,28,35,36,48],"killed_by":"Time Eater","ascension_level":6}}