{"host":"lreod2rejfd0az5i","time":1608252177,"event":{"mods":["AchievementEnabler","Aspiration","BaseMod","Colored Powertips","Conspire","Downfall","Highlight Path","Hubris","Infinite Spire","Mad Scientist","Minty Spire (QoL Compilation)","Rare Cards Sparkle","Relic Stats","Replay The Spire","StSLib","The Bug Knight","The Jungle"],"gold_per_floor":[111,19,19,34,49,75,75,75,149,174,193,203,203,236,236,236,236],"floor_reached":16,"playtime":492,"items_purged":[],"score":234,"play_id":"e9353d64-84be-46ed-bdb6-41c00afbad5d","local_time":"20201217174257","is_ascension_mode":true,"campfire_choices":[{"data":"Bash","floor":7,"key":"SMITH"},{"data":"Exhume","floor":13,"key":"SMITH"},{"floor":15,"key":"REST"}],"circlet_count":0,"master_deck":["AscendersBane","Strike_R","Strike_R","Strike_R","Strike_R","Defend_R","Defend_R","Defend_R","Defend_R","Bash+1","Reaper","expansioncontent:Hexaburn+1","ReplayTheSpireMod:Stacked","hubris:CleavingFinish","Exhume+1","Rupture"],"relics":["Burning Blood","Paper Frog","ReplayTheSpireMod:Ninjato","infinitespire:Lucky Rock","Replay:Mystery Machine"],"acts_visited":["Exordium"],"potions_floor_usage":[6,11,14],"damage_taken":[{"damage":21,"enemies":"Jaw Worm","floor":1,"turns":6},{"damage":3,"enemies":"2 Louse","floor":4,"turns":2},{"damage":6,"enemies":"Cultist","floor":5,"turns":4},{"damage":14,"enemies":"Gremlin Nob","floor":6,"turns":3},{"damage":24,"enemies":"Lagavulin","floor":10,"turns":6},{"damage":2,"enemies":"2 Fungi Beasts","floor":11,"turns":3},{"damage":11,"enemies":"Blue Slaver","floor":12,"turns":4},{"damage":32,"enemies":"Gremlin Nob","floor":14,"turns":4},{"damage":107,"enemies":"Fading Forest","floor":16,"turns":7}],"seed_played":"-5392355457968970346","potions_obtained":[{"floor":1,"key":"SpeedPotion"},{"floor":4,"key":"SkillPotion"},{"floor":10,"key":"FearPotion"}],"is_trial":false,"path_per_floor":["M","$","?","M","M","E","R","?","T","E","M","M","R","E","R","B"],"character_chosen":"IRONCLAD","items_purchased":["expansioncontent:Hexaburn"],"campfire_rested":1,"item_purchase_floors":[2],"current_hp_per_floor":[59,59,59,70,75,73,73,73,73,57,69,67,67,48,70,0,0],"gold":236,"neow_bonus":"ONE_RANDOM_RARE_CARD","is_daily":false,"chose_seed":false,"campfire_upgraded":2,"win_rate":0.0,"timestamp":1608252177,"path_taken":["M","$","?","M","M","E","R","?","T","E","M","M","R","E","R","BOSS"],"items_purchased_type":["Card"],"build_version":"2020-12-13","purchased_purges":0,"victory":false,"max_hp_per_floor":[75,75,75,75,75,75,75,75,75,75,75,75,75,75,75,75,75],"relic_stats":{"counters":[9,39],"obtain_stats":[{"ReplayTheSpireMod:Ninjato":9,"infinitespire:Lucky Rock":10,"Replay:Mystery Machine":14,"Burning Blood":0,"Paper Frog":6},{"ReplayTheSpireMod:Ninjato":4,"infinitespire:Lucky Rock":5,"Replay:Mystery Machine":8,"Burning Blood":0,"Paper Frog":4},{"ReplayTheSpireMod:Ninjato":15,"infinitespire:Lucky Rock":21,"Replay:Mystery Machine":32,"Burning Blood":0,"Paper Frog":15}],"Burning Blood":47},"card_choices":[{"not_picked":["Shockwave","Armaments","Seeing Red"],"picked":"SKIP","floor":1},{"not_picked":["Anger","Havoc"],"picked":"ReplayTheSpireMod:Stacked","floor":4},{"not_picked":["Sentinel","Headbutt","ReplayTheSpireMod:Limb From Limb"],"picked":"SKIP","floor":5},{"not_picked":["hubris:CleavingFinish","Reaper","Intimidate"],"picked":"SKIP","floor":6},{"not_picked":["Cleave","ReplayReversal"],"picked":"Exhume","floor":10},{"not_picked":["Disarm","Perfected Strike","Armaments"],"picked":"SKIP","floor":11},{"not_picked":["Sentinel","Ghostly Armor"],"picked":"Rupture","floor":12},{"not_picked":["Body Slam","Armaments","Replay:Undeath\u0027s Touch"],"picked":"SKIP","floor":14}],"player_experience":849472,"relics_obtained":[{"floor":6,"key":"Paper Frog"},{"floor":9,"key":"ReplayTheSpireMod:Ninjato"},{"floor":10,"key":"infinitespire:Lucky Rock"},{"floor":14,"key":"Replay:Mystery Machine"}],"event_choices":[{"damage_healed":0,"gold_gain":0,"player_choice":"Grow","damage_taken":0,"max_hp_gain":0,"max_hp_loss":0,"event_name":"Living Wall","floor":3,"gold_loss":0,"cards_upgraded":["expansioncontent:Hexaburn"]},{"damage_healed":0,"gold_gain":0,"cards_transformed":["Strike_R"],"player_choice":"Transformed","damage_taken":0,"max_hp_gain":0,"max_hp_loss":0,"event_name":"Transmorgrifier","floor":8,"gold_loss":0,"cards_obtained":["hubris:CleavingFinish"]}],"is_beta":false,"boss_relics":[],"items_purged_floors":[],"is_endless":false,"potions_floor_spawned":[1,4,10],"killed_by":"Fading Forest","ascension_level":19}}