{"host":"ocy7z4248lncoz2b","time":1608272858,"event":{"mods":["BaseMod","Beaked The Cultist","Better Match","Better Sensory Stone","Better Third Choice","BetterRewards","Clockwork Mod","Colored Powertips","Conspire","Downfall","Friendly Minions","Highlight Path","Hubris","Infinite Spire","Marisa????????","Mimic Mod","Minty Spire (QoL Compilation)","READ ME - Guardian Mod","Replay The Spire","Shop Mod","Spicy Shops","Spikes Relics","StSLib","SuperFastMode","The Blue Laboratory","The Construct","The Jungle"],"gold_per_floor":[99,99,132,151,184,208,133,153,153,165,165,165,178,193,193,193],"floor_reached":16,"playtime":539,"items_purged":[],"score":110,"play_id":"c3abdde8-3aa1-409d-8364-bdf654870e78","local_time":"20201218152738","is_ascension_mode":false,"campfire_choices":[{"data":"Guardian:CurlUp","floor":1,"key":"SMITH"},{"data":"Guardian:GemFire","floor":8,"key":"SMITH"},{"data":"Guardian:Harden","floor":10,"key":"SMITH"}],"circlet_count":0,"master_deck":["Guardian:Strike_Guardian","Guardian:Strike_Guardian","Guardian:Strike_Guardian","Guardian:Strike_Guardian","Guardian:Defend_Guardian+1","Guardian:Defend_Guardian","Guardian:Defend_Guardian","Guardian:Defend_Guardian","Guardian:CurlUp+1","Guardian:TwinSlam","Guardian:PrimingBeam","Guardian:ChargeCore","Guardian:GemFire+1","Guardian:Harden+1","Guardian:Recover+1","Guardian:FierceBash","Guardian:MultiBeam"],"relics":["Guardian:ModeShifter","hubris:Teleporter","Mango","Juzu Bracelet","MiniBlackHole","downfall:HeartBlessingGreen","War Paint","Potion Belt"],"acts_visited":["Exordium"],"potions_floor_usage":[16,16,16],"damage_taken":[{"damage":26,"enemies":"Replay:BlueRogue","floor":3,"turns":11},{"damage":0,"enemies":"2 Louse","floor":4,"turns":3},{"damage":24,"enemies":"3 Sentries","floor":5,"turns":10},{"damage":1,"enemies":"conspire:RoseBush","floor":9,"turns":3},{"damage":0,"enemies":"Jaw Worm","floor":11,"turns":3},{"damage":1,"enemies":"3 Louse","floor":14,"turns":4},{"damage":12,"enemies":"Large Slime","floor":15,"turns":9},{"damage":34,"enemies":"downfall:Ironclad","floor":16,"turns":9}],"seed_played":"1821184118638914758","potions_obtained":[{"floor":4,"key":"Explosive Potion"},{"floor":5,"key":"Strength Potion"},{"floor":14,"key":"champ:CounterPotion"},{"floor":15,"key":"Toxic Potion"}],"is_trial":false,"path_per_floor":["R","?","E","M","E","T","R","M","R","M","?","T","M","M","B"],"character_chosen":"GUARDIAN","items_purchased":[],"campfire_rested":0,"item_purchase_floors":[],"current_hp_per_floor":[72,77,65,65,41,41,41,40,40,40,40,40,39,27,0,0],"gold":193,"neow_bonus":"ONE_RARE_RELIC","is_daily":false,"chose_seed":false,"campfire_upgraded":3,"win_rate":0.0,"timestamp":1608272858,"path_taken":["R","?","E","M","E","T","R","M","R","M","?","?","M","M","BOSS"],"items_purchased_type":[],"build_version":"2020-12-13","purchased_purges":0,"victory":false,"max_hp_per_floor":[72,77,91,91,91,91,91,91,91,91,91,91,91,91,91,91],"card_choices":[{"not_picked":["Guardian:Gem_Cyan","Guardian:TemporalStrike"],"picked":"Guardian:PrimingBeam","floor":3},{"not_picked":["Guardian:RollAttack","Guardian:Gem_Green"],"picked":"Guardian:ChargeCore","floor":4},{"not_picked":["Guardian:Gem_White","Guardian:Gem_Fragmented"],"picked":"Guardian:GemFire","floor":5},{"not_picked":["Guardian:Gem_Crimson","Guardian:Gem_Cyan"],"picked":"Guardian:Harden","floor":9},{"not_picked":["Guardian:Gem_Cyan","Guardian:Gem_Green"],"picked":"Guardian:Recover","floor":11},{"not_picked":["Guardian:ChargeCore","Guardian:Gem_Green"],"picked":"Guardian:FierceBash","floor":14},{"not_picked":["Guardian:ShieldCharger","Guardian:TemporalStrike"],"picked":"Guardian:MultiBeam","floor":15}],"player_experience":255334,"relics_obtained":[{"floor":3,"key":"Mango"},{"floor":5,"key":"Juzu Bracelet"},{"floor":7,"key":"MiniBlackHole"},{"floor":12,"key":"War Paint"},{"floor":13,"key":"Potion Belt"}],"event_choices":[{"damage_healed":0,"gold_gain":0,"player_choice":"Donut","damage_taken":0,"max_hp_gain":5,"max_hp_loss":0,"event_name":"Big Fish","floor":2,"gold_loss":0}],"is_beta":false,"boss_relics":[],"items_purged_floors":[],"is_endless":false,"potions_floor_spawned":[4,5,14,15],"killed_by":"downfall:Ironclad","ascension_level":0}}