{"host":"n7gt2lywuauec2nz","time":1608297974,"event":{"mods":["2.2 Compatiblity","Act Like it!","Aspiration","BaseMod","Better Third Choice","Colored Powertips","DeckTracker","GifTheSpireLib","Highlight Path","Hubris","Infinite Spire","Minty Spire (QoL Compilation)","Quick Restart","Random Character Button","Relic Sorter","Replay The Spire","Retaliation","StSLib","Synergy Search","The Dragon Tamer","The Hierophant","The IronCluck","TheWitcher"],"gold_per_floor":[116,135,135,155,264,264,283,283,283,283,293,293,7,41,41,41,41,41],"floor_reached":16,"playtime":696,"items_purged":["Decay"],"score":100,"play_id":"e8328654-e10e-408a-8208-4bbf8be5c219","local_time":"20201218052614","is_ascension_mode":false,"metric_token":1491,"campfire_choices":[{"data":"DTMod:Inferno","floor":6,"key":"SMITH"},{"floor":10,"key":"REST"},{"data":"DTMod:Haste","floor":15,"key":"SMITH"}],"dtmod_dragon_data":[39,50,-1,-1,0,0],"circlet_count":0,"master_deck":["DTMod:Strike","DTMod:Strike","DTMod:Strike","DTMod:Strike","DTMod:DoubleHit","DTMod:TargetDefense","DTMod:TargetDefense+1","DTMod:TargetDefense","DTMod:TargetDefense","DTMod:SwitchingTactic","DTMod:Overwhelm+1","DTMod:Dissolve+1","DTMod:FlameSlash+1","DTMod:InvisibleFlame","DTMod:CalculatedDefense","DTMod:Inferno+1","DTMod:RunningTactic","DTMod:CalculatedDefense+1","DTMod:Haste+1"],"relics":["DTMod:PactStone","Guide Book","Ornamental Fan"],"acts_visited":["Exordium"],"potions_floor_usage":[11,16],"damage_taken":[{"damage":0,"enemies":"Jaw Worm","floor":1,"turns":4},{"damage":0,"enemies":"2 Louse","floor":2,"turns":3},{"damage":0,"enemies":"Small Slimes","floor":4,"turns":3},{"damage":0,"enemies":"Looter","floor":7,"turns":2},{"damage":0,"enemies":"Exordium Wildlife","floor":11,"turns":2},{"damage":1,"enemies":"Lagavulin","floor":14,"turns":8},{"damage":51,"enemies":"Fading Forest","floor":16,"turns":10}],"seed_played":"-7957135321608501351","potions_obtained":[{"floor":1,"key":"SkillPotion"},{"floor":4,"key":"Block Potion"},{"floor":7,"key":"EssenceOfSteel"}],"is_trial":false,"path_per_floor":["M","M","?","M","?","R","M","?","T","R","M","?","$","E","R","B"],"character_chosen":"THE_DT","items_purchased":["DTMod:CalculatedDefense+1","Guide Book"],"campfire_rested":1,"item_purchase_floors":[13,13],"current_hp_per_floor":[49,49,49,49,30,30,30,20,20,34,34,34,34,33,33,0,0,0],"gold":41,"neow_bonus":"TEN_PERCENT_HP_BONUS","is_daily":false,"chose_seed":false,"campfire_upgraded":2,"win_rate":0.0,"timestamp":1608297974,"path_taken":["M","M","?","M","?","R","M","?","T","R","?","?","$","E","R","BOSS"],"items_purchased_type":["Card","Relic"],"build_version":"2020-12-13","purchased_purges":1,"victory":false,"max_hp_per_floor":[49,49,49,49,49,49,49,49,49,49,49,49,49,49,49,49,49,49],"card_choices":[{"not_picked":["DTMod:Observe","DTMod:ComboAttack"],"picked":"DTMod:Overwhelm","floor":1},{"not_picked":["DTMod:BurningEnergy","DTMod:Feint"],"picked":"DTMod:Dissolve","floor":2},{"not_picked":["DTMod:BlazingStrike","DTMod:Threaten"],"picked":"DTMod:FlameSlash","floor":4},{"not_picked":["DTMod:ComboAttack","DTMod:Training"],"picked":"DTMod:InvisibleFlame","floor":5},{"not_picked":["DTMod:QuickFly","DTMod:RecklessFlurry"],"picked":"DTMod:CalculatedDefense","floor":5},{"not_picked":["DTMod:MaximumCharge","DTMod:Training"],"picked":"DTMod:Inferno","floor":5},{"not_picked":["DTMod:BizarreTactic","DTMod:MagicField","DTMod:BurningForce"],"picked":"SKIP","floor":7},{"not_picked":["DTMod:BlazingStrike","DTMod:BurningForce"],"picked":"DTMod:RunningTactic","floor":11},{"not_picked":["DTMod:GearUp","DTMod:Hide"],"picked":"DTMod:Haste","floor":14}],"player_experience":161097,"relics_obtained":[{"floor":14,"key":"Ornamental Fan"}],"event_choices":[{"damage_healed":30,"gold_gain":0,"player_choice":"Upgrade","damage_taken":10,"max_hp_gain":0,"max_hp_loss":49,"event_name":"betterThird:BetterShining","floor":8,"gold_loss":0,"cards_upgraded":["DTMod:FlameSlash","DTMod:TargetDefense"]},{"damage_healed":0,"gold_gain":0,"player_choice":"Cursed","damage_taken":0,"max_hp_gain":0,"max_hp_loss":0,"event_name":"Wheel of Change","floor":12,"gold_loss":0,"cards_obtained":["Decay"]}],"is_beta":false,"boss_relics":[],"items_purged_floors":[13],"is_endless":false,"potions_floor_spawned":[1,4,7],"killed_by":"Fading Forest","ascension_level":0}}