{"host":"fuszjwm6fqgjjp4d","time":1608278013,"event":{"mods":["BaseMod","Bestiary","Colored Map","DeckTracker","Minty Spire (QoL Compilation)","Permanent Neow","Relic Sorter","Relic Stats","StSLib"],"gold_per_floor":[15,15,15,25,39,73,73,87,87,152,152,180,180,195,195,195,195],"floor_reached":16,"playtime":401,"items_purged":[],"score":220,"play_id":"1dafb3b3-24ac-41be-91a8-a87153b90c56","local_time":"20201218015333","is_ascension_mode":true,"campfire_choices":[{"data":"Recycle","floor":7,"key":"SMITH"},{"floor":11,"key":"REST"},{"floor":15,"key":"REST"}],"circlet_count":0,"master_deck":["AscendersBane","Strike_B","Strike_B","Strike_B","Defend_B","Defend_B","Defend_B","Defend_B","Zap","Dualcast","Rip and Tear","Doom and Gloom","Undo","Recycle+1","Genetic Algorithm","Genetic Algorithm","Recycle"],"relics":["Cracked Core","Dead Branch","Question Card","Mercury Hourglass","Ornamental Fan"],"acts_visited":["Exordium"],"potions_floor_usage":[4,6,16],"damage_taken":[{"damage":5,"enemies":"2 Louse","floor":1,"turns":3},{"damage":0,"enemies":"Jaw Worm","floor":4,"turns":2},{"damage":0,"enemies":"Cultist","floor":5,"turns":3},{"damage":21,"enemies":"Lagavulin","floor":6,"turns":7},{"damage":24,"enemies":"Large Slime","floor":8,"turns":6},{"damage":28,"enemies":"Gremlin Nob","floor":12,"turns":4},{"damage":8,"enemies":"2 Fungi Beasts","floor":14,"turns":3},{"damage":30,"enemies":"Hexaghost","floor":16,"turns":9}],"seed_played":"1127586783077953104","potions_obtained":[{"floor":1,"key":"ColorlessPotion"},{"floor":4,"key":"DistilledChaos"},{"floor":12,"key":"FearPotion"},{"floor":14,"key":"Dexterity Potion"}],"is_trial":false,"path_per_floor":["M","?","?","M","M","E","R","M","T","?","R","E","?","M","R","B"],"character_chosen":"DEFECT","items_purchased":[],"campfire_rested":2,"item_purchase_floors":[],"current_hp_per_floor":[59,59,64,64,64,43,43,19,19,19,41,13,13,5,27,0,0],"gold":195,"neow_bonus":"ONE_RARE_RELIC","is_daily":false,"chose_seed":false,"campfire_upgraded":1,"win_rate":0.0,"timestamp":1608278013,"path_taken":["M","?","?","M","M","E","R","M","T","?","R","E","?","?","R","BOSS"],"items_purchased_type":[],"build_version":"2020-12-13","purchased_purges":0,"victory":false,"max_hp_per_floor":[71,71,76,76,76,76,76,76,76,76,76,76,76,76,76,76,76],"relic_stats":{"counters":[8,37],"Ornamental Fan":[0],"Dead Branch":[25],"Question Card":3,"obtain_stats":[{"Ornamental Fan":12,"Dead Branch":0,"Cracked Core":0,"Question Card":6,"Mercury Hourglass":9},{"Ornamental Fan":6,"Dead Branch":0,"Cracked Core":0,"Question Card":4,"Mercury Hourglass":5},{"Ornamental Fan":25,"Dead Branch":0,"Cracked Core":0,"Question Card":15,"Mercury Hourglass":21}],"Mercury Hourglass":[49]},"card_choices":[{"not_picked":["Steam Power","Cold Snap"],"picked":"Rip and Tear","floor":1},{"not_picked":["Stack","Redo"],"picked":"Undo","floor":4},{"not_picked":["Cold Snap","Go for the Eyes","Stack"],"picked":"SKIP","floor":5},{"not_picked":["Melter","Ball Lightning"],"picked":"Recycle","floor":6},{"not_picked":["Coolheaded","Barrage","Sweeping Beam"],"picked":"Genetic Algorithm","floor":8},{"not_picked":["Stack","Leap","Gash"],"picked":"Genetic Algorithm","floor":12},{"not_picked":["Steam","Sunder","Ball Lightning"],"picked":"Recycle","floor":14}],"player_experience":1171337,"relics_obtained":[{"floor":6,"key":"Question Card"},{"floor":9,"key":"Mercury Hourglass"},{"floor":12,"key":"Ornamental Fan"}],"event_choices":[{"damage_healed":0,"gold_gain":0,"cards_transformed":["Strike_B"],"player_choice":"Change","damage_taken":0,"max_hp_gain":0,"max_hp_loss":0,"event_name":"Living Wall","floor":2,"gold_loss":0,"cards_obtained":["Doom and Gloom"]},{"damage_healed":0,"gold_gain":0,"player_choice":"Donut","damage_taken":0,"max_hp_gain":5,"max_hp_loss":0,"event_name":"Big Fish","floor":3,"gold_loss":0},{"damage_healed":0,"gold_gain":65,"player_choice":"Gained Gold","damage_taken":0,"max_hp_gain":0,"max_hp_loss":0,"event_name":"Golden Wing","floor":10,"gold_loss":0},{"damage_healed":0,"gold_gain":0,"player_choice":"Fled","damage_taken":0,"max_hp_gain":0,"max_hp_loss":0,"event_name":"Scrap Ooze","floor":13,"gold_loss":0}],"is_beta":false,"boss_relics":[],"items_purged_floors":[],"is_endless":false,"potions_floor_spawned":[1,4,12,14],"killed_by":"Hexaghost","ascension_level":20}}