{"host":"ayxh4kux2sct7fpu","time":1608251073,"event":{"mods":["BaseMod","Downfall","Highlight Path","Minty Spire (QoL Compilation)","StSLib"],"gold_per_floor":[99,109,141,141,152,64,87,87,97,97,97,97,97,108,121,224,224,224,243,243,243,100,100,100,100,133,133,147,167,52,52,71,167,167,167,167,263,263,342,355,355,355,380,380,390,402,419,436,450,450,450],"floor_reached":50,"playtime":2279,"items_purged":["Writhe","Slimebound:Tackle"],"score":515,"play_id":"298848aa-80cb-47ce-99d2-98481d53a30f","local_time":"20201217222433","is_ascension_mode":false,"campfire_choices":[{"data":"Slimebound:Split","floor":1,"key":"SMITH"},{"data":"Slimebound:SplitAcid","floor":4,"key":"SMITH"},{"floor":8,"key":"REST"},{"data":"Slimebound:LevelUp","floor":10,"key":"SMITH"},{"data":"Slimebound:MassRepurpose","floor":18,"key":"SMITH"},{"data":"Slimebound:SplitAcid","floor":21,"key":"SMITH"},{"data":"Slimebound:SplitAcid","floor":23,"key":"SMITH"},{"data":"Slimebound:SlimeSpikes","floor":27,"key":"SMITH"},{"data":"Slimebound:MassFeed","floor":35,"key":"SMITH"},{"data":"Slimebound:CorrosiveSpit","floor":38,"key":"SMITH"},{"data":"Slimebound:Grow","floor":42,"key":"SMITH"},{"data":"Slimebound:GoopSpray","floor":44,"key":"SMITH"}],"circlet_count":0,"master_deck":["Slimebound:Defend_Slimebound","Slimebound:Defend_Slimebound","Slimebound:Split+1","Slimebound:CorrosiveSpit+1","Slimebound:LeechEnergy","Slimebound:SplitAcid+1","Slimebound:RejuvenatingLick+1","Slimebound:LevelUp+1","Slimebound:FirmFortitude","Slimebound:SlimeSpikes+1","Slimebound:MassRepurpose+1","Slimebound:SplitAcid+1","Slimebound:Grow+1","Slimebound:SplitAcid+1","Slimebound:LivingWall+1","Slimebound:GoopSpray+1","Slimebound:PressTheAttack+1","Slimebound:PressTheAttack","Slimebound:MassFeed+1","Slimebound:MegaLick+1","Slimebound:RejuvenatingLick+1","Slimebound:LivingWall+1","Slimebound:ComboTackle+1","Slimebound:Schlurp+1","Slimebound:SplitLeeching","Slimebound:LeadByExample+1","Parasite","Slimebound:RejuvenatingLick+1"],"relics":["Slimebound:AbsorbEndCombat","Happy Flower","StrikeDummy","Ancient Tea Set","Turnip","InkBottle","Pocketwatch","Astrolabe","Vajra","Pear","Bottled Tornado","Pantograph"],"acts_visited":["Exordium","TheCity","TheBeyond"],"potions_floor_usage":[16,16,26,33,50],"damage_taken":[{"damage":8,"enemies":"2 Louse","floor":2,"turns":2},{"damage":40,"enemies":"3 Sentries","floor":3,"turns":7},{"damage":0,"enemies":"Small Slimes","floor":5,"turns":3},{"damage":15,"enemies":"downfall:FleeingMerchant","floor":6,"turns":4},{"damage":9,"enemies":"Jaw Worm","floor":9,"turns":3},{"damage":10,"enemies":"Gremlin Gang","floor":14,"turns":2},{"damage":31,"enemies":"Exordium Thugs","floor":15,"turns":3},{"damage":35,"enemies":"downfall:Ironclad","floor":16,"turns":5},{"damage":15,"enemies":"3 Byrds","floor":19,"turns":3},{"damage":10,"enemies":"downfall:FleeingMerchant","floor":22,"turns":4},{"damage":55,"enemies":"Book of Stabbing","floor":26,"turns":5},{"damage":35,"enemies":"Shell Parasite","floor":28,"turns":5},{"damage":16,"enemies":"Chosen and Byrds","floor":29,"turns":2},{"damage":30,"enemies":"downfall:FleeingMerchant","floor":30,"turns":4},{"damage":25,"enemies":"Centurion and Healer","floor":32,"turns":6},{"damage":63,"enemies":"downfall:Watcher","floor":33,"turns":9},{"damage":16,"enemies":"downfall:FleeingMerchant","floor":37,"turns":3},{"damage":4,"enemies":"3 Shapes","floor":40,"turns":4},{"damage":65,"enemies":"Reptomancer","floor":43,"turns":5},{"damage":8,"enemies":"3 Darklings","floor":45,"turns":2},{"damage":40,"enemies":"4 Shapes","floor":46,"turns":3},{"damage":21,"enemies":"Writhing Mass","floor":47,"turns":5},{"damage":42,"enemies":"Spire Growth","floor":48,"turns":5},{"damage":32,"enemies":"Transient","floor":49,"turns":5},{"damage":101,"enemies":"downfall:Defect","floor":50,"turns":8}],"seed_played":"4983139326259011231","potions_obtained":[{"floor":5,"key":"champ:CounterPotion"},{"floor":9,"key":"champ:CounterPotion"},{"floor":14,"key":"Slimebound:SlimedPotion"},{"floor":28,"key":"Slimebound:SlimedPotion"},{"floor":29,"key":"LiquidBronze"},{"floor":33,"key":"Slimebound:SlimyTonguePotion"},{"floor":47,"key":"EntropicBrew"},{"floor":48,"key":"Energy Potion"}],"is_trial":false,"path_per_floor":["R","M","E","R","M","$","T","R","M","R","?","?","?","M","M","B",null,"R","M","?","R","$","R","T","?","E","R","M","M","$","?","M","B",null,"R","?","$","R","T","M","T","R","E","R","M","M","M","M","M","B"],"character_chosen":"SLIMEBOUND","items_purchased":["Slimebound:LevelUp","Slimebound:SplitAcid","Vajra","FairyPotion"],"campfire_rested":1,"item_purchase_floors":[6,22,37,37],"current_hp_per_floor":[60,60,28,28,30,33,33,51,54,54,54,54,54,54,39,26,60,60,53,53,53,60,60,60,60,37,37,26,30,28,48,51,28,60,60,52,60,60,70,70,70,70,36,36,46,26,31,19,36,0,0],"gold":450,"neow_bonus":"RANDOM_COMMON_RELIC","is_daily":false,"chose_seed":false,"campfire_upgraded":11,"win_rate":0.0,"timestamp":1608251073,"path_taken":["R","M","E","R","M","$","T","R","M","R","?","?","?","M","M","BOSS","R","M","?","R","$","R","T","?","E","R","?","M","?","?","M","BOSS","R","?","?","R","?","M","T","R","E","R","M","?","M","M","M","BOSS"],"items_purchased_type":["Card","Card","Relic","Potion"],"build_version":"2020-12-13","purchased_purges":2,"victory":false,"max_hp_per_floor":[60,60,60,60,60,60,60,60,60,60,60,60,60,60,60,60,60,60,60,60,60,60,60,60,60,60,60,60,60,60,60,60,60,60,60,60,60,60,70,70,70,70,70,70,74,74,74,78,78,78,78],"card_choices":[{"not_picked":["Slimebound:PressTheAttack","Slimebound:SlimeBrawl"],"picked":"Slimebound:LeechEnergy","floor":2},{"not_picked":["Slimebound:FinishingTackle","Slimebound:PressTheAttack"],"picked":"Slimebound:SplitAcid","floor":3},{"not_picked":["Slimebound:SplitMire","Slimebound:Dissolve"],"picked":"Slimebound:RejuvenatingLick","floor":5},{"not_picked":["Slimebound:SplitMire","Slimebound:SlimeBrawl","Slimebound:RollThrough"],"picked":"SKIP","floor":6},{"not_picked":["Slimebound:ViciousTackle","Slimebound:OneTwoCombo","Slimebound:SplitAcid"],"picked":"SKIP","floor":9},{"not_picked":["Slimebound:PressTheAttack","Slimebound:SamplingLick"],"picked":"Slimebound:FirmFortitude","floor":14},{"not_picked":["Slimebound:GoopSpray","Slimebound:FormOfPuddle"],"picked":"Slimebound:SlimeSpikes","floor":15},{"not_picked":["Slimebound:MinionMaster","Slimebound:PrepareCrush"],"picked":"Slimebound:MassRepurpose","floor":16},{"not_picked":["Slimebound:GoopSpray","Slimebound:ViciousTackle"],"picked":"Slimebound:SplitAcid","floor":19},{"not_picked":["Slimebound:LeadByExample","Slimebound:ProtectTheBoss"],"picked":"Slimebound:Grow","floor":22},{"not_picked":["Slimebound:Repurpose","Slimebound:ComboTackle+1"],"picked":"Slimebound:LivingWall+1","floor":26},{"not_picked":["Slimebound:SlimeTap","Slimebound:ItLooksTasty+1"],"picked":"Slimebound:GoopSpray","floor":28},{"not_picked":["Slimebound:GrowthPunch","Slimebound:ForwardTackle+1"],"picked":"Slimebound:PressTheAttack","floor":29},{"not_picked":["Slimebound:DisruptingSlam+1","Slimebound:FirmFortitude+1"],"picked":"Slimebound:PressTheAttack","floor":30},{"not_picked":["Slimebound:GoopSpray","Slimebound:LeechingTouch","Slimebound:PrepareCrush"],"picked":"SKIP","floor":32},{"not_picked":["Slimebound:DouseInSlime","Slimebound:LeechLife"],"picked":"Slimebound:MassFeed","floor":33},{"not_picked":["Slimebound:Nibble+1","Slimebound:FinishingTackle"],"picked":"Slimebound:ComboTackle+1","floor":37},{"not_picked":["Slimebound:BestDefense+1","Slimebound:ComboTackle+1","Slimebound:LeechEnergy"],"picked":"SKIP","floor":40},{"not_picked":["Slimebound:ProtectTheBoss","Slimebound:GrowthPunch"],"picked":"Slimebound:Schlurp+1","floor":43},{"not_picked":["Slimebound:MegaLick","Slimebound:ItLooksTasty"],"picked":"Slimebound:SplitLeeching","floor":45},{"not_picked":["Slimebound:FinishingTackle","Slimebound:SlimeSpikes"],"picked":"Slimebound:LeadByExample+1","floor":46},{"not_picked":["Slimebound:Prepare","Slimebound:ComboTackle+1","Slimebound:ProtectTheBoss"],"picked":"SKIP","floor":47},{"not_picked":["Slimebound:PressTheAttack+1","Slimebound:SplitAcid+1"],"picked":"Slimebound:RejuvenatingLick+1","floor":48},{"not_picked":["Slimebound:Repurpose+1","Slimebound:ComboTackle","Slimebound:LeechingTouch+1"],"picked":"SKIP","floor":49}],"player_experience":279708,"relics_obtained":[{"floor":3,"key":"StrikeDummy"},{"floor":7,"key":"Ancient Tea Set"},{"floor":24,"key":"InkBottle"},{"floor":26,"key":"Pocketwatch"},{"floor":39,"key":"Pear"},{"floor":41,"key":"Bottled Tornado"},{"floor":43,"key":"Pantograph"}],"event_choices":[{"cards_removed":["Slimebound:Defend_Slimebound"],"damage_healed":0,"gold_gain":0,"player_choice":"Card Removal","damage_taken":0,"max_hp_gain":0,"max_hp_loss":0,"event_name":"The Cleric","floor":11,"gold_loss":0},{"damage_healed":0,"gold_gain":0,"player_choice":"Upgraded","damage_taken":0,"max_hp_gain":0,"max_hp_loss":0,"event_name":"Upgrade Shrine","floor":25,"gold_loss":0,"cards_upgraded":["Slimebound:RejuvenatingLick"]},{"damage_healed":20,"gold_gain":0,"player_choice":"Heal","damage_taken":0,"max_hp_gain":0,"max_hp_loss":0,"event_name":"The Library","floor":31,"gold_loss":0}],"is_beta":false,"boss_relics":[{"not_picked":["Runic Pyramid","Busted Crown","Cursed Key"]},{"not_picked":["Calling Bell","Coffee Dripper"],"picked":"Astrolabe"}],"items_purged_floors":[22,30],"is_endless":false,"potions_floor_spawned":[5,9,14,28,29,33,45,47,48],"killed_by":"downfall:Defect","ascension_level":0}}