{"host":"rih3m63woujmecfd","time":1608285406,"event":{"mods":["BaseMod","Lobotomy","LobotomyExtend","Minty Spire (QoL Compilation)","Remilia£®¿Ÿ√◊¿Ú—«£©","Replay The Spire","Shop Mod","StSLib"],"gold_per_floor":[120,137,137,148,158,158,172,172,222,75,75,119,132,151,151,151,151],"floor_reached":16,"playtime":892,"items_purged":[],"score":179,"play_id":"7f041889-4ddf-46fe-ae53-7eb5c638d9d0","local_time":"20201218175646","daily_mods":["Vintage","Heirloom","Time Dilation","Flight","DeadlyEvents","Elite Swarm","Lethality"],"is_ascension_mode":false,"campfire_choices":[],"circlet_count":0,"master_deck":["SpecialBullet","SpecialBullet","SpecialBullet","SpecialBullet","SpecialBullet","SpecialBullet","SpecialBullet","SpecialBullet","InformationCode","ControlCode","SecurityCode","Laetitia","OldLady","ParadiseLost","PlagueDoctor"],"relics":["CogitoBucket","Garlic","LetterFromLob","Anchor","Mirror","HornCleat","BranchBurnRelic","Dream Catcher","CeramicFish","MerchantsRug","Bag of Marbles","Bottled Lightning","TreeSap","Akabeko"],"acts_visited":["Exordium"],"potions_floor_usage":[],"damage_taken":[{"damage":0,"enemies":"2 Louse","floor":1,"turns":1},{"damage":0,"enemies":"Small Slimes","floor":2,"turns":2},{"damage":1,"enemies":"Jaw Worm","floor":4,"turns":2},{"damage":0,"enemies":"Looter","floor":5,"turns":2},{"damage":0,"enemies":"Exordium Thugs","floor":7,"turns":3},{"damage":0,"enemies":"Gremlin Nob","floor":12,"turns":2},{"damage":22,"enemies":"Blue Slaver","floor":13,"turns":4},{"damage":0,"enemies":"2 Fungi Beasts","floor":14,"turns":2},{"damage":83,"enemies":"The Guardian","floor":16,"turns":6}],"seed_played":"-904675061580704372","potions_obtained":[],"is_trial":true,"path_per_floor":["M","M","M","M","M","R","M","R","T","$","R","E","M","M","R","B"],"character_chosen":"Angela","items_purchased":["MerchantsRug"],"campfire_rested":0,"item_purchase_floors":[10],"current_hp_per_floor":[70,70,70,70,70,70,70,70,70,70,70,70,68,74,74,0,0],"gold":151,"neow_bonus":"","is_daily":false,"chose_seed":false,"campfire_upgraded":0,"win_rate":0.0,"timestamp":1608285406,"path_taken":["M","M","M","M","M","R","M","R","T","$","R","E","M","M","R","BOSS"],"items_purchased_type":["Relic"],"build_version":"2020-12-13","purchased_purges":0,"victory":false,"max_hp_per_floor":[70,70,70,70,70,70,70,70,70,70,70,70,70,74,74,74,74],"card_choices":[{"not_picked":["ShyLook","BigBadWolf"],"picked":"QueenOfHatred","floor":2},{"not_picked":["Bloodbath","WallGazer"],"picked":"Laetitia","floor":5},{"not_picked":["GalaxyChild","Porccubus"],"picked":"OldLady","floor":7},{"not_picked":["Pinks"],"picked":"ParadiseLost","floor":12},{"not_picked":["MHz","WallGazer"],"picked":"PlagueDoctor","floor":14}],"player_experience":124458,"relics_obtained":[{"floor":1,"key":"Garlic"},{"floor":1,"key":"LetterFromLob"},{"floor":2,"key":"Anchor"},{"floor":4,"key":"Mirror"},{"floor":5,"key":"HornCleat"},{"floor":7,"key":"Dream Catcher"},{"floor":9,"key":"CeramicFish"},{"floor":12,"key":"Bag of Marbles"},{"floor":13,"key":"Bottled Lightning"},{"floor":14,"key":"Akabeko"}],"event_choices":[],"is_beta":false,"boss_relics":[],"items_purged_floors":[],"is_endless":true,"potions_floor_spawned":[],"killed_by":"The Guardian","ascension_level":0}}