{"host":"9tzam4717zt8ei1o","time":1608308974,"event":{"mods":["BaseMod","Colored Map","Keyboard Shortcuts","Minty Spire (QoL Compilation)","Quick Restart","StSLib","SuperFastMode"],"gold_per_floor":[112,123,10,10,21,21,21,21],"floor_reached":7,"playtime":123,"items_purged":[],"score":80,"play_id":"0048ee46-8407-4429-86e9-0a355f868ec5","local_time":"20201219012934","is_ascension_mode":true,"campfire_choices":[{"data":"Neutralize","floor":6.0,"key":"SMITH"}],"circlet_count":0,"master_deck":["AscendersBane","Strike_G","Strike_G","Strike_G","Strike_G","Strike_G","Defend_G","Defend_G","Defend_G","Defend_G","Defend_G","Survivor","Neutralize+1","Deadly Poison","Dagger Spray","Backflip"],"relics":["Ring of the Snake","Meat on the Bone"],"acts_visited":["Exordium"],"potions_floor_usage":[7,7],"damage_taken":[{"damage":20.0,"enemies":"Jaw Worm","floor":1.0,"turns":10.0},{"damage":2.0,"enemies":"2 Louse","floor":2.0,"turns":4.0},{"damage":5.0,"enemies":"Small Slimes","floor":5.0,"turns":4.0},{"damage":43,"enemies":"Gremlin Nob","floor":7,"turns":4}],"seed_played":"3462425677406349475","potions_obtained":[{"floor":0.0,"key":"PowerPotion"},{"floor":0.0,"key":"CunningPotion"},{"floor":1.0,"key":"Dexterity Potion"},{"floor":5.0,"key":"Regen Potion"}],"is_trial":false,"path_per_floor":["M","M","$","?","M","R","E"],"character_chosen":"THE_SILENT","items_purchased":["Dagger Spray","Backflip"],"campfire_rested":0,"item_purchase_floors":[3,3],"current_hp_per_floor":[39,37,37,26,33,33,0,0],"gold":21,"neow_bonus":"THREE_SMALL_POTIONS","is_daily":false,"chose_seed":false,"campfire_upgraded":1,"win_rate":0.0,"timestamp":1608308974,"path_taken":["M","M","$","?","M","R","E"],"items_purchased_type":["Card","Card"],"build_version":"2020-12-13","purchased_purges":0,"victory":false,"max_hp_per_floor":[66,66,66,66,66,66,66,66],"card_choices":[{"not_picked":["Bane","Underhanded Strike"],"picked":"Deadly Poison","floor":1.0},{"not_picked":["Flying Knee","Dodge and Roll","Concentrate"],"picked":"SKIP","floor":2.0},{"not_picked":["Reflex","Outmaneuver","Terror"],"picked":"SKIP","floor":5.0}],"player_experience":86058,"relics_obtained":[],"event_choices":[{"damage_healed":0.0,"max_hp_gain":0.0,"max_hp_loss":0.0,"gold_gain":0.0,"event_name":"Scrap Ooze","player_choice":"Success","floor":4.0,"gold_loss":0.0,"damage_taken":11.0,"relics_obtained":["Meat on the Bone"]}],"is_beta":false,"boss_relics":[],"items_purged_floors":[],"is_endless":false,"potions_floor_spawned":[1,5],"killed_by":"Gremlin Nob","ascension_level":19}}