{"host":"svab9sudlrudptws","time":1608315831,"event":{"mods":["BaseMod","Colored Powertips","Minty Spire (QoL Compilation)","Robot Space Explorer","Shade Mod","StSLib","The Blackbeard","The Mystic","The Necromancer","The Poker Player","The Servant 0.9.4"],"gold_per_floor":[113,129,129,139,158,186,203,228,281,281,292,292,180,196,196,296,296,314,334,123,139,139,168,187,187,255,285,285,318,350,397,409,524,536,565,105,125,125,125,125,150,170,170,187,187,203,203,220,220,220,220,220,42,69,69],"floor_reached":56,"playtime":18187,"items_purged":["Pain"],"score":1445,"play_id":"07caf56a-bb4d-4a02-ab5d-de59273b9e00","local_time":"20201218202351","is_ascension_mode":true,"campfire_choices":[{"data":"RobotSpaceExplorer:PlasmaMissile","floor":10,"key":"SMITH"},{"data":"RobotSpaceExplorer:PowerCollector","floor":12,"key":"SMITH"},{"data":"RobotSpaceExplorer:MiniBoosters","floor":15,"key":"SMITH"},{"floor":25,"key":"REST"},{"floor":32,"key":"REST"},{"floor":40,"key":"DIG"},{"floor":45,"key":"REST"},{"floor":47,"key":"RECALL"},{"floor":49,"key":"REST"},{"floor":52,"key":"DIG"}],"circlet_count":0,"master_deck":["RobotSpaceExplorer:Strike","RobotSpaceExplorer:Strike+1","RobotSpaceExplorer:Strike","RobotSpaceExplorer:Strike","RobotSpaceExplorer:Defend","RobotSpaceExplorer:Defend","RobotSpaceExplorer:Defend","RobotSpaceExplorer:Defend","RobotSpaceExplorer:Scan","RobotSpaceExplorer:MiniLasers","RobotSpaceExplorer:PlasmaMissile+1","RobotSpaceExplorer:PowerCollector+1","RobotSpaceExplorer:Blitz+1","RobotSpaceExplorer:Reload","RobotSpaceExplorer:Blaster","RobotSpaceExplorer:MiniDrones","RobotSpaceExplorer:MiniBoosters+1","RobotSpaceExplorer:LuckyStrike","RobotSpaceExplorer:Accelerator","RobotSpaceExplorer:GlueShot","RobotSpaceExplorer:Fix","Writhe","RobotSpaceExplorer:ScrapMissile","RobotSpaceExplorer:LaserBurst","RobotSpaceExplorer:ScrapMissile","RobotSpaceExplorer:LaserBurst+1","RobotSpaceExplorer:PowerCollector+1","RobotSpaceExplorer:Pulsar+1","Madness","Madness","RobotSpaceExplorer:Pulsar+1","RobotSpaceExplorer:GlueShot","RobotSpaceExplorer:FreezingShield+1","RobotSpaceExplorer:FreezeRay+1","RobotSpaceExplorer:FreezeRay+1","RobotSpaceExplorer:PowerGlove+1"],"relics":["RobotSpaceExplorer:RoboCore","WarpedTongs","Whetstone","MealTicket","Potion Belt","Fusion Hammer","RobotSpaceExplorer:ClockworkSextant","StrikeDummy","Regal Pillow","Question Card","Shuriken","Shovel","MawBank","Bottled Tornado","Frozen Egg 2","SacredBark","Bag of Preparation","Nunchaku","Pantograph","Pen Nib","Blue Candle","RobotSpaceExplorer:ToughPlating","Mummified Hand","Oddly Smooth Stone"],"acts_visited":["Exordium","TheCity","TheBeyond","TheEnding"],"potions_floor_usage":[8,23,29,31,35,37,41,42,54,55,55,55,55,55,55,55,55],"damage_taken":[{"damage":2,"enemies":"Jaw Worm","floor":1,"turns":4},{"damage":0,"enemies":"Cultist","floor":2,"turns":3},{"damage":3,"enemies":"2 Louse","floor":4,"turns":3},{"damage":5,"enemies":"Blue Slaver","floor":5,"turns":3},{"damage":19,"enemies":"Gremlin Nob","floor":6,"turns":4},{"damage":6,"enemies":"3 Louse","floor":7,"turns":3},{"damage":13,"enemies":"3 Sentries","floor":8,"turns":4},{"damage":1,"enemies":"Exordium Thugs","floor":11,"turns":4},{"damage":0,"enemies":"Looter","floor":14,"turns":3},{"damage":18,"enemies":"Hexaghost","floor":16,"turns":9},{"damage":0,"enemies":"Chosen","floor":18,"turns":4},{"damage":0,"enemies":"3 Byrds","floor":19,"turns":4},{"damage":4,"enemies":"Centurion and Healer","floor":21,"turns":4},{"damage":12,"enemies":"Book of Stabbing","floor":23,"turns":4},{"damage":11,"enemies":"Cultist and Chosen","floor":24,"turns":5},{"damage":18,"enemies":"Gremlin Leader","floor":27,"turns":4},{"damage":30,"enemies":"Book of Stabbing","floor":29,"turns":4},{"damage":10,"enemies":"3 Cultists","floor":30,"turns":5},{"damage":30,"enemies":"Gremlin Leader","floor":31,"turns":5},{"damage":16,"enemies":"Champ","floor":33,"turns":7},{"damage":20,"enemies":"3 Darklings","floor":35,"turns":5},{"damage":18,"enemies":"3 Shapes","floor":37,"turns":6},{"damage":26,"enemies":"Reptomancer","floor":41,"turns":4},{"damage":11,"enemies":"Writhing Mass","floor":42,"turns":3},{"damage":9,"enemies":"Jaw Worm Horde","floor":44,"turns":4},{"damage":0,"enemies":"4 Shapes","floor":46,"turns":3},{"damage":29,"enemies":"3 Darklings","floor":48,"turns":3},{"damage":19,"enemies":"Donu and Deca","floor":50,"turns":5},{"damage":1,"enemies":"Shield and Spear","floor":54,"turns":4},{"damage":0,"enemies":"The Heart","floor":55,"turns":4}],"seed_played":"-6190477423567621558","potions_obtained":[{"floor":2,"key":"SneckoOil"},{"floor":6,"key":"SkillPotion"},{"floor":7,"key":"DistilledChaos"},{"floor":8,"key":"SmokeBomb"},{"floor":11,"key":"BlessingOfTheForge"},{"floor":16,"key":"AttackPotion"},{"floor":18,"key":"SteroidPotion"},{"floor":19,"key":"Weak Potion"},{"floor":24,"key":"BlessingOfTheForge"},{"floor":27,"key":"DuplicationPotion"},{"floor":30,"key":"EssenceOfSteel"},{"floor":31,"key":"Fire Potion"},{"floor":35,"key":"GamblersBrew"},{"floor":37,"key":"SteroidPotion"},{"floor":44,"key":"SpeedPotion"}],"is_trial":false,"path_per_floor":["M","M","?","M","M","E","M","E","T","R","M","R","$","M","R","B",null,"M","M","$","M","?","E","M","R","T","E","?","E","M","E","R","B",null,"M","$","M","?","?","R","E","M","T","M","R","M","R","M","R","B",null,"R","$","E","B",null],"character_chosen":"RobotSpaceExplorer","items_purchased":["RobotSpaceExplorer:MiniBoosters","RobotSpaceExplorer:ClockworkSextant","RobotSpaceExplorer:Fix","Bag of Preparation","EntropicBrew","RobotSpaceExplorer:PowerCollector+1","Nunchaku","PowerPotion","Block Potion","RobotSpaceExplorer:PowerGlove+1"],"campfire_rested":4,"item_purchase_floors":[13,20,20,36,36,36,36,53,53,53],"current_hp_per_floor":[80,80,80,77,72,53,47,34,34,34,33,33,48,48,48,30,82,82,82,82,82,82,70,63,82,82,68,82,56,50,24,63,47,82,66,81,63,53,53,53,27,16,16,7,46,46,46,17,56,66,82,82,82,81,82],"gold":69,"neow_bonus":"TEN_PERCENT_HP_BONUS","is_daily":false,"chose_seed":false,"campfire_upgraded":3,"win_rate":0.0,"timestamp":1608315831,"path_taken":["M","M","?","M","M","E","M","E","T","R","?","R","$","M","R","BOSS","M","M","$","M","?","E","M","R","T","E","?","E","M","E","R","BOSS","M","$","M","?","?","R","E","M","T","M","R","M","R","M","R","BOSS","R","$","E","BOSS"],"items_purchased_type":["Card","Relic","Card","Relic","Potion","Card","Relic","Potion","Potion","Card"],"build_version":"2020-12-13","purchased_purges":1,"victory":true,"max_hp_per_floor":[82,82,82,82,82,82,82,82,82,82,82,82,82,82,82,82,82,82,82,82,82,82,82,82,82,82,82,82,82,82,82,82,82,82,82,82,82,82,82,82,82,82,82,82,82,82,82,82,82,82,82,82,82,82,82],"card_choices":[{"not_picked":["RobotSpaceExplorer:Counterblock","RobotSpaceExplorer:SwiftStep"],"picked":"RobotSpaceExplorer:PlasmaMissile","floor":1},{"not_picked":["RobotSpaceExplorer:StunGrenade","RobotSpaceExplorer:Pulsar"],"picked":"RobotSpaceExplorer:PowerCollector","floor":2},{"not_picked":["RobotSpaceExplorer:ShovelStrike","RobotSpaceExplorer:Reload"],"picked":"RobotSpaceExplorer:Blitz","floor":4},{"not_picked":["RobotSpaceExplorer:ToxicBomb","RobotSpaceExplorer:DoubleFind","RobotSpaceExplorer:ShockKick"],"picked":"SKIP","floor":5},{"not_picked":["RobotSpaceExplorer:StunGrenade","RobotSpaceExplorer:Jetpack","RobotSpaceExplorer:ImprovisedAttack"],"picked":"SKIP","floor":6},{"not_picked":["RobotSpaceExplorer:Ammunition","RobotSpaceExplorer:ShovelStrike"],"picked":"RobotSpaceExplorer:Reload","floor":7},{"not_picked":["RobotSpaceExplorer:SwiftStep","RobotSpaceExplorer:SlimeMissile"],"picked":"RobotSpaceExplorer:Blaster","floor":8},{"not_picked":["RobotSpaceExplorer:ExhaustFan","RobotSpaceExplorer:Probe"],"picked":"RobotSpaceExplorer:MiniDrones","floor":11},{"not_picked":["RobotSpaceExplorer:LaserBurst","RobotSpaceExplorer:Probe"],"picked":"RobotSpaceExplorer:LuckyStrike","floor":14},{"not_picked":["RobotSpaceExplorer:Explosion","RobotSpaceExplorer:HighVoltage"],"picked":"RobotSpaceExplorer:Accelerator","floor":16},{"not_picked":["RobotSpaceExplorer:StarLightning","RobotSpaceExplorer:FranticSearch"],"picked":"RobotSpaceExplorer:GlueShot","floor":18},{"not_picked":["RobotSpaceExplorer:Counterblock+1","RobotSpaceExplorer:StunGrenade","RobotSpaceExplorer:ExhaustFan"],"picked":"SKIP","floor":19},{"not_picked":["RobotSpaceExplorer:ScrapMissile","RobotSpaceExplorer:GlueSpray"],"picked":"RobotSpaceExplorer:Exploration","floor":21},{"not_picked":["RobotSpaceExplorer:Probe","RobotSpaceExplorer:MetalStrike"],"picked":"RobotSpaceExplorer:ScrapMissile","floor":23},{"not_picked":["RobotSpaceExplorer:SurgingShield","RobotSpaceExplorer:Electropulse","RobotSpaceExplorer:FrostMissile","RobotSpaceExplorer:SurgingStrike+1"],"picked":"SKIP","floor":24},{"not_picked":["RobotSpaceExplorer:TurboDodge","RobotSpaceExplorer:Comet","RobotSpaceExplorer:Probe","RobotSpaceExplorer:ShovelStrike"],"picked":"SKIP","floor":27},{"not_picked":["RobotSpaceExplorer:SelfCleaning+1","RobotSpaceExplorer:SurgingStrike","RobotSpaceExplorer:FreezingShield"],"picked":"RobotSpaceExplorer:Exploration","floor":29},{"not_picked":["RobotSpaceExplorer:GlueSpray","RobotSpaceExplorer:LuckyStrike","RobotSpaceExplorer:Ammunition+1"],"picked":"RobotSpaceExplorer:LaserBurst","floor":30},{"not_picked":["RobotSpaceExplorer:SurgingStrike","RobotSpaceExplorer:Probe","RobotSpaceExplorer:ShockKick"],"picked":"RobotSpaceExplorer:ScrapMissile","floor":31},{"not_picked":["RobotSpaceExplorer:Scanner+1","RobotSpaceExplorer:HighVoltage","RobotSpaceExplorer:BlastShield"],"picked":"RobotSpaceExplorer:Exploration","floor":33},{"not_picked":["RobotSpaceExplorer:MetalStrike+1","RobotSpaceExplorer:FranticSearch","RobotSpaceExplorer:RigExplosive"],"picked":"RobotSpaceExplorer:LaserBurst+1","floor":35},{"not_picked":["RobotSpaceExplorer:GlueShot","RobotSpaceExplorer:MakeshiftVolley+1","RobotSpaceExplorer:Ammunition+1"],"picked":"RobotSpaceExplorer:Pulsar+1","floor":37},{"not_picked":["RobotSpaceExplorer:SwiftStep+1","RobotSpaceExplorer:FrostMissile","RobotSpaceExplorer:FranticSearch"],"picked":"RobotSpaceExplorer:Pulsar+1","floor":41},{"not_picked":["RobotSpaceExplorer:Calculate+1","RobotSpaceExplorer:SlimeMissile","RobotSpaceExplorer:FranticSearch+1"],"picked":"RobotSpaceExplorer:GlueShot","floor":42},{"not_picked":["RobotSpaceExplorer:MetalStrike","RobotSpaceExplorer:Discharger+1","RobotSpaceExplorer:ShockKick"],"picked":"RobotSpaceExplorer:FreezingShield+1","floor":44},{"not_picked":["RobotSpaceExplorer:FrostMissile+1","RobotSpaceExplorer:Probe+1","RobotSpaceExplorer:PlasmaMissile"],"picked":"RobotSpaceExplorer:FreezeRay+1","floor":46},{"not_picked":["RobotSpaceExplorer:PowerCollector+1","RobotSpaceExplorer:ExhaustFan+1","RobotSpaceExplorer:SurgingShield"],"picked":"RobotSpaceExplorer:FreezeRay+1","floor":48},{"not_picked":["RobotSpaceExplorer:Electroshield","RobotSpaceExplorer:Comet","RobotSpaceExplorer:SelfCleaning","RobotSpaceExplorer:DoubleBlock"],"picked":"SKIP","floor":54}],"player_experience":1581385,"relics_obtained":[{"floor":6,"key":"Whetstone"},{"floor":8,"key":"MealTicket"},{"floor":9,"key":"Potion Belt"},{"floor":23,"key":"Regal Pillow"},{"floor":23,"key":"Question Card"},{"floor":26,"key":"Shuriken"},{"floor":27,"key":"Shovel"},{"floor":29,"key":"MawBank"},{"floor":31,"key":"Bottled Tornado"},{"floor":33,"key":"Frozen Egg 2"},{"floor":37,"key":"Pantograph"},{"floor":40,"key":"Blue Candle"},{"floor":41,"key":"RobotSpaceExplorer:ToughPlating"},{"floor":52,"key":"Mummified Hand"},{"floor":54,"key":"Oddly Smooth Stone"}],"event_choices":[{"damage_healed":0,"gold_gain":0,"player_choice":"Rummage","damage_taken":0,"relics_obtained":["WarpedTongs"],"max_hp_gain":0,"max_hp_loss":0,"event_name":"Accursed Blacksmith","floor":3,"gold_loss":0,"cards_obtained":["Pain"]},{"damage_healed":0,"gold_gain":0,"player_choice":"Opened","damage_taken":0,"relics_obtained":["StrikeDummy"],"max_hp_gain":0,"max_hp_loss":0,"event_name":"The Mausoleum","floor":22,"gold_loss":0,"cards_obtained":["Writhe"]},{"damage_healed":27,"gold_gain":0,"player_choice":"Heal","damage_taken":0,"max_hp_gain":0,"max_hp_loss":0,"event_name":"The Library","floor":28,"gold_loss":0},{"damage_healed":0,"gold_gain":0,"player_choice":"Embrace Madness","damage_taken":10,"max_hp_gain":0,"max_hp_loss":0,"event_name":"Winding Halls","floor":38,"gold_loss":0,"cards_obtained":["Madness","Madness"]},{"damage_healed":0,"gold_gain":0,"player_choice":"Gave Potion","damage_taken":0,"relics_obtained":["Pen Nib"],"max_hp_gain":0,"max_hp_loss":0,"event_name":"WeMeetAgain","floor":39,"gold_loss":0}],"is_beta":false,"boss_relics":[{"not_picked":["Pandora\u0027s Box","Philosopher\u0027s Stone"],"picked":"Fusion Hammer"},{"not_picked":["Empty Cage","SlaversCollar"],"picked":"SacredBark"}],"items_purged_floors":[13],"is_endless":false,"potions_floor_spawned":[2,6,7,8,11,16,18,19,24,27,30,31,35,37,44],"ascension_level":3}}