{"host":"hz7oro4zaett5eh9","time":1608331520,"event":{"mods":["BaseMod","Hermit","Hubris","Marisa????????","Minty Spire (QoL Compilation)","StSLib","The Bladedancer","The Construct","The Cursed","The Disciple","The Hierophant","The Mystic","The Necromancer","The Runesmith","The Servant 0.9.4"],"gold_per_floor":[31,206,190,140,34,83,94,94,118,118,150,28,82,82,82,203,203,163,7,18,36,36,36,36,36,36],"floor_reached":25,"playtime":3009,"items_purged":[],"score":159,"play_id":"5181c758-a755-43b5-8b9f-dc21fa09b8e6","local_time":"20201218224520","is_ascension_mode":false,"campfire_choices":[{"data":"hierophant:ThreeLashes","floor":8,"key":"SMITH"},{"data":"hierophant:Sermon","floor":15,"key":"SMITH"},{"floor":23,"key":"REST"}],"circlet_count":0,"master_deck":["hierophant:Strike_Hierophant","hierophant:Strike_Hierophant","hierophant:Strike_Hierophant","hierophant:Punish","hierophant:Defend_Hierophant","hierophant:Defend_Hierophant","hierophant:Defend_Hierophant","hierophant:ChurchCoffers","hierophant:Blessing","hierophant:SecretStash","hierophant:Sermon","hierophant:ThreeLashes+1","hierophant:ArchangelShield","hierophant:SealAway","hierophant:Martyrdom","hierophant:Upheaval","Parasite","hierophant:HammerAndAnvil","hierophant:Sermon+1","hierophant:TollTheBells","hierophant:FieryStrike","hierophant:Determination","hierophant:FlamingChariot","hierophant:SealAway","Good Instincts","hierophant:Endure"],"relics":["hierophant:PropheticMaskRelic","InkBottle","Omamori","Toy Ornithopter","Black Star","hubris:HerbalPaste"],"acts_visited":["Exordium","TheCity"],"potions_floor_usage":[13,16,18,21,21],"damage_taken":[{"damage":3,"enemies":"Small Slimes","floor":1,"turns":3},{"damage":13,"enemies":"Jaw Worm","floor":3,"turns":5},{"damage":17,"enemies":"Lagavulin","floor":6,"turns":10},{"damage":6,"enemies":"Cultist","floor":7,"turns":4},{"damage":4,"enemies":"2 Fungi Beasts","floor":11,"turns":3},{"damage":12,"enemies":"3 Sentries","floor":13,"turns":9},{"damage":21,"enemies":"Slime Boss","floor":16,"turns":13},{"damage":34,"enemies":"2 Thieves","floor":18,"turns":4},{"damage":41,"enemies":"3 Byrds","floor":20,"turns":10},{"damage":26,"enemies":"Centurion and Healer","floor":21,"turns":7},{"damage":59,"enemies":"Book of Stabbing","floor":25,"turns":6}],"seed_played":"-955127533663832783","potions_obtained":[{"floor":7,"key":"LiquidMemories"},{"floor":11,"key":"GamblersBrew"},{"floor":13,"key":"PowerPotion"},{"floor":16,"key":"PowerPotion"},{"floor":20,"key":"LiquidBronze"}],"is_trial":false,"path_per_floor":["M","?","M","?","$","E","M","R","T","?","M","$","E","?","R","B",null,"M","$","M","M","?","R","$","E"],"character_chosen":"HIEROPHANT","items_purchased":["hierophant:ArchangelShield","hierophant:SealAway","hierophant:Sermon","hierophant:TollTheBells","hubris:HerbalPaste"],"campfire_rested":1,"item_purchase_floors":[5,5,12,12,19],"current_hp_per_floor":[72,72,59,59,59,49,50,50,50,68,71,71,66,48,48,39,75,47,47,25,24,24,46,46,0,0],"gold":36,"neow_bonus":"TRANSFORM_TWO_CARDS","is_daily":false,"chose_seed":false,"campfire_upgraded":2,"win_rate":0.0,"timestamp":1608331520,"path_taken":["M","?","M","?","$","E","M","R","T","?","?","$","E","?","R","BOSS","M","$","M","M","?","R","$","E"],"items_purchased_type":["Card","Card","Card","Card","Relic"],"build_version":"2020-12-13","purchased_purges":0,"victory":false,"max_hp_per_floor":[75,75,75,75,75,75,75,75,75,75,75,75,75,75,75,75,75,75,75,75,75,75,75,75,75,75],"card_choices":[{"not_picked":["hierophant:Repentance","hierophant:Doubloon"],"picked":"hierophant:Sermon","floor":1},{"not_picked":["hierophant:Doubloon","hierophant:RustyCrate"],"picked":"hierophant:ThreeLashes","floor":3},{"not_picked":["hierophant:ThreeLashes","hierophant:HolyVerse"],"picked":"hierophant:Martyrdom","floor":6},{"not_picked":["hierophant:ConvertCurrency","hierophant:Smite"],"picked":"hierophant:Upheaval","floor":7},{"not_picked":["hierophant:Purify","hierophant:Doubloon"],"picked":"hierophant:HammerAndAnvil","floor":11},{"not_picked":["hierophant:Mercenaries","hierophant:Embezzle"],"picked":"hierophant:FieryStrike","floor":13},{"not_picked":["hierophant:Invocation","hierophant:MintersHammer"],"picked":"hierophant:Determination","floor":16},{"not_picked":["hierophant:Doubloon+1","hierophant:Refuge+1","hierophant:DisplayOfPower"],"picked":"SKIP","floor":18},{"not_picked":["hierophant:MorningPrayer","hierophant:RepressedViolence"],"picked":"hierophant:FlamingChariot","floor":20},{"not_picked":["hierophant:RustyCrate+1","hierophant:RepressedViolence"],"picked":"hierophant:SealAway","floor":21}],"player_experience":635035,"relics_obtained":[{"floor":6,"key":"InkBottle"},{"floor":13,"key":"Omamori"}],"event_choices":[{"damage_healed":0,"gold_gain":175,"player_choice":"AGREE","damage_taken":0,"max_hp_gain":0,"max_hp_loss":0,"event_name":"Liars Game","floor":2,"gold_loss":0,"cards_obtained":["Doubt"]},{"cards_removed":["Doubt"],"damage_healed":0,"gold_gain":0,"player_choice":"Card Removal","damage_taken":0,"max_hp_gain":0,"max_hp_loss":0,"event_name":"The Cleric","floor":4,"gold_loss":50},{"damage_healed":18,"gold_gain":0,"player_choice":"Healed and dodged fight","damage_taken":0,"max_hp_gain":0,"max_hp_loss":0,"event_name":"Mushrooms","floor":10,"gold_loss":0,"cards_obtained":["Parasite"]},{"damage_healed":0,"gold_gain":0,"player_choice":"Success","damage_taken":18,"relics_obtained":["Toy Ornithopter"],"max_hp_gain":0,"max_hp_loss":0,"event_name":"Scrap Ooze","floor":14,"gold_loss":0},{"damage_healed":0,"gold_gain":0,"player_choice":"2 cards matched","damage_taken":0,"max_hp_gain":0,"max_hp_loss":0,"event_name":"Match and Keep!","floor":22,"gold_loss":0,"cards_obtained":["Good Instincts","hierophant:Endure"]}],"is_beta":false,"boss_relics":[{"not_picked":["Ectoplasm","Velvet Choker"],"picked":"Black Star"}],"items_purged_floors":[],"is_endless":false,"potions_floor_spawned":[7,11,13,16,20],"killed_by":"Book of Stabbing","ascension_level":0}}