{"host":"t7pj92rmddqyxjfj","time":1608268341,"event":{"mods":["AchievementEnabler","Bard","BaseMod","Colored Map","Colored Powertips","Duelist Mod","Hermit","Minty Spire (QoL Compilation)","StSLib","SuperFastMode"],"gold_per_floor":[119,119,119,119,137,137,137,152,175,191,210,243,87,100,100,196,246,265,165,182,196,38,65,83,83,108,126,51,70,70,87,87,182,182,195,210,210,222,132,132,143,143,167,196,222,248,360,386,398,410,410],"floor_reached":50,"playtime":1498,"items_purged":["Defend_B","Strike_B","Defend_B"],"score":547,"play_id":"9cba14f5-8dfe-4a40-b610-52f160882dcc","local_time":"20201217221221","is_ascension_mode":false,"campfire_choices":[{"floor":6,"key":"REST"},{"floor":15,"key":"REST"},{"floor":30,"key":"REST"},{"floor":32,"key":"REST"},{"floor":40,"key":"REST"},{"floor":42,"key":"REST"},{"floor":49,"key":"REST"}],"circlet_count":0,"master_deck":["Strike_B","Defend_B","Defend_B+1","Zap","Dualcast","Reprogram","Gash","Gash","Leap","Bandage Up","All For One","Go for the Eyes+1","Sweeping Beam+1","Gash+1","FTL","Gash+1","Scrape","Gash+1","Echo Form","CurseOfTheBell","Leap+1","Gash+1","Zap","Beam Cell+1","Hologram+1","Conserve Battery+1"],"relics":["Cracked Core","Singing Bowl","PreservedInsect","Letter Opener","Strawberry","Du-Vu Doll","Tiny House","Bag of Preparation","Calling Bell","Art of War","Matryoshka","Girya","Centennial Puzzle","MawBank"],"acts_visited":["Exordium","TheCity","TheBeyond"],"potions_floor_usage":[11,12,14,16,21,21,24,27,41,46],"damage_taken":[{"damage":0,"enemies":"Cultist","floor":1,"turns":3},{"damage":5,"enemies":"Jaw Worm","floor":5,"turns":3},{"damage":10,"enemies":"Small Slimes","floor":8,"turns":3},{"damage":15,"enemies":"Gremlin Gang","floor":10,"turns":3},{"damage":0,"enemies":"Looter","floor":11,"turns":2},{"damage":12,"enemies":"Lagavulin","floor":12,"turns":5},{"damage":1,"enemies":"Exordium Thugs","floor":14,"turns":3},{"damage":72,"enemies":"Hexaghost","floor":16,"turns":15},{"damage":0,"enemies":"Chosen","floor":18,"turns":4},{"damage":25,"enemies":"Shell Parasite","floor":20,"turns":5},{"damage":26,"enemies":"3 Cultists","floor":21,"turns":5},{"damage":36,"enemies":"theDuelist:KaibaA2","floor":23,"turns":5},{"damage":19,"enemies":"Shelled Parasite and Fungi","floor":24,"turns":3},{"damage":19,"enemies":"Snecko","floor":27,"turns":4},{"damage":0,"enemies":"Sentry and Sphere","floor":29,"turns":2},{"damage":11,"enemies":"Snake Plant","floor":31,"turns":3},{"damage":8,"enemies":"Champ","floor":33,"turns":7},{"damage":54,"enemies":"3 Shapes","floor":35,"turns":3},{"damage":20,"enemies":"Orb Walker","floor":36,"turns":4},{"damage":18,"enemies":"Sphere and 2 Shapes","floor":38,"turns":3},{"damage":10,"enemies":"Jaw Worm Horde","floor":41,"turns":3},{"damage":43,"enemies":"Writhing Mass","floor":44,"turns":4},{"damage":20,"enemies":"4 Shapes","floor":45,"turns":3},{"damage":25,"enemies":"Maw","floor":46,"turns":5},{"damage":0,"enemies":"Transient","floor":48,"turns":5},{"damage":78,"enemies":"Time Eater","floor":50,"turns":8}],"seed_played":"-4519559536954202482","potions_obtained":[{"floor":5,"key":"Regen Potion"},{"floor":10,"key":"Explosive Potion"},{"floor":11,"key":"EssenceOfDarkness"},{"floor":12,"key":"Block Potion"},{"floor":14,"key":"ColorlessPotion"},{"floor":17,"key":"Regen Potion"},{"floor":21,"key":"SteroidPotion"},{"floor":23,"key":"LiquidMemories"},{"floor":27,"key":"Fruit Juice"},{"floor":29,"key":"FocusPotion"},{"floor":35,"key":"Strength Potion"},{"floor":38,"key":"BlessingOfTheForge"},{"floor":45,"key":"Swift Potion"}],"is_trial":false,"path_per_floor":["M","?","T","T","M","R","?","M","T","M","M","E","$","M","R","B",null,"M","$","M","M","$","E","M","?","T","M","$","M","R","M","R","B",null,"M","M","?","M","?","R","M","R","T","M","M","M","?","M","R","B"],"character_chosen":"DEFECT","items_purchased":["Bandage Up","FTL","Scrape"],"campfire_rested":7,"item_purchase_floors":[13,22,28],"current_hp_per_floor":[75,63,63,63,58,75,75,67,74,61,66,56,56,61,88,18,95,97,97,76,68,68,36,23,17,17,9,9,13,44,39,71,67,108,58,46,46,32,32,64,62,95,95,56,42,21,21,27,61,0,0],"gold":410,"neow_bonus":"THREE_CARDS","is_daily":false,"chose_seed":false,"campfire_upgraded":0,"win_rate":0.0,"timestamp":1608268341,"path_taken":["M","?","?","?","M","R","?","M","T","M","M","E","$","M","R","BOSS","M","$","M","?","$","E","?","?","T","M","?","M","R","M","R","BOSS","M","M","?","?","?","R","M","R","T","?","M","M","?","M","R","BOSS"],"items_purchased_type":["Card","Card","Card"],"build_version":"2020-12-13","purchased_purges":3,"victory":false,"max_hp_per_floor":[75,75,75,75,75,75,75,77,84,86,86,88,88,90,90,90,95,97,97,97,97,97,97,99,99,99,106,106,106,106,108,108,108,108,108,108,108,108,108,108,110,110,110,110,112,112,112,114,114,114,114],"card_choices":[{"not_picked":["Chill","Skim"],"picked":"Reprogram","floor":0},{"not_picked":["Coolheaded","Stack"],"picked":"Gash","floor":1},{"not_picked":["Sweeping Beam","Leap"],"picked":"Gash","floor":5},{"not_picked":["Aggregate","Undo","Hologram"],"picked":"Singing Bowl","floor":8},{"not_picked":["Coolheaded","Double Energy","Tempest"],"picked":"Singing Bowl","floor":10},{"not_picked":["Redo","Fusion"],"picked":"Leap","floor":11},{"not_picked":["Darkness","Storm","Hologram"],"picked":"Singing Bowl","floor":12},{"not_picked":["Doom and Gloom","Chaos","Undo"],"picked":"Singing Bowl","floor":14},{"not_picked":["Core Surge","Reboot"],"picked":"All For One","floor":16},{"not_picked":["Compile Driver","Cold Snap"],"picked":"Go for the Eyes","floor":17},{"not_picked":["Streamline","Tempest+1","Ball Lightning+1"],"picked":"Singing Bowl","floor":18},{"not_picked":["Turbo","Auto Shields"],"picked":"Sweeping Beam+1","floor":20},{"not_picked":["Doom and Gloom","Stack"],"picked":"Gash+1","floor":21},{"not_picked":["Doom and Gloom","Creative AI"],"picked":"Gash+1","floor":23},{"not_picked":["Redo","Hologram","Ball Lightning+1"],"picked":"Singing Bowl","floor":24},{"not_picked":["Storm","Sweeping Beam","Conserve Battery"],"picked":"Singing Bowl","floor":27},{"not_picked":["Leap","Conserve Battery"],"picked":"Gash+1","floor":29},{"not_picked":["Go for the Eyes","Hologram","Force Field"],"picked":"Singing Bowl","floor":31},{"not_picked":["Amplify","Thunder Strike"],"picked":"Echo Form","floor":33},{"not_picked":["Compile Driver","Rebound"],"picked":"Leap+1","floor":35},{"not_picked":["Conserve Battery","Lockon"],"picked":"Gash+1","floor":36},{"not_picked":["Conserve Battery","Sweeping Beam+1"],"picked":"Beam Cell+1","floor":38},{"not_picked":["Lockon+1","Sweeping Beam","Darkness"],"picked":"Singing Bowl","floor":41},{"not_picked":["Skim","Genetic Algorithm+1"],"picked":"Hologram+1","floor":44},{"not_picked":["Capacitor","Barrage+1","Go for the Eyes+1"],"picked":"Singing Bowl","floor":45},{"not_picked":["Capacitor+1","Blizzard+1"],"picked":"Conserve Battery+1","floor":46},{"not_picked":["Consume+1","Blizzard","Aggregate"],"picked":"Singing Bowl","floor":48}],"player_experience":503841,"relics_obtained":[{"floor":3,"key":"PreservedInsect"},{"floor":4,"key":"Letter Opener"},{"floor":9,"key":"Strawberry"},{"floor":12,"key":"Du-Vu Doll"},{"floor":23,"key":"Bag of Preparation"},{"floor":34,"key":"Art of War"},{"floor":34,"key":"Matryoshka"},{"floor":34,"key":"Girya"},{"floor":43,"key":"Centennial Puzzle"},{"floor":43,"key":"MawBank"}],"event_choices":[{"damage_healed":0,"gold_gain":0,"player_choice":"Success","damage_taken":12,"relics_obtained":["Singing Bowl"],"max_hp_gain":0,"max_hp_loss":0,"event_name":"Scrap Ooze","floor":2,"gold_loss":0},{"cards_removed":["Strike_B"],"damage_healed":0,"gold_gain":0,"player_choice":"Purged","damage_taken":0,"max_hp_gain":0,"max_hp_loss":0,"event_name":"Purifier","floor":7,"gold_loss":0},{"damage_healed":0,"gold_gain":0,"player_choice":"","damage_taken":6,"max_hp_gain":0,"max_hp_loss":0,"event_name":"Knowing Skull","floor":25,"potions_obtained":[],"gold_loss":0,"cards_obtained":[]},{"damage_healed":0,"gold_gain":0,"player_choice":"1 cards matched","damage_taken":0,"max_hp_gain":0,"max_hp_loss":0,"event_name":"Match and Keep!","floor":37,"gold_loss":0,"cards_obtained":["Zap"]},{"cards_removed":["Strike_B"],"damage_healed":0,"gold_gain":0,"player_choice":"Upgrade and Remove","damage_taken":0,"max_hp_gain":0,"max_hp_loss":0,"event_name":"Designer","floor":39,"gold_loss":90,"cards_upgraded":["Go for the Eyes"]},{"damage_healed":0,"gold_gain":100,"player_choice":"Pray","damage_taken":0,"max_hp_gain":0,"max_hp_loss":0,"event_name":"Golden Shrine","floor":47,"gold_loss":0}],"is_beta":false,"boss_relics":[{"not_picked":["SlaversCollar","Pandora\u0027s Box"],"picked":"Tiny House"},{"not_picked":["Coffee Dripper","Inserter"],"picked":"Calling Bell"}],"items_purged_floors":[13,19,22],"is_endless":false,"potions_floor_spawned":[5,10,11,12,14,21,23,27,29,35,38,45],"killed_by":"Time Eater","ascension_level":0}}