{"host":"hwui1o2d2vvxl1xp","time":1608292796,"event":{"mods":["AchievementEnabler","Act Like it!","Alarm Clock","BaseMod","CapriCore","Colored Map","Colored Powertips","Dota2Spire","Downfall","Gensokyo","GungeonMod","Minty Spire (QoL Compilation)","MostiFishMod","Pale of the Ancients","Quick Restart","Robot Space Explorer","RumiaBox-露米娅的神秘盒子","Ryuuou龙王","Shop Mod","StSLib","TestMod","The Dragon Tamer","The Forsaken","Waifu the Spire","simple","【功能Mod】混沌之环修复补丁","【功能Mod】聪明的最终Boss","【遗物卡牌】REMEMod","篝火指南"],"gold_per_floor":[115,132,132,132,150,180,45,65,115,135,166,166,250,278,38,201,201,218,218,218,218,241,241,241,241],"floor_reached":23,"playtime":2301,"items_purged":[],"score":286,"play_id":"030b00d3-aa68-4f9b-b7e6-deaf9f05d3fe","local_time":"20201218195956","is_ascension_mode":false,"metric_token":1879,"campfire_choices":[{"floor":12,"key":"RECALL"}],"dtmod_dragon_data":[4,56,0,-1,5,0],"circlet_count":0,"master_deck":["DTMod:Strike","DTMod:Strike","DTMod:Strike","DTMod:Strike","DTMod:DoubleHit","DTMod:TargetDefense","DTMod:TargetDefense","DTMod:TargetDefense","DTMod:TargetDefense","DTMod:SwitchingTactic","DemoMod:Invincible","DTMod:DeepFocus","DTMod:Observe","After Image","DTMod:Adaptation","DTMod:BizarreTactic","DTMod:OpeningTactic","DTMod:CrossStep","DTMod:ShadowImage","DTMod:HeadStart","DTMod:Safeguard","DTMod:MagicField","DTMod:Harmonize","DTMod:Training","Gensokyo:FourOfAKind","Gensokyo:FourOfAKind","Gensokyo:FourOfAKind","Gensokyo:FourOfAKind","DTMod:LightShield"],"relics":["DTMod:PactStone","testmod-TestBox","REME_ComplimentaryCards","testmod-Fanaticism","DaCapo","NeowsBlessing","Question Card","REME_ComplimentaryCards","DemoMod:BigBoy","Happy Flower","DemoMod:LamentConfigurum","theForsaken:Kindling","REME_ArchaeologicalTools","Juzu Bracelet","Pantograph","ImportantClient","ChiXiaoBlade","DemoMod:Bottle","Gensokyo:RedStar","testmod-AssaultLearning"],"acts_visited":["Gensokyo:Gensokyo","Gensokyo:Gensokyoer"],"potions_floor_usage":[11,16,16,16,22],"damage_taken":[{"damage":0.0,"enemies":"Gensokyo:3_Fairies","floor":1.0,"turns":2.0},{"damage":0.0,"enemies":"Gensokyo:2_Kodama","floor":2.0,"turns":2.0},{"damage":0.0,"enemies":"Gensokyo:Python","floor":5.0,"turns":1.0},{"damage":0.0,"enemies":"Gensokyo:Aya","floor":6.0,"turns":3.0},{"damage":6.0,"enemies":"Gensokyo:Gryphon_and_Rabbit","floor":8.0,"turns":4.0},{"damage":0,"enemies":"Gensokyo:Python_and_Kodama","floor":10,"turns":5},{"damage":3,"enemies":"Gensokyo:Mamizou","floor":11,"turns":9},{"damage":0,"enemies":"Gensokyo:Cirno","floor":13,"turns":5},{"damage":0,"enemies":"Gensokyo:VengefulSpirit","floor":14,"turns":5},{"damage":67,"enemies":"Gensokyo:Kokoro","floor":16,"turns":22},{"damage":0,"enemies":"Gensokyo:Chomper","floor":18,"turns":4},{"damage":0,"enemies":"Gensokyo:3_Dogs","floor":22,"turns":6},{"damage":38,"enemies":"Gensokyo:Tenshi","floor":23,"turns":1}],"seed_played":"-3575286955287452380","potions_obtained":[{"floor":8.0,"key":"SteroidPotion"},{"floor":10,"key":"DemoMod:LeadSkinPotion"},{"floor":11,"key":"EssenceOfSteel"},{"floor":13,"key":"testmod-TestPotion"},{"floor":14,"key":"Dota2Spire:HealingSalve"},{"floor":18,"key":"Fire Potion"}],"is_trial":false,"path_per_floor":["M","M","?","?","M","E","$","M","T","M","E","R","E","M","R","B",null,"M","?","?","?","M","E"],"character_chosen":"THE_DT","items_purchased":["DTMod:OpeningTactic","Pantograph"],"campfire_rested":0,"item_purchase_floors":[7,15],"current_hp_per_floor":[45,45,45,36,36,36,36,31,31,31,28,28,28,28,28,45,45,45,32,32,30,30,0,0,0],"gold":241,"neow_bonus":"THREE_ENEMY_KILL","is_daily":false,"chose_seed":false,"campfire_upgraded":0,"win_rate":0.0,"timestamp":1608292796,"path_taken":["M","?","?","?","M","E","$","M","T","?","E","R","E","M","R","BOSS","M","?","?","?","M","E"],"items_purchased_type":["Card","Relic"],"build_version":"2020-12-13","purchased_purges":0,"victory":false,"max_hp_per_floor":[45,45,45,45,45,45,45,45,45,45,45,45,45,45,45,45,45,45,32,32,30,30,30,30,30],"card_choices":[{"not_picked":["DTMod:LowKick","DTMod:BreakAttack"],"picked":"DTMod:DeepFocus","floor":1.0},{"not_picked":["DTMod:MasterPlan","DTMod:BuildUp","DTMod:Weaken"],"picked":"DTMod:Observe","floor":2.0},{"not_picked":["DTMod:Training","DTMod:QuickFly","DTMod:BizarreTactic"],"picked":"DTMod:Adaptation","floor":5.0},{"not_picked":["DTMod:Haste","DTMod:Cover","DTMod:Observe"],"picked":"DTMod:BizarreTactic","floor":6.0},{"not_picked":["DTMod:BreakAttack","DTMod:CleansingStrike","DTMod:Training"],"picked":"DTMod:CrossStep","floor":8.0},{"not_picked":["DTMod:Astonish","DTMod:BuildUp","DTMod:CrossStep"],"picked":"DTMod:ShadowImage","floor":10},{"not_picked":["DTMod:MagicField","DTMod:PurifyingFlame","DTMod:CleansingStrike"],"picked":"DTMod:HeadStart","floor":11},{"not_picked":["DTMod:SneakAttack","DTMod:BuildUp","DTMod:Threaten"],"picked":"DTMod:Safeguard","floor":13},{"not_picked":["DTMod:Shift","DTMod:Feint","DTMod:QuickFly"],"picked":"DTMod:MagicField","floor":14},{"not_picked":["DTMod:Safeguard","DTMod:Multitask","DTMod:Prediction"],"picked":"DTMod:Harmonize","floor":16},{"not_picked":["DTMod:QuickFly+1","DTMod:DeepFocus","DTMod:Shift"],"picked":"DTMod:Training","floor":18},{"not_picked":["DTMod:Cover","DTMod:QuickFly","DTMod:Haste"],"picked":"DTMod:LightShield","floor":22}],"player_experience":43236,"relics_obtained":[{"floor":1.0,"key":"Question Card"},{"floor":6.0,"key":"Happy Flower"},{"floor":9.0,"key":"DemoMod:LamentConfigurum"},{"floor":11,"key":"REME_ArchaeologicalTools"},{"floor":13,"key":"Juzu Bracelet"},{"floor":16,"key":"ImportantClient"}],"event_choices":[{"damage_healed":0.0,"max_hp_gain":0.0,"max_hp_loss":0.0,"gold_gain":0.0,"event_name":"给自己的盒子","player_choice":"Swap Relic","floor":3.0,"relics_lost":["DaveBox"],"gold_loss":0.0,"damage_taken":0.0,"relics_obtained":["REME_ComplimentaryCards"]}],"is_beta":false,"boss_relics":[{"not_picked":["testmod-DeterminationOfClimber","SoulBox"],"picked":"ChiXiaoBlade"}],"items_purged_floors":[],"is_endless":false,"potions_floor_spawned":[8,10,11,13,14,18],"killed_by":"Gensokyo:Tenshi","ascension_level":0}}