{"host":"br1k745010e75u9o","time":1608319451,"event":{"mods":["BaseMod","CCEM","Conspire","Downfall","Friendly Minions","Hermit","Hubris","Infinite Spire","Mari Mod (Legacy)","Mari\u0027s V1 Patch","Minty Spire (QoL Compilation)","Rare Cards Sparkle","Replay The Spire","StSLib","The Cursed","Yohane!"],"gold_per_floor":[118,128,128,148,160,185,14,37,37,37,37,52,62,62,62,159,159,173,186,186,196,213,213,213,213],"floor_reached":24,"playtime":1199,"items_purged":[],"score":200,"play_id":"99b28fdb-8c8c-40b5-97ae-feda3473d2cf","local_time":"20201218192411","is_ascension_mode":false,"campfire_choices":[{"data":"expansioncontent:DashGenerateEvil","floor":10,"key":"SMITH"},{"floor":15,"key":"REST"},{"floor":23,"key":"REST"}],"circlet_count":0,"master_deck":["Strike_R+1","Strike_R+1","Strike_R+1","Strike_R+1","Defend_R+1","Defend_R+1","Defend_R+1","Defend_R+1","Bash","Warcry","Limit Break","Dark Embrace","expansioncontent:DashGenerateEvil+1","Replay:SS_forest_6+1","Replay:SS_forest_2+1","Apotheosis+1","Demonic Infusion","infinitespire:UltimateForm"],"relics":["Burning Blood","ReplayTheSpireMod:TigerMarble","Bronze Scales","Orichalcum","CCEMRelics:FestiveHat","MariMod:MariFestivalBadge"],"acts_visited":["Exordium","TheCity"],"potions_floor_usage":[2,6,6,16,18,22],"damage_taken":[{"damage":10,"enemies":"Small Slimes","floor":1,"turns":4},{"damage":1,"enemies":"Cultist","floor":2,"turns":4},{"damage":11,"enemies":"Jaw Worm","floor":4,"turns":3},{"damage":12,"enemies":"Looter","floor":5,"turns":4},{"damage":25,"enemies":"Lagavulin","floor":6,"turns":6},{"damage":0,"enemies":"Lots of Slimes","floor":12,"turns":3},{"damage":0,"enemies":"Blue Slaver","floor":13,"turns":4},{"damage":21,"enemies":"The Guardian","floor":16,"turns":10},{"damage":11,"enemies":"Chosen","floor":18,"turns":6},{"damage":8,"enemies":"Shell Parasite","floor":19,"turns":7},{"damage":18,"enemies":"Centurion and Healer","floor":21,"turns":7},{"damage":48,"enemies":"3 Cultists","floor":22,"turns":9},{"damage":70,"enemies":"Chosen and Byrds","floor":24,"turns":12}],"seed_played":"-6945148389305469238","potions_obtained":[{"floor":1,"key":"EntropicBrew"},{"floor":3,"key":"CultistPotion"},{"floor":16,"key":"Block Potion"},{"floor":19,"key":"SkillPotion"},{"floor":21,"key":"Strength Potion"}],"is_trial":false,"path_per_floor":["M","M","?","M","M","E","$","T","T","R","$","M","M","$","R","B",null,"M","M","AVR","M","M","R","M"],"character_chosen":"IRONCLAD","items_purchased":["expansioncontent:DashGenerateEvil"],"campfire_rested":2,"item_purchase_floors":[7],"current_hp_per_floor":[76,80,80,75,69,50,50,50,50,50,50,56,62,62,80,65,80,75,73,73,61,19,43,0,0],"gold":213,"neow_bonus":"RANDOM_COMMON_RELIC","is_daily":false,"chose_seed":false,"campfire_upgraded":1,"win_rate":0.0,"timestamp":1608319451,"path_taken":["M","M","?","?","?","E","$","?","T","R","$","M","M","?","R","BOSS","M","M","AVR","M","M","R","?"],"items_purchased_type":["Card"],"build_version":"2020-12-13","purchased_purges":0,"victory":false,"max_hp_per_floor":[80,80,80,80,80,80,80,80,80,80,80,80,80,80,80,80,80,80,80,80,80,80,80,80,80],"card_choices":[{"not_picked":["Pommel Strike","ReplayTheSpireMod:Strike From Hell"],"picked":"Warcry","floor":1},{"not_picked":["Headbutt","Pommel Strike","Anger"],"picked":"SKIP","floor":2},{"not_picked":["True Grit","Abandon"],"picked":"Limit Break","floor":4},{"not_picked":["Combust","hubris:ReadiedAction","Pommel Strike"],"picked":"SKIP","floor":5},{"not_picked":["Abandon","Offering"],"picked":"Dark Embrace","floor":6},{"not_picked":["expansioncontent:Sear+1","expansioncontent:HyperBeam+1"],"picked":"Replay:SS_forest_6+1","floor":12},{"not_picked":["hubris:CleavingFinish","Pummel","Entrench"],"picked":"SKIP","floor":12},{"not_picked":["expansioncontent:FaceSlap+1","Good Instincts+1"],"picked":"Replay:SS_forest_2+1","floor":13},{"not_picked":["Shrug It Off","Twin Strike","Headbutt"],"picked":"SKIP","floor":13},{"not_picked":["expansioncontent:QuickStudy+1","expansioncontent:PolyBeam+1"],"picked":"Apotheosis+1","floor":16},{"not_picked":["Barricade","Immolate"],"picked":"Demonic Infusion","floor":16},{"not_picked":["Body Slam","True Grit","Fire Breathing"],"picked":"SKIP","floor":18},{"not_picked":["Fire Breathing","Perfected Strike","Blood for Blood"],"picked":"SKIP","floor":19},{"not_picked":["Sword Boomerang","Warcry","Wild Strike"],"picked":"SKIP","floor":21},{"not_picked":["Armaments","Run Through","Limit Break"],"picked":"SKIP","floor":22}],"player_experience":59865,"relics_obtained":[{"floor":6,"key":"Bronze Scales"},{"floor":8,"key":"Orichalcum"},{"floor":9,"key":"CCEMRelics:FestiveHat"}],"event_choices":[{"damage_healed":0,"gold_gain":0,"player_choice":"Got Potions","damage_taken":0,"max_hp_gain":0,"max_hp_loss":0,"event_name":"Lab","floor":3,"gold_loss":0}],"is_beta":false,"boss_relics":[{"not_picked":["Runic Cube","hubris:BlackHole"],"picked":"MariMod:MariFestivalBadge"}],"items_purged_floors":[],"is_endless":false,"potions_floor_spawned":[1,4,5,16,19,21],"killed_by":"Chosen and Byrds","ascension_level":0}}