{"host":"uwdjobnswnt8y9oc","time":1608300683,"event":{"mods":["BaseMod","Colored Powertips","Minty Spire (QoL Compilation)"],"gold_per_floor":[116,116,135,147,161,186,206,206,206],"floor_reached":8,"playtime":458,"items_purged":[],"score":60,"play_id":"0576c8fb-1c08-4b77-8f13-5e8e6936fd6c","local_time":"20201218211123","is_ascension_mode":false,"campfire_choices":[],"circlet_count":0,"master_deck":["Strike_G","Strike_G","Strike_G","Strike_G","Defend_G","Defend_G","Defend_G","Defend_G","Defend_G","Survivor","Neutralize","Backflip","Poisoned Stab","Noxious Fumes","Deadly Poison","All Out Attack","Bullet Time"],"relics":["Ring of the Snake","Matryoshka"],"acts_visited":["Exordium"],"potions_floor_usage":[8],"damage_taken":[{"damage":1.0,"enemies":"2 Louse","floor":1.0,"turns":3.0},{"damage":0.0,"enemies":"Jaw Worm","floor":3.0,"turns":5.0},{"damage":0.0,"enemies":"Cultist","floor":4.0,"turns":4.0},{"damage":12.0,"enemies":"Looter","floor":5.0,"turns":3.0},{"damage":10.0,"enemies":"3 Sentries","floor":6.0,"turns":7.0},{"damage":4.0,"enemies":"Gremlin Gang","floor":7.0,"turns":2.0},{"damage":50,"enemies":"Gremlin Nob","floor":8,"turns":4}],"seed_played":"2501566736349346997","potions_obtained":[{"floor":3.0,"key":"FearPotion"},{"floor":5.0,"key":"DuplicationPotion"},{"floor":6.0,"key":"AttackPotion"}],"is_trial":false,"path_per_floor":["M","?","M","M","M","E","M","E"],"character_chosen":"THE_SILENT","items_purchased":[],"campfire_rested":0,"item_purchase_floors":[],"current_hp_per_floor":[76,76,76,76,64,54,50,0,0],"gold":206,"neow_bonus":"TEN_PERCENT_HP_BONUS","is_daily":false,"chose_seed":false,"campfire_upgraded":0,"win_rate":0.0,"timestamp":1608300683,"path_taken":["M","?","M","M","M","E","M","E"],"items_purchased_type":[],"build_version":"2020-12-13","purchased_purges":0,"victory":false,"max_hp_per_floor":[77,77,77,77,77,77,77,77,77],"card_choices":[{"not_picked":["Slice","Flechettes"],"picked":"Backflip","floor":1.0},{"not_picked":["Underhanded Strike","Catalyst"],"picked":"Noxious Fumes","floor":3.0},{"not_picked":["Dodge and Roll","Endless Agony"],"picked":"Deadly Poison","floor":4.0},{"not_picked":["Finisher","Dagger Spray","PiercingWail"],"picked":"SKIP","floor":5.0},{"not_picked":["Predator","Choke"],"picked":"All Out Attack","floor":6.0},{"not_picked":["Deadly Poison","Deflect"],"picked":"Bullet Time","floor":7.0}],"player_experience":517941,"relics_obtained":[{"floor":6.0,"key":"Matryoshka"}],"event_choices":[{"damage_healed":0.0,"max_hp_gain":0.0,"max_hp_loss":0.0,"gold_gain":0.0,"cards_transformed":["Strike_G"],"event_name":"Living Wall","player_choice":"Change","floor":2.0,"gold_loss":0.0,"damage_taken":0.0,"cards_obtained":["Poisoned Stab"]}],"is_beta":false,"boss_relics":[],"items_purged_floors":[],"is_endless":false,"potions_floor_spawned":[3,5,6],"killed_by":"Gremlin Nob","ascension_level":0}}