{"host":"ifd7sfhtlbe34qll","time":1608326426,"event":{"mods":["2.2 Compatiblity","BaseMod","Block Reminder","Colored Map","Downfall","Highlight Path","Minty Spire (QoL Compilation)","Potion Indicator Mod","Quick Restart","Random Character Button","Relic Stats","StSLib"],"gold_per_floor":[99,130,130,130,130,160,186,186,211,211,225,225,239,252,269,368,368,368,468,478,510,510,510],"floor_reached":22,"playtime":1169,"items_purged":[],"score":325,"play_id":"c3ab3fff-0166-4321-8634-5fe11325af4c","local_time":"20201218152026","is_ascension_mode":true,"campfire_choices":[{"data":"hexamod:Float","floor":1,"key":"SMITH"},{"data":"hexamod:CrushingStance","floor":4,"key":"SMITH"},{"data":"hexamod:Sear","floor":8,"key":"SMITH"},{"data":"hexamod:HeatMetal","floor":10,"key":"SMITH"},{"data":"hexamod:EmpoweringStance","floor":18,"key":"SMITH"}],"circlet_count":0,"master_deck":["hexamod:Defend","hexamod:Defend","hexamod:Defend","hexamod:Sear+1","hexamod:Float+1","hexamod:CrushingStance+1","hexamod:PhantomCloak","hexamod:FirstSeal","hexamod:RecurringNightmare","hexamod:HeatMetal+1","hexamod:HeatCrush","hexamod:HauntingEcho","hexamod:BurningTouch","hexamod:ParanormalForm","hexamod:EmpoweringStance+1","hexamod:ThirdSeal","hexamod:GhostLash+1","hexamod:Haunt+1","hexamod:TimeWarp","hexamod:SpectralAdrenaline","hexamod:FourthSeal","hexamod:Again","hexamod:GhostShield","hexamod:UnleashSpirits","hexamod:HeatShield","hexamod:SkipABeat+1"],"relics":["hexamod:SpiritBrand","downfall:HeartsMalice","Kunai","sneckomod:BlankCard","Nunchaku","Calipers","Astrolabe","MutagenicStrength","Red Mask"],"acts_visited":["Exordium","TheCity"],"potions_floor_usage":[9,15,16,21,22,22],"damage_taken":[{"damage":0,"enemies":"Lagavulin","floor":2,"turns":1},{"damage":0,"enemies":"Cultist","floor":3,"turns":1},{"damage":0,"enemies":"Gremlin Nob","floor":6,"turns":1},{"damage":21,"enemies":"3 Sentries","floor":9,"turns":10},{"damage":0,"enemies":"Small Slimes","floor":11,"turns":3},{"damage":0,"enemies":"2 Louse","floor":13,"turns":2},{"damage":0,"enemies":"2 Fungi Beasts","floor":14,"turns":3},{"damage":0,"enemies":"Gremlin Gang","floor":15,"turns":4},{"damage":59,"enemies":"downfall:Silent","floor":16,"turns":8},{"damage":20,"enemies":"downfall:Augmenter","floor":19,"turns":6},{"damage":4,"enemies":"3 Byrds","floor":20,"turns":6},{"damage":41,"enemies":"Masked Bandits","floor":21,"turns":5},{"damage":7,"enemies":"downfall:FaceTrader","floor":22,"turns":2}],"seed_played":"-5266893033909793767","potions_obtained":[{"floor":2,"key":"PowerPotion"},{"floor":6,"key":"hexamod:DoubleChargePotion"},{"floor":9,"key":"LiquidMemories"},{"floor":12,"key":"AttackPotion"},{"floor":20,"key":"hexamod:InfernoChargePotion"},{"floor":21,"key":"AttackPotion"}],"is_trial":false,"path_per_floor":["R","E","M","R","?","E","T","R","E","R","M","?","M","M","M","B",null,"R","?","M","?","?"],"character_chosen":"THE_SPIRIT","items_purchased":[],"campfire_rested":0,"item_purchase_floors":[],"current_hp_per_floor":[63,63,63,63,56,56,56,56,42,42,49,49,49,56,63,11,55,55,42,45,4,0,0],"gold":510,"neow_bonus":"THREE_ENEMY_KILL","is_daily":false,"chose_seed":false,"campfire_upgraded":5,"win_rate":0.0,"timestamp":1608326426,"path_taken":["R","E","M","R","?","E","T","R","E","R","M","?","?","?","M","BOSS","R","?","M","?","?"],"items_purchased_type":[],"build_version":"2020-12-13","purchased_purges":0,"victory":false,"max_hp_per_floor":[70,70,70,70,70,70,70,70,70,70,70,70,70,70,70,70,70,70,70,70,70,70,70],"relic_stats":{"Nunchaku":[8],"counters":[13,49],"Astrolabe":["hexamod:ThirdSeal","hexamod:GhostLash","hexamod:Haunt"],"Kunai":[7],"obtain_stats":[{"Nunchaku":7,"Calipers":9,"sneckomod:BlankCard":6,"Astrolabe":17,"MutagenicStrength":19,"downfall:HeartsMalice":0,"Red Mask":21,"Kunai":2,"hexamod:SpiritBrand":0},{"Nunchaku":3,"Calipers":4,"sneckomod:BlankCard":3,"Astrolabe":9,"MutagenicStrength":10,"downfall:HeartsMalice":0,"Red Mask":12,"Kunai":1,"hexamod:SpiritBrand":0},{"Nunchaku":0,"Calipers":10,"sneckomod:BlankCard":0,"Astrolabe":30,"MutagenicStrength":36,"downfall:HeartsMalice":0,"Red Mask":47,"Kunai":0,"hexamod:SpiritBrand":0}]},"card_choices":[{"not_picked":["hexamod:GhostOfSpirePresent","hexamod:FourthSeal"],"picked":"hexamod:CrushingStance","floor":2},{"not_picked":["hexamod:BacktrackSmack","hexamod:GhostShield"],"picked":"hexamod:PhantomCloak","floor":3},{"not_picked":["hexamod:InspiringFlames","hexamod:BacktrackSmack"],"picked":"hexamod:RecurringNightmare","floor":6},{"not_picked":["hexamod:InspiringFlames","hexamod:SpectersWail"],"picked":"hexamod:HeatMetal","floor":9},{"not_picked":["hexamod:Hexaguard","hexamod:FastForward"],"picked":"hexamod:HeatCrush","floor":11},{"not_picked":["hexamod:InspiringFlames","hexamod:BacktrackSmack"],"picked":"hexamod:HauntingEcho","floor":13},{"not_picked":["hexamod:NecessarySacrifice","hexamod:PowerFromBeyond"],"picked":"hexamod:BurningTouch","floor":14},{"not_picked":["hexamod:SwordOfDarkness","hexamod:Hexaguard"],"picked":"hexamod:ParanormalForm","floor":15},{"not_picked":["hexamod:TimeOfNeed","hexamod:Toasty"],"picked":"hexamod:EmpoweringStance","floor":16},{"not_picked":["hexamod:Rewind","hexamod:RainOfEmbers"],"picked":"hexamod:FourthSeal","floor":19},{"not_picked":["hexamod:GhostOfSpirePast","hexamod:HauntingEcho"],"picked":"hexamod:Again","floor":20},{"not_picked":["hexamod:FirstSeal","hexamod:Incineration"],"picked":"hexamod:GhostShield","floor":20},{"not_picked":["hexamod:HeatMetal","hexamod:PowerFromBeyond"],"picked":"hexamod:UnleashSpirits","floor":20},{"not_picked":["hexamod:SpectersWail","hexamod:PhantomCloak"],"picked":"hexamod:HeatShield","floor":21},{"not_picked":["hexamod:RadiantFlame","hexamod:BacktrackSmack"],"picked":"hexamod:SkipABeat+1","floor":21}],"player_experience":1591267,"relics_obtained":[{"floor":2,"key":"Kunai"},{"floor":6,"key":"sneckomod:BlankCard"},{"floor":7,"key":"Nunchaku"},{"floor":9,"key":"Calipers"},{"floor":19,"key":"MutagenicStrength"},{"floor":21,"key":"Red Mask"}],"event_choices":[{"damage_healed":0,"gold_gain":0,"player_choice":"Got Potions","damage_taken":0,"max_hp_gain":0,"max_hp_loss":0,"event_name":"Lab","floor":12,"gold_loss":0},{"damage_healed":0,"gold_gain":0,"player_choice":"Fought Bandits","damage_taken":0,"max_hp_gain":0,"max_hp_loss":0,"event_name":"Masked Bandits","floor":21,"gold_loss":0}],"is_beta":false,"boss_relics":[{"not_picked":["Empty Cage","SlaversCollar"],"picked":"Astrolabe"}],"items_purged_floors":[],"is_endless":false,"potions_floor_spawned":[2,6,9,13],"killed_by":"downfall:FaceTrader","ascension_level":6}}