{"host":"yhemb00fn7g5zwp1","time":1608279042,"event":{"mods":["AchievementEnabler","Act Like it!","BaseMod","CapriCore","Gensokyo","Hallownest","Highlight Path","KinomotoSakuraMod(Ä¾Ö®±¾Ó£)","Koishi","KomeijiMod","Marisa£¨ìFÓê¡¡Ä§ÀíÉ³£©","Minty Spire (QoL Compilation)","MostiFishMod","Pale of the Ancients","Prisma Mod","Reimu£¨²©ÀöÁéÃÎ£©","Remilia£¨ÀÙÃ×ÀòÑÇ£©","StSLib","Td1madao Mod","The Hayseed","The Servant 0.9.4","Youmu£¨»êÆÇÑýÃÎ£©","Yuyuko","¡¾¶«·½¶þ´Î´´×÷¡¿°ËÔÆ×Ïmod","¡¾ÒÅÎï¿¨ÅÆ¡¿REMEMod"],"gold_per_floor":[12,12,88,88,88,98,110,85,108,108,126,176,176,193,193,268,268,280,297,307,327,337,337,366,366,366,376,388,438,448,466,466,540,540,557,346,365,378,246,272,286,311,337,357,257,257,65,78,78],"floor_reached":48,"playtime":1468,"items_purged":["Strike_R","Strike_R"],"score":1120,"play_id":"9e7e3df1-491a-41f2-8413-cf2d7a533c0e","local_time":"20201218161042","is_ascension_mode":true,"campfire_choices":[{"data":"MostiFishMod:Dust","floor":13,"key":"SMITH"},{"data":"MostiFishMod:HellRitual","floor":15,"key":"SMITH"},{"data":"Heavy Blade","floor":23,"key":"SMITH"},{"floor":25,"key":"REST"},{"data":"Armaments","floor":32,"key":"SMITH"}],"circlet_count":0,"master_deck":["AscendersBane","Strike_R","Strike_R","Defend_R","Defend_R","Defend_R","Defend_R","Bash","MostiFishMod:HellRitual+1","MostiFishMod:Dust+1","Clothesline","Thunderclap","Sword Boomerang","Headbutt","Heavy Blade+1","Searing Blow","Limit Break","Shrug It Off","Iron Wave","Armaments+1","Seeing Red","Dropkick","Cleave","Uppercut","Berserk","Searing Blow+1","Flash of Steel","Blood for Blood+1","Blood for Blood","Demon Form","REME_ACTH","Searing Blow+1","MostiFishMod:NightSea"],"relics":["Burning Blood","REME_ComplimentaryCards","DaveBox","ShadowXiaoBlade","Question Card","Meat on the Bone","Orichalcum","ImportantClient","RhineCircuit","Happy Flower","HornCleat","BirthdayGift-Tetrahedron","StrikeDummy","Smiling Mask","Anchor","Red Skull","Boot"],"acts_visited":["Exordium","TheCity","TheBeyond"],"potions_floor_usage":[16,24,33,33],"damage_taken":[{"damage":4,"enemies":"Jaw Worm","floor":1,"turns":3},{"damage":7,"enemies":"Small Slimes","floor":6,"turns":3},{"damage":0,"enemies":"Cultist","floor":7,"turns":2},{"damage":7,"enemies":"Large Slime","floor":11,"turns":3},{"damage":4,"enemies":"Gremlin Gang","floor":14,"turns":3},{"damage":46,"enemies":"The Guardian","floor":16,"turns":6},{"damage":22,"enemies":"Spheric Guardian","floor":18,"turns":4},{"damage":0,"enemies":"Chosen","floor":19,"turns":3},{"damage":16,"enemies":"Sentry and Sphere","floor":20,"turns":4},{"damage":31,"enemies":"Snake Plant","floor":21,"turns":3},{"damage":22,"enemies":"Chosen and Byrds","floor":22,"turns":3},{"damage":23,"enemies":"Book of Stabbing","floor":24,"turns":4},{"damage":17,"enemies":"Shelled Parasite and Fungi","floor":27,"turns":3},{"damage":1,"enemies":"Cultist and Chosen","floor":28,"turns":5},{"damage":0,"enemies":"3 Cultists","floor":30,"turns":3},{"damage":26,"enemies":"Shelled Parasite and Fungi","floor":31,"turns":3},{"damage":1,"enemies":"Champ","floor":33,"turns":5},{"damage":2,"enemies":"3 Shapes","floor":35,"turns":2},{"damage":4,"enemies":"3 Darklings","floor":37,"turns":3},{"damage":6,"enemies":"Maw","floor":38,"turns":4},{"damage":17,"enemies":"Giant Head","floor":40,"turns":5},{"damage":10,"enemies":"Jaw Worm Horde","floor":41,"turns":3},{"damage":30,"enemies":"Nemesis","floor":42,"turns":3},{"damage":4,"enemies":"Sphere and 2 Shapes","floor":44,"turns":3},{"damage":6,"enemies":"Maw","floor":48,"turns":4}],"seed_played":"-8067665014830721716","potions_obtained":[{"floor":6,"key":"CalmPotion"},{"floor":11,"key":"BlessingOfTheForge"},{"floor":16,"key":"Dexterity Potion"},{"floor":19,"key":"EssenceOfSteel"},{"floor":24,"key":"JyouchiReiPotion"},{"floor":27,"key":"Swift Potion"},{"floor":31,"key":"BloodPotion"},{"floor":37,"key":"SkillPotion"},{"floor":40,"key":"SkillPotion"},{"floor":44,"key":"Swift Potion"}],"is_trial":false,"path_per_floor":["M","$","?","?","T","M","M","$","T","?","M","?","R","M","R","B",null,"M","M","M","M","M","R","E","R","T","M","M","?","M","M","R","B",null,"M","$","M","M","$","E","M","E","T","M","?","T","$","M"],"character_chosen":"IRONCLAD","items_purchased":["Headbutt","StrikeDummy","Flash of Steel","MostiFishMod:NightSea"],"campfire_rested":1,"item_purchase_floors":[8,36,39,47],"current_hp_per_floor":[70,70,70,75,75,74,80,80,80,80,79,79,79,80,80,52,73,57,63,53,40,36,36,31,55,55,56,61,61,67,47,47,120,129,132,132,132,132,132,121,117,93,93,95,95,95,95,95,95],"gold":78,"neow_bonus":"THREE_RARE_CARDS","is_daily":false,"chose_seed":false,"campfire_upgraded":4,"win_rate":0.0,"timestamp":1608279042,"path_taken":["M","$","?","?","?","?","M","?","T","?","M","?","R","M","R","BOSS","M","?","M","M","M","R","E","R","T","?","M","?","?","M","R","BOSS","M","$","M","M","$","E","M","E","T","M","?","?","$","M"],"items_purchased_type":["Card","Relic","Card","Card"],"build_version":"2020-12-13","purchased_purges":2,"victory":false,"max_hp_per_floor":[75,75,75,80,80,80,80,80,80,80,80,80,80,80,80,80,80,80,80,80,80,80,80,80,80,80,80,80,80,80,80,80,132,132,132,132,132,132,132,132,132,132,132,132,132,132,132,132,132],"card_choices":[{"not_picked":["MostiFishMod:WingOfPhoenix","Brutality"],"picked":"MostiFishMod:HellRitual","floor":0},{"not_picked":["Body Slam","Cleave"],"picked":"Clothesline","floor":1},{"not_picked":["Iron Wave","True Grit","Havoc"],"picked":"Thunderclap","floor":6},{"not_picked":["MostiFishMod:ChineseTea","Twin Strike","Shockwave"],"picked":"Sword Boomerang","floor":7},{"not_picked":["Cleave","Seeing Red","Pommel Strike"],"picked":"Searing Blow","floor":11},{"not_picked":["Iron Wave","Shrug It Off","Feel No Pain","Battle Trance"],"picked":"SKIP","floor":14},{"not_picked":["MostiFishMod:NeverNightCountry","MostiFishMod:WingOfPhoenix","REME_Fury"],"picked":"Limit Break","floor":16},{"not_picked":["Battle Trance","Clash","Ghostly Armor"],"picked":"Shrug It Off","floor":18},{"not_picked":["Headbutt","Flex","Burning Pact"],"picked":"Iron Wave","floor":19},{"not_picked":["Sever Soul","Perfected Strike","Feel No Pain"],"picked":"Armaments","floor":20},{"not_picked":["Exhume","Havoc","Anger","Armaments"],"picked":"SKIP","floor":21},{"not_picked":["True Grit","Heavy Blade","Thunderclap","Shockwave+1"],"picked":"SKIP","floor":22},{"not_picked":["Sword Boomerang","Headbutt+1","Burning Pact"],"picked":"Seeing Red","floor":24},{"not_picked":["Spot Weakness","Clothesline","Shrug It Off+1"],"picked":"Dropkick","floor":27},{"not_picked":["Havoc","Iron Wave","Armaments"],"picked":"Cleave","floor":28},{"not_picked":["Dropkick","Warcry","Dark Embrace"],"picked":"MostiFishMod:NeverNightCountry","floor":30},{"not_picked":["Battle Trance","Infernal Blade+1","MostiFishMod:BrandingRite+1"],"picked":"Uppercut","floor":31},{"not_picked":["Juggernaut","MostiFishMod:UniRed","MostiFishMod:HellRitual"],"picked":"Berserk","floor":33},{"not_picked":["Heavy Blade","Body Slam","Perfected Strike+1","Havoc+1"],"picked":"SKIP","floor":35},{"not_picked":["Pommel Strike","Heavy Blade","Anger"],"picked":"Searing Blow+1","floor":37},{"not_picked":["Shrug It Off","Havoc","Pommel Strike","Heavy Blade"],"picked":"SKIP","floor":38},{"not_picked":["Cleave","Pommel Strike","Spot Weakness"],"picked":"Blood for Blood+1","floor":40},{"not_picked":["Metallicize+1","Clash","Pommel Strike"],"picked":"Blood for Blood","floor":41},{"not_picked":["Perfected Strike","MostiFishMod:BrandingRite","Second Wind"],"picked":"Demon Form","floor":42},{"not_picked":["Sword Boomerang+1","Infernal Blade","Clash","Spot Weakness+1"],"picked":"SKIP","floor":44},{"not_picked":["Iron Wave","Flex","Perfected Strike"],"picked":"REME_ACTH","floor":45},{"not_picked":["Uppercut+1","Iron Wave","Hemokinesis"],"picked":"Searing Blow+1","floor":45},{"not_picked":["Wild Strike","Headbutt+1","Sword Boomerang","Perfected Strike+1"],"picked":"SKIP","floor":48}],"player_experience":435480,"relics_obtained":[{"floor":1,"key":"Question Card"},{"floor":5,"key":"Meat on the Bone"},{"floor":9,"key":"Orichalcum"},{"floor":16,"key":"ImportantClient"},{"floor":24,"key":"Happy Flower"},{"floor":26,"key":"HornCleat"},{"floor":40,"key":"Smiling Mask"},{"floor":42,"key":"Anchor"},{"floor":43,"key":"Red Skull"},{"floor":46,"key":"Boot"}],"event_choices":[{"damage_healed":0,"gold_gain":76,"player_choice":"Gained Gold","damage_taken":0,"max_hp_gain":0,"max_hp_loss":0,"event_name":"Golden Wing","floor":3,"gold_loss":0},{"damage_healed":0,"gold_gain":0,"player_choice":"Donut","damage_taken":0,"max_hp_gain":5,"max_hp_loss":0,"event_name":"Big Fish","floor":4,"gold_loss":0},{"damage_healed":0,"gold_gain":0,"cards_transformed":["Strike_R"],"player_choice":"Change","damage_taken":0,"max_hp_gain":0,"max_hp_loss":0,"event_name":"Living Wall","floor":10,"gold_loss":0,"cards_obtained":["Heavy Blade"]},{"damage_healed":0,"gold_gain":50,"player_choice":"Pray","damage_taken":0,"max_hp_gain":0,"max_hp_loss":0,"event_name":"Golden Shrine","floor":12,"gold_loss":0},{"damage_healed":0,"gold_gain":50,"player_choice":"Pray","damage_taken":0,"max_hp_gain":0,"max_hp_loss":0,"event_name":"Golden Shrine","floor":29,"gold_loss":0}],"is_beta":false,"boss_relics":[{"not_picked":["Velvet Choker","TakeMeEscape"],"picked":"RhineCircuit"},{"not_picked":["Runic Cube","SlaversCollar"],"picked":"BirthdayGift-Tetrahedron"}],"items_purged_floors":[39,47],"is_endless":false,"potions_floor_spawned":[6,11,16,19,21,24,27,28,31,37,40,42,44],"killed_by":"Maw","ascension_level":20}}