{"host":"zrerxgu8lagrk16e","time":1608249791,"event":{"mods":["AchievementEnabler","BaseMod","Better Altar","Better Match","Better Note","Better Sensory Stone","Better Skull","Better Third Choice","Colored Map","Colored Powertips","Downfall","Minty Spire (QoL Compilation)","Permanent Neow","Quick Restart","Relic Stats","StSLib","Waifu the Spire","slay the spire mod where everything is the same but ironclad has a cowboy hat"],"gold_per_floor":[99,112,112,146,157,173,245,257,277,308,408,476,494,510,523,625,625,625,636,664,681,831,847,847,860,710,745,795,806,956,971,990,1086,1086,1011,1022,1033,1045,661,711,711,428,454,454,514,533,20,34,44,44,44,74,26,26,26,26],"floor_reached":55,"playtime":6819,"items_purged":["Clumsy"],"score":1009,"play_id":"f9002238-a50d-467a-9510-5a3bc481d94a","local_time":"20201217190311","is_ascension_mode":false,"campfire_choices":[{"data":"Apotheosis","floor":1.0,"key":"SMITH"},{"floor":18.0,"key":"RECALL"},{"floor":26.0,"key":"REST"},{"data":"champ:StrikeOfGenius","floor":35,"key":"SMITH"},{"data":"champ:PerfectForm","floor":44,"key":"SMITH"},{"data":"champ:MurderStrike","floor":54,"key":"SMITH"}],"circlet_count":0,"master_deck":["champ:Strike","champ:Strike","champ:Strike","champ:Defend+1","champ:Defend","champ:Defend","champ:Defend","champ:Execute","champ:Taunt","Apotheosis+1","champ:StanceDance","champ:EnGarde","champ:Duel","champ:SteelEdge","champ:DefensiveShout+1","champ:CrookedStrike","champ:ArenaPreparation","champ:IronFortress","champ:TornadoPunch","champ:DefensiveStyle","champ:IronFortress","champ:BringItOn","champ:VampiricStrike","champ:FocusedDefense","champ:FalseCounter","champ:FalseCounter","champ:VampiricStrike","champ:ArenaPreparation","champ:PerfectedStrike","champ:Taunt","Purity","champ:MurderStrike+1","champ:FlashCut","champ:Duel","champ:StrikeOfGenius+1","champ:DefensiveShout","champ:Devastate","champ:TornadoPunch","champ:Lariat+1","champ:MurderStrike","champ:DefensiveShout","champ:CalledShot","champ:ArenaPreparation","champ:PerfectForm+1","expansioncontent:DarkVoid","expansioncontent:DefensiveStance","expansioncontent:DonusPower","champ:ArenaPreparation+1","champ:TornadoPunch","expansioncontent:PolyBeam","champ:DefensiveShout","champ:CalledShot+1","champ:RapidStrikes","expansioncontent:QuickStudy","champ:Lariat","champ:ShieldWall","champ:StrikeOfGenius","champ:DefensiveShout"],"relics":["champ:ChampionCrown","Happy Flower","Gremlin Horn","Question Card","downfall:CloakOfManyFaces","CultistMask","FaceOfCleric","NlothsMask","GremlinMask","SsserpentHead","champ:ChampionCrownUpgraded","Centennial Puzzle","downfall:GremlinSack","downfall:HeartBlessingRed","downfall:HeartBlessingGreen","Eternal Feather","White Beast Statue","Coffee Dripper","downfall:HeartBlessingBlue","Toolbox","StrikeDummy","PreservedInsect","War Paint","Kunai","Bronze Scales"],"acts_visited":["TheCity","TheBeyond","TheEnding"],"potions_floor_usage":[33,33,38,39,39,43,49,55,55,55],"damage_taken":[{"damage":5.0,"enemies":"2 Louse","floor":2.0,"turns":3.0},{"damage":49.0,"enemies":"3 Sentries","floor":4.0,"turns":11.0},{"damage":0.0,"enemies":"Cultist","floor":5.0,"turns":3.0},{"damage":6.0,"enemies":"Small Slimes","floor":6.0,"turns":3.0},{"damage":0.0,"enemies":"Gremlin Gang","floor":8.0,"turns":3.0},{"damage":6.0,"enemies":"Large Slime","floor":9.0,"turns":6.0},{"damage":25.0,"enemies":"Gremlin Nob","floor":10.0,"turns":3.0},{"damage":16.0,"enemies":"downfall:FaceTrader","floor":11.0,"turns":5.0},{"damage":15.0,"enemies":"Exordium Thugs","floor":12.0,"turns":5.0},{"damage":22.0,"enemies":"3 Louse","floor":13.0,"turns":2.0},{"damage":23.0,"enemies":"Exordium Wildlife","floor":14.0,"turns":3.0},{"damage":15.0,"enemies":"2 Fungi Beasts","floor":15.0,"turns":4.0},{"damage":6.0,"enemies":"downfall:Ironclad","floor":16.0,"turns":5.0},{"damage":36.0,"enemies":"Shell Parasite","floor":19.0,"turns":5.0},{"damage":26.0,"enemies":"Gremlin Leader","floor":20.0,"turns":8.0},{"damage":26.0,"enemies":"Spheric Guardian","floor":21.0,"turns":3.0},{"damage":42.0,"enemies":"Spheric Guardian","floor":22.0,"turns":4.0},{"damage":82.0,"enemies":"Shelled Parasite and Fungi","floor":23.0,"turns":4.0},{"damage":27.0,"enemies":"Snake Plant","floor":25.0,"turns":3.0},{"damage":49.0,"enemies":"Slavers","floor":27.0,"turns":4.0},{"damage":48.0,"enemies":"Centurion and Healer","floor":29.0,"turns":4.0},{"damage":55.0,"enemies":"downfall:LadyInBlue","floor":30.0,"turns":5.0},{"damage":34,"enemies":"3 Cultists","floor":31,"turns":4},{"damage":20,"enemies":"Snake Plant","floor":32,"turns":2},{"damage":66,"enemies":"downfall:Silent","floor":33,"turns":6},{"damage":61,"enemies":"3 Shapes","floor":36,"turns":3},{"damage":24,"enemies":"3 Darklings","floor":37,"turns":4},{"damage":76,"enemies":"Sphere and 2 Shapes","floor":38,"turns":6},{"damage":27,"enemies":"downfall:FleeingMerchant","floor":39,"turns":4},{"damage":66,"enemies":"Reptomancer","floor":43,"turns":4},{"damage":6,"enemies":"downfall:FleeingMerchant","floor":45,"turns":2},{"damage":48,"enemies":"Jaw Worm Horde","floor":46,"turns":2},{"damage":58,"enemies":"4 Shapes","floor":48,"turns":3},{"damage":38,"enemies":"Maw","floor":49,"turns":5},{"damage":48,"enemies":"downfall:Defect","floor":50,"turns":6},{"damage":75,"enemies":"downfall:CharBossMerchant","floor":52,"turns":5},{"damage":142,"enemies":"downfall:NeowBoss","floor":55,"turns":11}],"seed_played":"5323811104235689875","potions_obtained":[{"floor":4.0,"key":"FearPotion"},{"floor":5.0,"key":"champ:TechniquePotion"},{"floor":6.0,"key":"SkillPotion"},{"floor":10.0,"key":"SteroidPotion"},{"floor":13.0,"key":"FairyPotion"},{"floor":16.0,"key":"Weak Potion"},{"floor":20.0,"key":"Guardian:BlockOnCardUsePotion"},{"floor":22.0,"key":"FearPotion"},{"floor":23.0,"key":"PowerPotion"},{"floor":27.0,"key":"Ancient Potion"},{"floor":30.0,"key":"Regen Potion"},{"floor":30.0,"key":"Strength Potion"},{"floor":30.0,"key":"Explosive Potion"},{"floor":31,"key":"SkillPotion"},{"floor":32,"key":"champ:CounterPotion"},{"floor":33,"key":"AttackPotion"},{"floor":36,"key":"GamblersBrew"},{"floor":38,"key":"Ancient Potion"},{"floor":39,"key":"LiquidMemories"},{"floor":43,"key":"champ:OpenerPotion"},{"floor":49,"key":"PowerPotion"},{"floor":52,"key":"AttackPotion"}],"is_trial":false,"path_per_floor":["R","M","?","E","M","M","T","M","M","E","?","M","M","M","M","B",null,"R","M","E","M","?","M","T","M","R","E","T","M","?","M","M","B",null,"R","M","M","M","$","?","T","?","E","R","$","M","$","M","M","B",null,"E","$","R","B"],"character_chosen":"THE_CHAMP","items_purchased":["Fruit Juice","AttackPotion","Toolbox","War Paint","expansioncontent:PolyBeam","champ:DefensiveShout","champ:RapidStrikes","Kunai","expansioncontent:QuickStudy","champ:DefensiveShout"],"campfire_rested":1,"item_purchase_floors":[39,39,39,45,45,45,47,47,47,53],"current_hp_per_floor":[81,81,81,40,40,40,40,40,39,39,37,34,33,16,2,23,86,86,77,87,88,79,76,76,56,83,76,76,84,76,78,79,98,98,108,109,110,87,117,107,107,132,133,133,134,135,135,118,137,138,138,139,139,139,0,0],"gold":26,"neow_bonus":"RANDOM_COLORLESS_2","is_daily":false,"chose_seed":false,"campfire_upgraded":4,"win_rate":0.0,"timestamp":1608249791,"path_taken":["R","M","?","E","M","M","T","?","M","E","?","?","M","M","M","BOSS","R","M","E","M","?","M","T","M","R","E","?","M","?","M","M","BOSS","R","M","M","M","$","?","T","?","E","R","$","M","$","M","M","BOSS","E","$","R","BOSS"],"items_purchased_type":["Potion","Potion","Relic","Relic","Card","Card","Card","Relic","Card","Card"],"build_version":"2020-12-13","purchased_purges":1,"victory":false,"max_hp_per_floor":[81,81,81,81,81,81,81,81,81,81,81,82,83,84,85,86,86,86,87,88,89,90,91,91,92,92,93,93,94,95,96,97,98,98,108,109,110,111,117,117,117,132,133,133,134,135,135,136,137,138,138,139,139,139,139,139],"relic_stats":{"Happy Flower":[49],"Gremlin Horn":[36,37],"counters":[37,163],"Eternal Feather":0,"PreservedInsect":100,"War Paint":["champ:DefensiveShout","champ:Defend"],"Question Card":34,"SsserpentHead":300,"Centennial Puzzle":[66],"FaceOfCleric":28,"Bronze Scales":[36],"Kunai":[3],"obtain_stats":[{"Gremlin Horn":7,"champ:ChampionCrown":0,"GremlinMask":11,"downfall:HeartBlessingGreen":26,"SsserpentHead":11,"Centennial Puzzle":20,"FaceOfCleric":11,"downfall:HeartBlessingBlue":35,"Toolbox":39,"downfall:CloakOfManyFaces":11,"Kunai":47,"Happy Flower":4,"downfall:HeartBlessingRed":26,"Eternal Feather":27,"champ:ChampionCrownUpgraded":17,"PreservedInsect":43,"War Paint":45,"Question Card":10,"White Beast Statue":30,"downfall:GremlinSack":22,"Bronze Scales":52,"CultistMask":11,"Coffee Dripper":34,"StrikeDummy":41,"NlothsMask":11},{"Gremlin Horn":4,"champ:ChampionCrown":0,"GremlinMask":8,"downfall:HeartBlessingGreen":19,"SsserpentHead":8,"Centennial Puzzle":15,"FaceOfCleric":8,"downfall:HeartBlessingBlue":25,"Toolbox":29,"downfall:CloakOfManyFaces":8,"Kunai":32,"Happy Flower":2,"downfall:HeartBlessingRed":19,"Eternal Feather":20,"champ:ChampionCrownUpgraded":13,"PreservedInsect":30,"War Paint":31,"Question Card":7,"White Beast Statue":22,"downfall:GremlinSack":17,"Bronze Scales":36,"CultistMask":8,"Coffee Dripper":25,"StrikeDummy":29,"NlothsMask":8},{"Gremlin Horn":20,"champ:ChampionCrown":0,"GremlinMask":37,"downfall:HeartBlessingGreen":83,"SsserpentHead":37,"Centennial Puzzle":69,"FaceOfCleric":37,"downfall:HeartBlessingBlue":108,"Toolbox":125,"downfall:CloakOfManyFaces":37,"Kunai":133,"Happy Flower":14,"downfall:HeartBlessingRed":83,"Eternal Feather":87,"champ:ChampionCrownUpgraded":56,"PreservedInsect":129,"War Paint":131,"Question Card":32,"White Beast Statue":96,"downfall:GremlinSack":76,"Bronze Scales":152,"CultistMask":37,"Coffee Dripper":108,"StrikeDummy":125,"NlothsMask":37}]},"card_choices":[{"not_picked":["Chrysalis","Violence"],"picked":"Apotheosis","floor":0.0},{"not_picked":["champ:TornadoPunch","champ:Haymaker"],"picked":"champ:StanceDance","floor":2.0},{"not_picked":["champ:GladiatorStyle","champ:StanceDance"],"picked":"champ:Duel","floor":4.0},{"not_picked":["champ:PerfectedStrike","champ:BladeFlurry"],"picked":"champ:SteelEdge","floor":5.0},{"not_picked":["champ:BerserkersShout","champ:FightOn"],"picked":"champ:DefensiveShout","floor":6.0},{"not_picked":["champ:StanceDance","champ:HeartStrike"],"picked":"champ:CrookedStrike","floor":8.0},{"not_picked":["champ:BringItOn","champ:DefensiveShout"],"picked":"champ:ArenaPreparation","floor":9.0},{"not_picked":["champ:RecklessLeap","champ:FocusedBerserking","champ:FaceSlap"],"picked":"SKIP","floor":10.0},{"not_picked":["champ:SwordThrow","champ:DeathBlow","champ:RecklessLeap"],"picked":"champ:IronFortress","floor":11.0},{"not_picked":["champ:DefensiveShout","champ:Encircle","champ:CalledShot"],"picked":"champ:TornadoPunch","floor":12.0},{"not_picked":["champ:Backstep","champ:Encircle","champ:Circumvent"],"picked":"champ:DefensiveStyle","floor":13.0},{"not_picked":["champ:GladiatorsShout","champ:BladeFlurry","champ:EnragedBash"],"picked":"champ:IronFortress","floor":14.0},{"not_picked":["champ:StanceDance","champ:Haymaker","champ:FanOfKnives"],"picked":"champ:BringItOn","floor":15.0},{"not_picked":["champ:HeavySlash","champ:DancingMaster","champ:CheapShot"],"picked":"champ:VampiricStrike","floor":16.0},{"not_picked":["champ:ViciousMockery","champ:PerfectedStrike","champ:RisingSlash+1"],"picked":"champ:FocusedDefense","floor":19.0},{"not_picked":["champ:ViciousMockery","champ:AdrenalArmor","champ:PreciseThrust"],"picked":"champ:FalseCounter","floor":20.0},{"not_picked":["champ:GutPunch","champ:Riposte","champ:EnragedBash+1"],"picked":"champ:FalseCounter","floor":21.0},{"not_picked":["champ:Backstep","champ:ShieldWall","champ:GutPunch"],"picked":"champ:MurderStrike","floor":22.0},{"not_picked":["champ:Backstep","champ:GladiatorsShout","champ:FanOfKnives"],"picked":"champ:FlashCut","floor":23.0},{"not_picked":["champ:StanceDance","champ:Haymaker+1","champ:FanOfKnives"],"picked":"champ:Duel","floor":25.0},{"not_picked":["champ:IronFortress+1","champ:LastStand","champ:RisingSlash"],"picked":"champ:StrikeOfGenius","floor":27.0},{"not_picked":["champ:TornadoPunch","champ:Circumvent","champ:Backstep"],"picked":"champ:DefensiveShout","floor":29.0},{"not_picked":["champ:Circumvent","champ:FocusedDefense","champ:EnGarde"],"picked":"champ:Devastate","floor":30.0},{"not_picked":["champ:Encircle","champ:AdrenalArmor","champ:Haymaker"],"picked":"champ:TornadoPunch","floor":31},{"not_picked":["champ:PerfectedStrike","champ:RisingSlash","champ:ViciousMockery"],"picked":"champ:Lariat+1","floor":32},{"not_picked":["champ:HoldFirm","champ:CheapShot","champ:LastStand"],"picked":"champ:MurderStrike","floor":33},{"not_picked":["champ:GutPunch","champ:CrookedStrike+1","champ:PerfectedStrike"],"picked":"champ:DefensiveShout","floor":36},{"not_picked":["champ:FanOfKnives","champ:BerserkersShout+1","champ:BladeFlurry"],"picked":"champ:CalledShot","floor":37},{"not_picked":["champ:PerfectedStrike","champ:FocusedGladiator","champ:FanOfKnives+1"],"picked":"champ:ArenaPreparation","floor":38},{"not_picked":["champ:Riposte+1","champ:PerfectedStrike","champ:BringItOn"],"picked":"champ:PerfectForm","floor":39},{"not_picked":["expansioncontent:Collect","expansioncontent:SlimeTackle","expansioncontent:SuperHexaguard"],"picked":"expansioncontent:DarkVoid","floor":40},{"not_picked":["expansioncontent:Collect","expansioncontent:Hexaburn","expansioncontent:BronzeBeam"],"picked":"expansioncontent:DefensiveStance","floor":40},{"not_picked":["expansioncontent:Flail","expansioncontent:ManipulateTime","expansioncontent:FaceSlap"],"picked":"expansioncontent:DonusPower","floor":40},{"not_picked":["champ:TornadoPunch","champ:Haymaker+1","champ:BladeFlurry+1"],"picked":"champ:ArenaPreparation+1","floor":43},{"not_picked":["champ:FanOfKnives+1","champ:GladiatorsShout","champ:IronFortress+1"],"picked":"champ:TornadoPunch","floor":45},{"not_picked":["champ:FightOn","champ:StanceDance+1","champ:FanOfKnives"],"picked":"champ:CalledShot+1","floor":46},{"not_picked":["champ:FalseCounter","champ:RapidStrikes","champ:FanOfKnives+1"],"picked":"champ:Lariat","floor":48},{"not_picked":["champ:AdrenalArmor","champ:SkillfulDodge","champ:FlashCut"],"picked":"champ:ShieldWall","floor":49},{"not_picked":["champ:ArenaPreparation","champ:BladeFlurry+1","champ:DefensiveShout"],"picked":"champ:StrikeOfGenius","floor":52}],"player_experience":182621,"relics_obtained":[{"floor":4.0,"key":"Happy Flower"},{"floor":7.0,"key":"Gremlin Horn"},{"floor":10.0,"key":"Question Card"},{"floor":11.0,"key":"downfall:CloakOfManyFaces"},{"floor":20.0,"key":"Centennial Puzzle"},{"floor":22.0,"key":"downfall:GremlinSack"},{"floor":27.0,"key":"Eternal Feather"},{"floor":30.0,"key":"White Beast Statue"},{"floor":41,"key":"StrikeDummy"},{"floor":43,"key":"PreservedInsect"},{"floor":52,"key":"Bronze Scales"}],"event_choices":[{"damage_healed":0.0,"max_hp_gain":0.0,"max_hp_loss":0.0,"gold_gain":0.0,"cards_transformed":["champ:Strike"],"event_name":"Transmorgrifier","player_choice":"Transformed","floor":3.0,"gold_loss":0.0,"damage_taken":0.0,"cards_obtained":["champ:EnGarde"]}],"is_beta":false,"boss_relics":[{"not_picked":["Pandora\u0027s Box","Empty Cage"],"picked":"champ:ChampionCrownUpgraded"},{"not_picked":["Runic Dome","Tiny House"],"picked":"Coffee Dripper"}],"items_purged_floors":[39],"is_endless":false,"potions_floor_spawned":[4,5,6,10,13,15,16,20,22,23,27,31,32,33,36,37,38,39,43,45,46,48,49,52],"killed_by":"downfall:NeowBoss","ascension_level":0}}