{"host":"y3iy5gb13b300rns","time":1608328864,"event":{"mods":["BaseMod","Bestiary","Curses Come First","Minty Spire (QoL Compilation)","Replay The Spire","StSLib","The Runesmith"],"gold_per_floor":[118,73,88,103,122,122,177,177,177,177,177,195,212,224,224,326,326,341,341,256,317,257,257,14,34,34,62,78,91,91,102,164,261,261,279,6,16,16,34,69,89,89,115,115,130,230,241,31,31,31],"floor_reached":51,"playtime":4066,"items_purged":[],"score":716,"play_id":"d701dc78-0638-4db1-ab19-e54d47588a68","local_time":"20201218160104","is_ascension_mode":false,"campfire_choices":[{"data":"Backstab","floor":6,"key":"SMITH"},{"data":"Accuracy","floor":8,"key":"SMITH"},{"data":"Cloak And Dagger","floor":11,"key":"SMITH"},{"data":"Blade Dance","floor":15,"key":"SMITH"},{"data":"After Image","floor":23,"key":"SMITH"},{"data":"Accuracy","floor":30,"key":"SMITH"},{"data":"Blade Dance","floor":42,"key":"SMITH"},{"data":"Deadly Poison","floor":44,"key":"SMITH"},{"floor":49,"key":"REST"}],"circlet_count":0,"master_deck":["Strike_G+1","Strike_G+1","Strike_G+1","Strike_G+1","Strike_G+1","Defend_G+1","Defend_G+1","Defend_G+1","Defend_G+1","Defend_G+1","Survivor","Neutralize","Backstab+1","Cloak And Dagger+1","Dash","Hidden Blade","Backflip","Accuracy+1","Setup","Masterful Stab","Blade Dance+1","After Image+1","Draining Mist","Quick Slash","Deadly Poison","Cloak And Dagger+1","Accuracy+1","ReplayTheSpireMod:Speed Training+1","Hidden Blade+1","Deadly Poison+1","Venomology","Finisher+1","Deadly Poison+1","Choke+1","Dagger Spray","Poisoned Stab+1","Blade Dance+1","Prepared+1","Bane","Clumsy","Dash","Hidden Blade","Slice+1"],"relics":["Ring of the Snake","NeowsBlessing","Lantern","ReplayTheSpireMod:TigerMarble","ChewingGum","Counterbalance","Dream Catcher","Bronze Scales","Replay:Wax Seal","Bird Faced Urn","Vajra","HoveringKite","Potion Belt","Calipers","Pen Nib","ReplayTheSpireMod:CursedCoin","Happy Flower"],"acts_visited":["Exordium","TheCity","TheBeyond"],"potions_floor_usage":[7,13,16,16,27,33,33,40,40,40,40,40,40,40,45,47,50,50,50,50,50,50],"damage_taken":[{"damage":0,"enemies":"2 Louse","floor":1,"turns":1},{"damage":0,"enemies":"Small Slimes","floor":3,"turns":1},{"damage":0,"enemies":"Cultist","floor":4,"turns":1},{"damage":0,"enemies":"Large Slime","floor":5,"turns":10},{"damage":13,"enemies":"3 Sentries","floor":7,"turns":8},{"damage":0,"enemies":"Looter","floor":12,"turns":2},{"damage":0,"enemies":"Blue Slaver","floor":13,"turns":2},{"damage":0,"enemies":"3 Louse","floor":14,"turns":2},{"damage":20,"enemies":"Hexaghost","floor":16,"turns":8},{"damage":0,"enemies":"Spheric Guardian","floor":18,"turns":3},{"damage":0,"enemies":"3 Byrds","floor":25,"turns":3},{"damage":10,"enemies":"Book of Stabbing","floor":27,"turns":4},{"damage":11,"enemies":"Cultist and Chosen","floor":28,"turns":7},{"damage":0,"enemies":"Sentry and Sphere","floor":29,"turns":3},{"damage":0,"enemies":"Chosen and Byrds","floor":31,"turns":3},{"damage":8,"enemies":"Automaton","floor":33,"turns":6},{"damage":0,"enemies":"3 Shapes","floor":35,"turns":6},{"damage":3,"enemies":"Orb Walker","floor":37,"turns":3},{"damage":5,"enemies":"Writhing Mass","floor":39,"turns":5},{"damage":0,"enemies":"Giant Head","floor":40,"turns":7},{"damage":10,"enemies":"Maw","floor":41,"turns":7},{"damage":6,"enemies":"Spire Growth","floor":45,"turns":2},{"damage":10,"enemies":"Sphere and 2 Shapes","floor":47,"turns":6},{"damage":18,"enemies":"Donu and Deca","floor":50,"turns":7}],"seed_played":"-7244526583404407196","potions_obtained":[{"floor":4,"key":"AttackPotion"},{"floor":5,"key":"Elixir"},{"floor":7,"key":"ColorlessPotion"},{"floor":10,"key":"Fruit Juice"},{"floor":10,"key":"SteroidPotion"},{"floor":13,"key":"GamblersBrew"},{"floor":21,"key":"Flashbang"},{"floor":21,"key":"Weak Potion"},{"floor":25,"key":"Toxic Potion"},{"floor":27,"key":"EssenceOfSteel"},{"floor":29,"key":"Toxic Potion"},{"floor":47,"key":"Block Potion"}],"is_trial":false,"path_per_floor":["M","$","M","M","M","R","?","R","T","?","R","M","M","M","R","B",null,"M","?","?","?","?","R","$","M","T","E","M","M","R","M","R","B",null,"M","$","M","?","M","E","M","R","T","R","M","?","M","$","R","B",null],"character_chosen":"THE_SILENT","items_purchased":["Cloak And Dagger","Bronze Scales","Replay:Wax Seal","Deadly Poison","Potion Belt","Deadly Poison","Toxic Potion","ReplayTheSpireMod:CursedCoin","Happy Flower","PowerPotion","AttackPotion","Dash","Hidden Blade"],"campfire_rested":1,"item_purchase_floors":[2,24,24,24,36,36,36,48,48,48,48,48,48],"current_hp_per_floor":[70,70,70,70,70,70,57,57,57,57,57,57,62,62,62,42,75,75,75,75,75,75,75,75,75,75,65,60,66,66,74,74,67,75,75,75,72,72,70,75,65,65,65,65,63,63,59,59,75,61],"gold":31,"neow_bonus":"THREE_ENEMY_KILL","is_daily":false,"chose_seed":false,"campfire_upgraded":8,"win_rate":0.0,"timestamp":1608328864,"path_taken":["M","$","M","M","M","R","?","R","T","?","R","?","M","M","R","BOSS","M","?","?","?","?","R","$","M","T","E","?","M","R","M","R","BOSS","M","$","M","?","M","E","?","R","T","R","M","?","M","?","R","BOSS"],"items_purchased_type":["Card","Relic","Relic","Card","Relic","Card","Potion","Relic","Relic","Potion","Potion","Card","Card"],"build_version":"2020-12-13","purchased_purges":0,"victory":true,"max_hp_per_floor":[70,70,70,70,70,70,70,70,70,70,70,70,75,75,75,75,75,75,75,75,75,75,75,75,75,75,75,75,75,75,75,75,75,75,75,75,75,75,75,75,75,75,75,75,75,75,75,75,75,75],"card_choices":[{"not_picked":["Cloak And Dagger","Deadly Poison"],"picked":"Backstab","floor":1},{"not_picked":["Footwork","Reflex"],"picked":"Dash","floor":3},{"not_picked":["Prepared","PiercingWail"],"picked":"Hidden Blade","floor":4},{"not_picked":["Acrobatics","Concentrate"],"picked":"Backflip","floor":5},{"not_picked":["Sucker Punch","Masterful Stab"],"picked":"Accuracy","floor":7},{"not_picked":["Prepared","Bane"],"picked":"Setup","floor":12},{"not_picked":["Bane","Dagger Throw"],"picked":"Masterful Stab","floor":13},{"not_picked":["PiercingWail","Toxin Wave"],"picked":"Blade Dance","floor":14},{"not_picked":["Replay:Bag of Tricks","Poison Darts"],"picked":"After Image","floor":16},{"not_picked":["Deadly Poison","Prepared"],"picked":"Draining Mist","floor":18},{"not_picked":["Skewer","Underhanded Strike+1"],"picked":"Quick Slash","floor":21},{"not_picked":["Dagger Spray","Bane"],"picked":"Cloak And Dagger","floor":25},{"not_picked":["Backflip","Fluid Movement+1"],"picked":"Accuracy","floor":27},{"not_picked":["PiercingWail","Dagger Spray"],"picked":"ReplayTheSpireMod:Speed Training+1","floor":28},{"not_picked":["Outmaneuver+1","Flechettes"],"picked":"Hidden Blade+1","floor":29},{"not_picked":["Leg Sweep","ReplayTheSpireMod:Shiv Toss"],"picked":"Deadly Poison+1","floor":31},{"not_picked":["Atom Bomb","Replay:Bag of Tricks"],"picked":"Venomology","floor":33},{"not_picked":["Dagger Spray","Bane+1"],"picked":"Finisher+1","floor":35},{"not_picked":["Slice","Dagger Throw+1"],"picked":"Choke+1","floor":37},{"not_picked":["Flying Knee","Sucker Punch+1"],"picked":"Dagger Spray","floor":39},{"not_picked":["Acrobatics","Flying Knee+1"],"picked":"Poisoned Stab+1","floor":40},{"not_picked":["Deflect+1","Riddle With Holes"],"picked":"Blade Dance","floor":41},{"not_picked":["Sucker Punch+1","Dagger Spray"],"picked":"Prepared+1","floor":45},{"not_picked":["Finisher+1","Well Laid Plans+1"],"picked":"Bane","floor":47},{"not_picked":["Glass Knife","Dagger Throw"],"picked":"Slice+1","floor":49}],"player_experience":336489,"relics_obtained":[{"floor":7,"key":"Lantern"},{"floor":9,"key":"ReplayTheSpireMod:TigerMarble"},{"floor":21,"key":"Dream Catcher"},{"floor":26,"key":"Bird Faced Urn"},{"floor":27,"key":"Vajra"},{"floor":40,"key":"Calipers"},{"floor":43,"key":"Pen Nib"}],"event_choices":[{"damage_healed":0,"gold_gain":30,"player_choice":"Searched \u00273\u0027 times","damage_taken":0,"max_hp_gain":0,"max_hp_loss":0,"event_name":"Dead Adventurer","floor":7,"gold_loss":0},{"damage_healed":0,"gold_gain":0,"player_choice":"Got Potions","damage_taken":0,"max_hp_gain":0,"max_hp_loss":0,"event_name":"Lab","floor":10,"gold_loss":0},{"damage_healed":0,"gold_gain":0,"player_choice":"Simplicity","damage_taken":0,"max_hp_gain":0,"max_hp_loss":0,"event_name":"Back to Basics","floor":19,"gold_loss":0,"cards_upgraded":["Strike_G","Strike_G","Strike_G","Strike_G","Strike_G","Defend_G","Defend_G","Defend_G","Defend_G","Defend_G"]},{"damage_healed":0,"gold_gain":0,"player_choice":"Obtained Relic","damage_taken":0,"relics_obtained":["Counterbalance"],"max_hp_gain":0,"max_hp_loss":0,"event_name":"Addict","floor":20,"gold_loss":85},{"damage_healed":0,"gold_gain":0,"player_choice":"Upgraded","damage_taken":0,"max_hp_gain":0,"max_hp_loss":0,"event_name":"Upgrade Shrine","floor":38,"gold_loss":0,"cards_upgraded":["Cloak And Dagger"]},{"damage_healed":0,"gold_gain":100,"player_choice":"Pray","damage_taken":0,"max_hp_gain":0,"max_hp_loss":0,"event_name":"Golden Shrine","floor":46,"gold_loss":0}],"is_beta":false,"boss_relics":[{"not_picked":["Pandora\u0027s Box","SlaversCollar"],"picked":"ChewingGum"},{"not_picked":["Kintsugi","Runesmith:UraniumAnvil"],"picked":"HoveringKite"}],"items_purged_floors":[],"is_endless":false,"potions_floor_spawned":[4,5,7,13,25,27,29,35,39,47],"ascension_level":0}}