{"host":"yhemb00fn7g5zwp1","time":1608280111,"event":{"mods":["AchievementEnabler","Act Like it!","BaseMod","CapriCore","Gensokyo","Hallownest","Highlight Path","KinomotoSakuraMod(Ä¾Ö®±¾Ó£)","Koishi","KomeijiMod","Marisa£¨ìFÓê¡¡Ä§ÀíÉ³£©","Minty Spire (QoL Compilation)","MostiFishMod","Pale of the Ancients","Prisma Mod","Reimu£¨²©ÀöÁéÃÎ£©","Remilia£¨ÀÙÃ×ÀòÑÇ£©","StSLib","Td1madao Mod","The Hayseed","The Servant 0.9.4","Youmu£¨»êÆÇÑýÃÎ£©","Yuyuko","¡¾¶«·½¶þ´Î´´×÷¡¿°ËÔÆ×Ïmod","¡¾ÒÅÎï¿¨ÅÆ¡¿REMEMod"],"gold_per_floor":[410,410,410,425,21,21,46,89,114,114,142,176,176,199,199,304,313,335,204,219,253,289,289,316,316,316,316,566,600,633,642,642,642,642],"floor_reached":33,"playtime":937,"items_purged":["Strike_R","Injury"],"score":594,"play_id":"1ca544b4-65cc-484a-b970-092901d15acb","local_time":"20201218162831","is_ascension_mode":true,"campfire_choices":[{"data":"MostiFishMod:WinterMarkForm","floor":6,"key":"SMITH"},{"data":"Extrememeaning_purpleEX","floor":10,"key":"SMITH"},{"data":"True Grit","floor":13,"key":"SMITH"},{"data":"MostiFishMod:FrostNova","floor":15,"key":"SMITH"},{"data":"Gensokyo:FourOfAKind","floor":23,"key":"SMITH"},{"data":"REME_Fury","floor":25,"key":"SMITH"},{"data":"Gensokyo:FourOfAKind","floor":27,"key":"SMITH"},{"data":"Gensokyo:FourOfAKind","floor":32,"key":"SMITH"}],"circlet_count":0,"master_deck":["AscendersBane","Strike_R","Strike_R","Strike_R","Strike_R","Defend_R","Defend_R","Defend_R","Defend_R","Bash","MostiFishMod:FrostNova+1","MostiFishMod:WinterMarkForm+1","Extrememeaning_purpleEX+1","Fire Breathing","True Grit+1","Burning Pact","Fire Breathing","Evolve","Havoc","Power Through","Immolate","CurseOfTheBell","Feel No Pain","REME_FearOfPain","Wild Strike","Gensokyo:FourOfAKind","Gensokyo:FourOfAKind+1","Gensokyo:FourOfAKind+1","Gensokyo:FourOfAKind+1","REME_Fury+1","Fire Breathing","Rage+1","Berserk"],"relics":["Burning Blood","REME_ComplimentaryCards","DaveBox","Old Coin","FrostBlade","Question Card","Golden Idol","Strange Spoon","CeramicFish","Anchor","Odd Mushroom","ImportantClient","Calling Bell","Strawberry","Tea:ReiMu","Gambling Chip","Dream Catcher"],"acts_visited":["Exordium","Exordium"],"potions_floor_usage":[8,16,16,33,33],"damage_taken":[{"damage":7,"enemies":"Jaw Worm","floor":1,"turns":2},{"damage":1,"enemies":"Small Slimes","floor":4,"turns":3},{"damage":0,"enemies":"Cultist","floor":7,"turns":2},{"damage":0,"enemies":"Lagavulin","floor":8,"turns":4},{"damage":12,"enemies":"Looter","floor":11,"turns":3},{"damage":7,"enemies":"The Mushroom Lair","floor":12,"turns":3},{"damage":27,"enemies":"Exordium Wildlife","floor":14,"turns":4},{"damage":21,"enemies":"Hexaghost","floor":16,"turns":5},{"damage":6,"enemies":"Gensokyo:CosmicMonolith","floor":18,"turns":4},{"damage":0,"enemies":"Gensokyo:Chomper","floor":20,"turns":3},{"damage":14,"enemies":"Gensokyo:Swordslinger","floor":21,"turns":4},{"damage":23,"enemies":"Gensokyo:Wraith","floor":24,"turns":6},{"damage":23,"enemies":"Gensokyo:Slime_Group","floor":29,"turns":4},{"damage":0,"enemies":"Gensokyo:Chomper_and_Gloop","floor":30,"turns":3},{"damage":40,"enemies":"Gensokyo:Kaguya","floor":33,"turns":5}],"seed_played":"-2057370715907220820","potions_obtained":[{"floor":1,"key":"PowerPotion"},{"floor":7,"key":"PowerPotion"},{"floor":14,"key":"ZuzhouPotion:ReiMu"},{"floor":18,"key":"Dexterity Potion"},{"floor":21,"key":"Dexterity Potion"},{"floor":30,"key":"BloodPotion"}],"is_trial":false,"path_per_floor":["M","?","?","M","$","R","M","E","T","R","M","?","R","M","R","B",null,"M","$","M","M","?","R","M","R","T","R","?","M","M","?","R","B"],"character_chosen":"IRONCLAD","items_purchased":["Strange Spoon","Burning Pact","Fire Breathing","REME_FearOfPain"],"campfire_rested":0,"item_purchase_floors":[5,5,5,19],"current_hp_per_floor":[67,67,60,65,65,65,71,75,75,75,69,68,68,47,47,32,71,71,71,77,69,54,54,37,37,37,37,37,20,26,26,26,0,0],"gold":642,"neow_bonus":"ONE_RARE_RELIC","is_daily":false,"chose_seed":false,"campfire_upgraded":8,"win_rate":0.0,"timestamp":1608280111,"path_taken":["M","?","?","M","$","R","M","E","T","R","M","?","R","M","R","BOSS","M","$","M","M","?","R","M","R","T","R","?","?","M","?","R","BOSS"],"items_purchased_type":["Relic","Card","Card","Card"],"build_version":"2020-12-13","purchased_purges":2,"victory":false,"max_hp_per_floor":[75,75,75,75,75,75,75,75,75,75,75,75,75,75,75,75,82,82,82,82,82,54,54,54,54,54,54,50,50,50,50,50,50,50],"card_choices":[{"not_picked":["Havoc","Body Slam"],"picked":"Fire Breathing","floor":1},{"not_picked":["Shrug It Off","Rampage","Anger"],"picked":"True Grit","floor":4},{"not_picked":["Bloodletting","Flame Barrier","Pommel Strike"],"picked":"Warcry","floor":7},{"not_picked":["Searing Blow","Sword Boomerang","Headbutt"],"picked":"Evolve","floor":8},{"not_picked":["Flex","REME_Cut","Clash"],"picked":"Havoc","floor":11},{"not_picked":["Metallicize","Flex","REME_SingleHolding"],"picked":"Power Through","floor":12},{"not_picked":["Heavy Blade","REME_Cut","Flex","Anger"],"picked":"SKIP","floor":14},{"not_picked":["Offering","MostiFishMod:HellRitual","Reaper"],"picked":"Immolate","floor":16},{"not_picked":["Fire Breathing","Whirlwind","Reckless Charge"],"picked":"Feel No Pain","floor":18},{"not_picked":["Clothesline","REME_SingleHolding","Heavy Blade","Anger"],"picked":"SKIP","floor":20},{"not_picked":["Sword Boomerang","Body Slam","Havoc"],"picked":"Wild Strike","floor":21},{"not_picked":["REME_SingleHolding","Seeing Red","Twin Strike"],"picked":"REME_Fury","floor":24},{"not_picked":["Pommel Strike","Clothesline","Clash"],"picked":"Fire Breathing","floor":29},{"not_picked":["Entrench","True Grit","Shrug It Off"],"picked":"Rage+1","floor":30}],"player_experience":436948,"relics_obtained":[{"floor":1,"key":"Question Card"},{"floor":8,"key":"CeramicFish"},{"floor":9,"key":"Anchor"},{"floor":12,"key":"Odd Mushroom"},{"floor":16,"key":"ImportantClient"},{"floor":17,"key":"Strawberry"},{"floor":17,"key":"Tea:ReiMu"},{"floor":17,"key":"Gambling Chip"},{"floor":26,"key":"Dream Catcher"}],"event_choices":[{"damage_healed":0,"gold_gain":0,"player_choice":"Take Wound","damage_taken":0,"relics_obtained":["Golden Idol"],"max_hp_gain":0,"max_hp_loss":0,"event_name":"Golden Idol","floor":2,"gold_loss":0,"cards_obtained":["Injury"]},{"cards_removed":["Writhe"],"damage_healed":0,"gold_gain":0,"player_choice":"Card Removal","damage_taken":7,"max_hp_gain":0,"max_hp_loss":0,"event_name":"Golden Wing","floor":3,"gold_loss":0},{"damage_healed":0,"gold_gain":0,"player_choice":"Fought Mushrooms","damage_taken":0,"max_hp_gain":0,"max_hp_loss":0,"event_name":"Mushrooms","floor":12,"gold_loss":0}],"is_beta":false,"boss_relics":[{"not_picked":["GreenFoldingFan","MoonlightInvasionPlan"],"picked":"Calling Bell"}],"items_purged_floors":[5,19],"is_endless":false,"potions_floor_spawned":[1,7,14,18,21,30],"killed_by":"Gensokyo:Kaguya","ascension_level":20}}