{"host":"qwttrqaysb380yri","time":1608329448,"event":{"mods":["BaseMod","Custom Start","Minty Spire (QoL Compilation)","Permanent Neow","Puzzle Mod","Relic Stats","StSLib","The Cursed","The Hierophant"],"gold_per_floor":[119,136,148,167,103,121,121,150,150,184,186,8,8,16,16,2,2],"floor_reached":16,"playtime":506,"items_purged":[],"score":196,"play_id":"3c3e5512-1254-4515-8b6b-af2c2ee2fa6d","local_time":"20201218231048","is_ascension_mode":true,"campfire_choices":[{"floor":7,"key":"REST"},{"floor":15,"key":"REST"}],"circlet_count":0,"master_deck":["AscendersBane","hierophant:Strike_Hierophant","hierophant:Strike_Hierophant","hierophant:Strike_Hierophant","hierophant:Strike_Hierophant","hierophant:Punish","hierophant:Defend_Hierophant","hierophant:Defend_Hierophant","hierophant:Defend_Hierophant","hierophant:Defend_Hierophant","hierophant:ChurchCoffers","hierophant:MirrorShield","hierophant:MorningPrayer","hierophant:Smite","hierophant:Doubloon","hierophant:ConvertCurrency","hierophant:FieryStrike","hierophant:ThreeLashes","hierophant:FaithHealing","hierophant:Purify","hierophant:MorningPrayer","hierophant:Exaltation"],"relics":["hierophant:PropheticMaskRelic","Orichalcum","Blood Vial","Odd Mushroom","PreservedInsect","Darkstone Periapt","Membership Card"],"acts_visited":["Exordium"],"potions_floor_usage":[6,10,11,16],"damage_taken":[{"damage":6,"enemies":"Small Slimes","floor":1,"turns":3},{"damage":7,"enemies":"Jaw Worm","floor":2,"turns":3},{"damage":0,"enemies":"2 Louse","floor":3,"turns":2},{"damage":15,"enemies":"Exordium Thugs","floor":4,"turns":5},{"damage":24,"enemies":"Gremlin Nob","floor":6,"turns":5},{"damage":12,"enemies":"The Mushroom Lair","floor":8,"turns":4},{"damage":22,"enemies":"Lagavulin","floor":10,"turns":4},{"damage":3,"enemies":"Blue Slaver","floor":11,"turns":4},{"damage":0,"enemies":"Looter","floor":14,"turns":3},{"damage":12,"enemies":"Hexaghost","floor":16,"turns":9}],"seed_played":"5031765133536074420","potions_obtained":[{"floor":1,"key":"DuplicationPotion"},{"floor":8,"key":"LiquidMemories"},{"floor":10,"key":"SkillPotion"},{"floor":11,"key":"PowerPotion"},{"floor":14,"key":"SpeedPotion"}],"is_trial":false,"path_per_floor":["M","M","M","M","?","E","R","?","T","E","M","$","?","M","R","B"],"character_chosen":"HIEROPHANT","items_purchased":["Membership Card","hierophant:MorningPrayer"],"campfire_rested":2,"item_purchase_floors":[12,12],"current_hp_per_floor":[62,55,55,40,40,16,38,28,28,8,7,7,7,9,31,21,21],"gold":2,"neow_bonus":"RANDOM_COMMON_RELIC","is_daily":false,"chose_seed":false,"campfire_upgraded":0,"win_rate":0.0,"timestamp":1608329448,"path_taken":["M","M","M","M","?","E","R","?","T","E","M","$","?","?","R","BOSS"],"items_purchased_type":["Relic","Card"],"build_version":"2020-12-13","purchased_purges":0,"victory":false,"max_hp_per_floor":[75,75,75,75,75,75,75,75,75,75,75,75,75,75,75,75,75],"relic_stats":{"Blood Vial":10,"Darkstone Periapt":0,"counters":[10,42],"PreservedInsect":29,"Orichalcum":[114],"obtain_stats":[{"Blood Vial":6,"Darkstone Periapt":10,"hierophant:PropheticMaskRelic":0,"PreservedInsect":9,"Membership Card":12,"Orichalcum":0,"Odd Mushroom":8},{"Blood Vial":5,"Darkstone Periapt":7,"hierophant:PropheticMaskRelic":0,"PreservedInsect":6,"Membership Card":8,"Orichalcum":0,"Odd Mushroom":6},{"Blood Vial":18,"Darkstone Periapt":26,"hierophant:PropheticMaskRelic":0,"PreservedInsect":22,"Membership Card":30,"Orichalcum":0,"Odd Mushroom":22}]},"card_choices":[{"not_picked":["hierophant:Doomsaying","hierophant:Alms"],"picked":"hierophant:MirrorShield","floor":1},{"not_picked":["hierophant:Sermon","hierophant:Doubloon"],"picked":"hierophant:MorningPrayer","floor":2},{"not_picked":["hierophant:ThreeLashes","hierophant:Sermon"],"picked":"hierophant:Smite","floor":3},{"not_picked":["hierophant:CursedGold","hierophant:Shelter"],"picked":"hierophant:ConvertCurrency","floor":4},{"not_picked":["hierophant:Shelter","hierophant:RepressedViolence"],"picked":"hierophant:FieryStrike","floor":6},{"not_picked":["hierophant:Kindle","hierophant:HammerAndAnvil"],"picked":"hierophant:ThreeLashes","floor":8},{"not_picked":["hierophant:RepressedViolence","hierophant:FieryStrike"],"picked":"hierophant:FaithHealing","floor":10},{"not_picked":["hierophant:Encroach","hierophant:FaithHealing"],"picked":"hierophant:Purify","floor":11},{"not_picked":["hierophant:SealAway","hierophant:Chorus"],"picked":"hierophant:Exaltation","floor":14}],"player_experience":1885857,"relics_obtained":[{"floor":6,"key":"Blood Vial"},{"floor":8,"key":"Odd Mushroom"},{"floor":9,"key":"PreservedInsect"},{"floor":10,"key":"Darkstone Periapt"}],"event_choices":[{"damage_healed":0,"gold_gain":0,"player_choice":"Left Gold","damage_taken":0,"max_hp_gain":0,"max_hp_loss":0,"event_name":"World of Goop","floor":5,"gold_loss":64},{"damage_healed":0,"gold_gain":0,"player_choice":"Fought Mushrooms","damage_taken":0,"max_hp_gain":0,"max_hp_loss":0,"event_name":"Mushrooms","floor":8,"gold_loss":0},{"damage_healed":0,"gold_gain":0,"player_choice":"Ignored","damage_taken":0,"max_hp_gain":0,"max_hp_loss":0,"event_name":"Shining Light","floor":13,"gold_loss":0}],"is_beta":false,"boss_relics":[],"items_purged_floors":[],"is_endless":false,"potions_floor_spawned":[1,8,10,11,14],"killed_by":"Hexaghost","ascension_level":15}}