{"host":"r2b8ojg4o4pyvjvq","time":1608300920,"event":{"mods":["BaseMod","Colored Map","Downfall","Highlight Path","Hubris","Marisa????????","Minty Spire (QoL Compilation)","Quick Restart","Replay The Spire","StSLib","SuperFastMode"],"gold_per_floor":[115,115,40,54,72,72,84,84,84,119,136,136,61,76,76,176,176,195,110,110,110],"floor_reached":20,"playtime":704,"items_purged":["Strike_MRS"],"score":252,"play_id":"e6c6128a-97d0-47d4-ace7-45d77f624437","local_time":"20201218151520","is_ascension_mode":true,"campfire_choices":[{"data":"PulseMagic","floor":6,"key":"SMITH"},{"data":"SprinkleStarSeal","floor":8,"key":"SMITH"},{"data":"AsteroidBelt","floor":12,"key":"SMITH"},{"floor":15,"key":"REST"}],"circlet_count":0,"master_deck":["Strike_MRS","Strike_MRS","Strike_MRS","Defend_MRS","Defend_MRS","Defend_MRS","Defend_MRS","MasterSpark","UpSweep","UnstableBomb","StarBarrage","PulseMagic+1","AsteroidBelt+1","GrandCross","SprinkleStarSeal+1","ShootTheMoon","MilkyWay","OrrerysSun","ManaRampage","AsteroidBelt"],"relics":["MiniHakkero","Orichalcum","Kunai","MagicBroom","Ring of Chaos","ReplayTheSpireMod:Shallot"],"acts_visited":["Exordium","TheCity"],"potions_floor_usage":[16,18,20],"damage_taken":[{"damage":4,"enemies":"Jaw Worm","floor":1,"turns":3},{"damage":0,"enemies":"Cultist","floor":4,"turns":3},{"damage":2,"enemies":"2 Louse","floor":5,"turns":2},{"damage":2,"enemies":"Exordium Thugs","floor":7,"turns":4},{"damage":19,"enemies":"3 Sentries","floor":10,"turns":8},{"damage":5,"enemies":"Looter","floor":11,"turns":2},{"damage":4,"enemies":"2 Fungi Beasts","floor":14,"turns":3},{"damage":4,"enemies":"Hexaghost","floor":16,"turns":9},{"damage":29,"enemies":"3 Byrds","floor":18,"turns":7},{"damage":45,"enemies":"Masked Bandits","floor":20,"turns":5}],"seed_played":"-4179146942814038231","potions_obtained":[{"floor":7,"key":"Swift Potion"},{"floor":10,"key":"Energy Potion"},{"floor":16,"key":"Fruit Juice"}],"is_trial":false,"path_per_floor":["M","?","$","M","M","R","M","R","T","E","M","R","$","M","R","B",null,"M","?","?"],"character_chosen":"MARISA","items_purchased":["PulseMagic"],"campfire_rested":1,"item_purchase_floors":[3],"current_hp_per_floor":[64,64,64,64,62,62,60,60,60,41,36,36,36,32,54,50,69,45,45,0,0],"gold":110,"neow_bonus":"RANDOM_COMMON_RELIC","is_daily":false,"chose_seed":false,"campfire_upgraded":3,"win_rate":0.0,"timestamp":1608300920,"path_taken":["M","?","$","M","M","R","?","R","T","E","M","R","$","M","R","BOSS","M","?","?"],"items_purchased_type":["Card"],"build_version":"2020-12-13","purchased_purges":1,"victory":false,"max_hp_per_floor":[75,75,75,75,75,75,75,75,75,75,75,75,75,75,75,75,75,80,80,80,80],"card_choices":[{"not_picked":["RefractionSpark","MilkyWay"],"picked":"UnstableBomb","floor":1},{"not_picked":["Occultation","DC"],"picked":"AsteroidBelt","floor":4},{"not_picked":["WitchOfGreed","MilkyWay"],"picked":"GrandCross","floor":5},{"not_picked":["SporeBomb","GrandCross"],"picked":"SprinkleStarSeal","floor":7},{"not_picked":["OneTimeOff","EnergyRecoil"],"picked":"ShootTheMoon","floor":10},{"not_picked":["WitchLeyline","WitchOfGreed"],"picked":"MilkyWay","floor":11},{"not_picked":["PowerUp","Acceleration"],"picked":"OrrerysSun","floor":14},{"not_picked":["StarDustReverie","JA"],"picked":"ManaRampage","floor":16},{"not_picked":["DoubleSpark+1","NonDirectionalLaser"],"picked":"AsteroidBelt","floor":18}],"player_experience":451032,"relics_obtained":[{"floor":9,"key":"Kunai"},{"floor":10,"key":"MagicBroom"}],"event_choices":[{"damage_healed":0,"gold_gain":0,"player_choice":"1 cards matched","damage_taken":0,"max_hp_gain":0,"max_hp_loss":0,"event_name":"Match and Keep!","floor":2,"gold_loss":0,"cards_obtained":["StarBarrage"]},{"damage_healed":0,"gold_gain":0,"player_choice":"Obtained Relic","damage_taken":0,"relics_obtained":["ReplayTheSpireMod:Shallot"],"max_hp_gain":0,"max_hp_loss":0,"event_name":"Addict","floor":19,"gold_loss":85},{"damage_healed":0,"gold_gain":0,"player_choice":"Fought Bandits","damage_taken":0,"max_hp_gain":0,"max_hp_loss":0,"event_name":"Masked Bandits","floor":20,"gold_loss":0}],"is_beta":false,"boss_relics":[{"not_picked":["hubris:ScarierMask","hubris:RunicObelisk"],"picked":"Ring of Chaos"}],"items_purged_floors":[13],"is_endless":false,"potions_floor_spawned":[7,10,16],"killed_by":"Masked Bandits","ascension_level":9}}