{"host":"1shobamjx3kfwgso","time":1608250502,"event":{"mods":["2.2 Compatiblity","AchievementEnabler","Act Like it!","Aspiration","BaseMod","Beaked The Cultist","BetterRewards","Block Reminder","CCEM","CapriCore","Challenge The Spire","Clockwork Mod","Colored Map","Colored Powertips","Conjunction","Conspire","Defuse TimeMaze Blight","Downfall","Elementarium","Energized Spire","Exacting","FoggyMod","GifTheSpireLib","Halation","Hallownest","Hermit","Highlight Path","Hubris","Infinite Spire","Lobotomy","LobotomyExtend","Mimic Mod","Minty Spire (QoL Compilation)","Pale of the Ancients","Quick Restart","Relic Sorter","Replay The Spire","Shade Mod","Shop Mod","StSLib","Stuff the Spire","The Bladedancer","The Bug Knight","The Construct","The Cursed","The Druid","The Gatherer","The Immortal","The Juggle","The Mystic","The Sage","The Servant 0.9.4","TheFirefly","TheVacant","Uncapped","vexMod"],"gold_per_floor":[99,99,99,99,151,251,324,174,174,174,224,274,424,524,535,630,630,630,730,730,730,759,827,827,827,877,877,927,977,1038,1038,1056,1155,1155,1155,1205,1205,1205,422,422,462,522,555,480,530,530,598,2,27,27,27],"floor_reached":52,"playtime":3940,"items_purged":["Sickly","hexamod:SixthSeal"],"score":824,"play_id":"0204bc1d-65b3-454c-8092-977793cfbeb1","local_time":"20201217191502","is_ascension_mode":false,"campfire_choices":[{"floor":1.0,"key":"DIG"},{"floor":3.0,"key":"RECALL"},{"data":"hexamod:RetreatToShadows","floor":8.0,"key":"SMITH"},{"data":"hexamod:Sear","floor":10.0,"key":"SMITH"},{"floor":18.0,"key":"DIG"},{"floor":21.0,"key":"REST"},{"floor":25.0,"key":"REST"},{"floor":27.0,"key":"REST"},{"data":"beaked:CrazyRituals","floor":35.0,"key":"SMITH"},{"data":"ReplayTheSpireMod:Book of Names","floor":35.0,"key":"SMITH"},{"data":"hexamod:HexaLevel","floor":38.0,"key":"SMITH"},{"data":"hexamod:Defend","floor":38.0,"key":"SMITH"},{"data":"hexamod:VolcanoVisage","floor":44.0,"key":"SMITH"},{"data":"hexamod:RadiantFlame","floor":44.0,"key":"SMITH"}],"circlet_count":0,"master_deck":["hexamod:Strike","hexamod:Strike","hexamod:Strike","hexamod:Defend+1","hexamod:Defend","hexamod:Defend+1","hexamod:Defend+1","hexamod:Sear+1","hexamod:Float+1","MokouMod:ThermalPressure+1","hexamod:RetreatToShadows+1","hexamod:StepThrough","hexamod:HexaLevel+1","hexamod:FourthSeal","hexamod:GhostShield+1","hexamod:PhantomFireball+1","hexamod:NightmareGuise+1","ReplayTheSpireMod:Book of Names+1","hexamod:TimeWarp","beaked:CrazyRituals+1","hexamod:BurningTouch","hexamod:SearingWound","hexamod:RecurringNightmare","hexamod:RadiantFlame+1","hexamod:VolcanoVisage+1","hexamod:GhostShield+1","hubris:Greed","hexamod:Sear","hexamod:GhostOfSpirePast","hexamod:HeatCrush+1","hexamod:FirstSeal","sagemod:Refine","hexamod:FastForward","hexamod:VolcanoVisage"],"relics":["hexamod:SpiritBrand","StuffTheSpire:HeavyRock","downfall:CloakOfManyFaces","CultistMask","FaceOfCleric","NlothsMask","GremlinMask","SsserpentHead","downfall:HeartBlessingRed","downfall:HeartBlessingBlue","Ring of Peace","ReplayTheSpireMod:Ring of Collecting","LetterFromLob","conspire:RoyalGoblet","Lantern","Toy Ornithopter","aspiration:HiddenCompartment","infinitespire:ShieldingShard","CCEMRelics:CocoNut","halation:PinkSoulGem","Replay:Arrowhead","beaked:SacredDeck","halation:TwoAmDonut","HandDrill","MerchantsRug","vexMod:HeadHunter","Black Star","FossilizedHelix","halation:KoshaPiece","CCEMRelics:JestersCrown","downfall:HeartBlessingGreen","Lee\u0027s Waffle","Pantograph","hexamod:TheBrokenSeal"],"acts_visited":["Exordium","TheCity","TheBeyond"],"potions_floor_usage":[49,50,50,50],"damage_taken":[{"damage":0.0,"enemies":"infinitespire:Voidling","floor":5.0,"turns":7.0},{"damage":5.0,"enemies":"downfall:FaceTrader","floor":6.0,"turns":6.0},{"damage":0.0,"enemies":"infinitespire:Voidling","floor":15.0,"turns":4.0},{"damage":27.0,"enemies":"downfall:Watcher","floor":16.0,"turns":9.0},{"damage":35.0,"enemies":"downfall:LadyInBlue","floor":19.0,"turns":12.0},{"damage":28.0,"enemies":"Replay:Snechameleon","floor":22.0,"turns":9.0},{"damage":22.0,"enemies":"Shell Parasite","floor":23.0,"turns":8.0},{"damage":0.0,"enemies":"downfall:Augmenter","floor":28.0,"turns":6.0},{"damage":0.0,"enemies":"Snake Plant","floor":30.0,"turns":5.0},{"damage":6.0,"enemies":"Shelled Parasite and Fungi","floor":32.0,"turns":5.0},{"damage":0.0,"enemies":"downfall:Ironclad","floor":33.0,"turns":8.0},{"damage":0.0,"enemies":"downfall:FleeingMerchant","floor":39.0,"turns":4.0},{"damage":0.0,"enemies":"Orb Walker","floor":41.0,"turns":8.0},{"damage":0.0,"enemies":"Orb Walker","floor":42.0,"turns":5.0},{"damage":31.0,"enemies":"beaked:SuperParasite","floor":43.0,"turns":8.0},{"damage":0,"enemies":"3 Shapes","floor":47,"turns":5},{"damage":0,"enemies":"downfall:FleeingMerchant","floor":48,"turns":4},{"damage":47,"enemies":"3 Darklings","floor":49,"turns":11},{"damage":16,"enemies":"downfall:Defect","floor":50,"turns":9}],"seed_played":"5892630188195322855","potions_obtained":[{"floor":4.0,"key":"Explosive Potion"},{"floor":4.0,"key":"Dexterity Potion"},{"floor":4.0,"key":"EntropicBrew"},{"floor":6.0,"key":"Fire Potion"},{"floor":19.0,"key":"Slimebound:ThreeZeroPotion"},{"floor":22.0,"key":"sagemod:Wine"},{"floor":23.0,"key":"LifebloodPotion"},{"floor":30.0,"key":"Strength Potion"},{"floor":30.0,"key":"Milkshake"},{"floor":32.0,"key":"BlessingOfTheForge"},{"floor":32.0,"key":"Venom Potion"},{"floor":33.0,"key":"ColorlessPotion"},{"floor":33.0,"key":"sneckomod:MuddlingPotion"},{"floor":39.0,"key":"ColorlessPotion"},{"floor":41.0,"key":"Death Potion"},{"floor":42.0,"key":"SpeedPotion"},{"floor":43.0,"key":"Flashbang"},{"floor":43.0,"key":"BlessingOfTheForge"},{"floor":47,"key":"LifebloodPotion"},{"floor":49,"key":"AttackPotion"}],"is_trial":false,"path_per_floor":["R_BF","M","R","M","MIM","?","T","R","M","R","M","?","?","M","M","B",null,"R_BF","M","M","R","E","M","T","R","?","R","?","?","M","AVR","M","B",null,"R","?","M","R","$","AVR","MIM","M","E","R","?","M","M","$","M","B",null,null],"character_chosen":"THE_SPIRIT","items_purchased":["hexamod:SearingWound","halation:TwoAmDonut","HandDrill","conspire:TimeTravelPotion","MerchantsRug","Lee\u0027s Waffle","Pantograph","sagemod:Refine","hexamod:FastForward"],"campfire_rested":3,"item_purchase_floors":[39,39,39,39,39,48,48,48,48],"current_hp_per_floor":[70,70,70,70,70,65,65,75,75,75,75,75,75,75,76,50,82,82,48,48,72,45,24,29,56,56,83,89,89,92,92,87,94,94,94,94,94,94,95,95,96,97,98,98,98,98,99,107,80,119,119],"gold":27,"neow_bonus":"RANDOM_COMMON_RELIC","is_daily":false,"chose_seed":false,"campfire_upgraded":8,"win_rate":0.0,"timestamp":1608250502,"path_taken":["R_BF","?","R","?","?","?","T","R","?","R","?","?","?","?","M","BOSS","R_BF","?","?","R","E","?","T","R","?","R","?","?","?","AVR","M","BOSS","R","?","?","R","$","AVR","MIM","?","E","R","?","?","?","?","M","BOSS"],"items_purchased_type":["Card","Relic","Relic","Potion","Relic","Relic","Relic","Card","Card"],"build_version":"2020-12-13","purchased_purges":2,"victory":true,"max_hp_per_floor":[70,70,70,70,70,70,70,80,80,80,80,80,80,80,81,82,82,82,83,83,83,84,85,90,90,90,90,91,91,92,92,93,94,94,94,94,94,94,95,95,96,97,98,98,98,98,99,107,108,119,119],"card_choices":[{"not_picked":["hexamod:NightmareStrike","hexamod:RainOfEmbers"],"picked":"hexamod:EtherealExpedition","floor":5.0},{"not_picked":["hexamod:DynamicBlow","hexamod:ShieldOfDarkness"],"picked":"hexamod:RetreatToShadows","floor":6.0},{"not_picked":["hexamod:RecurringNightmare","hexamod:CatchUp"],"picked":"hexamod:FourthSeal","floor":15.0},{"not_picked":["hexamod:UnleashSpirits","hexamod:GhostflameInferno"],"picked":"hexamod:HexaLevel","floor":16.0},{"not_picked":["hexamod:Firestarter","hexamod:SoulSteal"],"picked":"hexamod:FourthSeal","floor":19.0},{"not_picked":["hexamod:NightmareStrike","hexamod:RainOfEmbers+1"],"picked":"hexamod:GhostShield+1","floor":22.0},{"not_picked":["hexamod:Again+1","hexamod:Firestarter"],"picked":"hexamod:PhantomFireball","floor":23.0},{"not_picked":["hexamod:RainOfEmbers+1","hexamod:AdvancingGuard+1"],"picked":"hexamod:NightmareGuise+1","floor":30.0},{"not_picked":["hexamod:Hexaguard","hexamod:FlamesFromBeyond+1"],"picked":"hexamod:TimeWarp","floor":32.0},{"not_picked":["hexamod:EmpoweringStance","hexamod:SixthSeal"],"picked":"hexamod:FifthSeal","floor":33.0},{"not_picked":["hexamod:SecondSeal","hexamod:FourthSeal"],"picked":"hexamod:FirstSeal","floor":39.0},{"not_picked":["hexamod:RecurringNightmare+1","hexamod:HeatShield"],"picked":"hexamod:BurningTouch","floor":39.0},{"not_picked":["hexamod:NightmareGuise+1","hexamod:BacktrackSmack+1"],"picked":"hexamod:RecurringNightmare","floor":41.0},{"not_picked":["hexamod:ThirdSeal","hexamod:FirstSeal"],"picked":"hexamod:SixthSeal","floor":42.0},{"not_picked":["hexamod:GhostShield","hexamod:NightmareGuise+1"],"picked":"hexamod:RadiantFlame","floor":42.0},{"not_picked":["hexamod:ApocalypseNow","hexamod:FifthSeal"],"picked":"hexamod:VolcanoVisage","floor":43.0},{"not_picked":["hexamod:InspiringFlames+1","hexamod:AdvancingGuard+1"],"picked":"hexamod:GhostShield+1","floor":43.0},{"not_picked":["hexamod:FirstSeal","hexamod:FourthSeal"],"picked":"hexamod:ThirdSeal","floor":47},{"not_picked":["hexamod:FirstSeal","hexamod:FourthSeal"],"picked":"hexamod:SixthSeal","floor":47},{"not_picked":["hexamod:RainOfEmbers+1","hexamod:AdvancingGuard+1"],"picked":"hexamod:GhostOfSpirePast","floor":47},{"not_picked":["hexamod:ThermalTransfer","hexamod:CatchUp+1"],"picked":"hexamod:HeatCrush+1","floor":48},{"not_picked":["hexamod:ThirdSeal","hexamod:FourthSeal"],"picked":"hexamod:FirstSeal","floor":48},{"not_picked":["hexamod:RainOfEmbers","hexamod:SpectralAdrenaline+1","hexamod:Firestarter"],"picked":"SKIP","floor":48},{"not_picked":["hexamod:ThirdSeal","hexamod:FourthSeal"],"picked":"hexamod:SecondSeal","floor":49},{"not_picked":["hexamod:GhostShield+1","hexamod:SpectersWail+1"],"picked":"hexamod:VolcanoVisage","floor":49},{"not_picked":["hexamod:ExtraCrispy","hexamod:FastForward","hexamod:ThermalTransfer+1"],"picked":"SKIP","floor":49}],"player_experience":260815,"relics_obtained":[{"floor":1.0,"key":"StuffTheSpire:HeavyRock"},{"floor":6.0,"key":"downfall:CloakOfManyFaces"},{"floor":12.0,"key":"Ring of Peace"},{"floor":12.0,"key":"ReplayTheSpireMod:Ring of Collecting"},{"floor":15.0,"key":"LetterFromLob"},{"floor":18.0,"key":"Lantern"},{"floor":19.0,"key":"Toy Ornithopter"},{"floor":20.0,"key":"aspiration:HiddenCompartment"},{"floor":22.0,"key":"infinitespire:ShieldingShard"},{"floor":24.0,"key":"CCEMRelics:CocoNut"},{"floor":41.0,"key":"FossilizedHelix"},{"floor":43.0,"key":"halation:KoshaPiece"},{"floor":43.0,"key":"CCEMRelics:JestersCrown"}],"event_choices":[{"cards_removed":["hexamod:Strike"],"damage_healed":0.0,"max_hp_gain":0.0,"max_hp_loss":0.0,"gold_gain":0.0,"event_name":"NoteForYourself","player_choice":"Took Card","floor":2.0,"gold_loss":0.0,"damage_taken":0.0,"cards_obtained":["MokouMod:ThermalPressure"]},{"damage_healed":0.0,"max_hp_gain":0.0,"max_hp_loss":0.0,"gold_gain":0.0,"event_name":"Lab","player_choice":"Got Potions","floor":4.0,"gold_loss":0.0,"damage_taken":0.0},{"damage_healed":0.0,"max_hp_gain":0.0,"max_hp_loss":0.0,"gold_gain":0.0,"cards_transformed":["hexamod:EtherealExpedition"],"event_name":"Transmorgrifier","player_choice":"Transformed","floor":9.0,"gold_loss":0.0,"damage_taken":0.0,"cards_obtained":["hexamod:StepThrough"]},{"damage_healed":0.0,"max_hp_gain":0.0,"max_hp_loss":0.0,"gold_gain":0.0,"event_name":"Wheel of Change","player_choice":"Relic","floor":20.0,"gold_loss":0.0,"damage_taken":0.0},{"damage_healed":0.0,"max_hp_gain":0.0,"max_hp_loss":0.0,"gold_gain":0.0,"event_name":"Transmorgrifier","player_choice":"Ignored","floor":29.0,"gold_loss":0.0,"damage_taken":0.0},{"damage_healed":0.0,"max_hp_gain":0.0,"max_hp_loss":0.0,"gold_gain":0.0,"event_name":"Transmorgrifier","player_choice":"Ignored","floor":36.0,"gold_loss":0.0,"damage_taken":0.0},{"damage_healed":0.0,"max_hp_gain":0.0,"max_hp_loss":0.0,"gold_gain":0.0,"event_name":"Transmorgrifier","player_choice":"Ignored","floor":37.0,"gold_loss":0.0,"damage_taken":0.0}],"is_beta":false,"boss_relics":[{"not_picked":["ReplayTheSpireMod:SealedPack","halation:CatFaceCupcake"],"picked":"conspire:RoyalGoblet"},{"not_picked":["Coffee Dripper","vexMod:RockOfEvil"],"picked":"beaked:SacredDeck"}],"items_purged_floors":[31,48],"is_endless":false,"potions_floor_spawned":[6,32],"ascension_level":0}}