{"host":"ika5blmljv34vrx1","time":1608275929,"event":{"mods":["AchievementEnabler","Act Like it!","Aspiration","BaseMod","CapriCore","Challenge The Spire","Conspire","Gensokyo","Gold Saver","Grow up Mod","KinomotoSakuraMod(木之本樱)","Koishi","Marisa（F雨　魔理沙）","Minty Spire (QoL Compilation)","Pale of the Ancients","Quick Restart","Reimu（博丽灵梦）","Remilia（蕾米莉亚）","Remove Card Discount Mod","Replay The Spire","StSLib","The Immortal","【东方二次创作】八云紫mod"],"gold_per_floor":[112,112,112,131,131,131,131,161,161,186,186,215,55,66,66,141,141,153,205,155,0,0,0,0,34,34,67,85,85,114,364,364,442,442,461,494,515,515,515,550,337,337,337,370,370,370,107,136,136,146,150,390,426,426,477,477,519,519,57,57,79],"floor_reached":62,"playtime":1584,"items_purged":["Sickly","NightDance","NightDance+1","BloodyMagicSquare"],"score":3328,"play_id":"6b93c2fd-eff9-40be-bce6-56e79f486d1a","local_time":"20201218151849","daily_mods":["SealedDeck","Vintage","Heirloom","Time Dilation","Flight"],"is_ascension_mode":true,"campfire_choices":[{"floor":6,"key":"RECALL"},{"data":"EternalNight","floor":7,"key":"SMITH"},{"data":"SuperhumanBloodyKnife","floor":15,"key":"SMITH"},{"data":"UnderTheZenith","floor":23,"key":"SMITH"},{"data":"Singularity","floor":24,"key":"SMITH"},{"data":"BloodyMagicSquare","floor":29,"key":"SMITH"},{"data":"EquivalentExchange","floor":32,"key":"SMITH"},{"data":"QueenOfMidnight","floor":42,"key":"SMITH"},{"data":"FitfulNightmare","floor":45,"key":"SMITH"},{"data":"ReplayTheSpireMod:Faulty Equipment","floor":49,"key":"SMITH"},{"floor":56,"key":"REST"}],"circlet_count":0,"master_deck":["AscendersBane","HunterOfTheNight+1","UnderTheZenith+1","SuperhumanBloodyKnife+1","RedRainbow+1","UnstableMagic+1","VampirishNight+1","BloodyMagicSquare+1","FitfulNightmare+1","EternalNight+1","Necronomicurse","BloodyCatastrophe+1","CurseOfTheBell","Singularity+1","EquivalentExchange+1","QueenOfMidnight+1","ReplayUltimateDefense+1"],"relics":["ScarletHat","Durian","Kunai","Pen Nib","conspire:DeflatedDodgeball","Akabeko","Gensokyo:NagashiBinaDoll","Gremlin Horn","Necronomicon","Replay:Grab Bag","Sozu","ChewingGum","aspiration:MarisaSkillbook","Calling Bell","conspire:DecoderRing","Turnip","Replay:Baseball","Eternal Feather","Regal Pillow","Pear","aspiration:Lifesprig","MealTicket","Lantern","Chameleon Ring","Replay:Bronze Core","ReplayTheSpireMod:TigerMarble","Replay:Bandana","Pondfish Scales","Ring of Fangs","Blue Doll","ReplayTheSpireMod:CursedCoin","Oddly Smooth Stone","Bronze Scales","aspiration:FetidBarrel","Mercury Hourglass","Frozen Egg 2","RuthlessExorcism:ReiMu","paleoftheancients:Timepiece","paleoftheancients:KeyRelic","Boot","paleoftheancients:SoulOfTheIroncluck","War Paint","Whetstone","ReplayTheSpireMod:Shallot"],"acts_visited":["Exordium","Gensokyo:Gensokyo","TheBeyond","TheBeyond"],"potions_floor_usage":[61,61],"damage_taken":[{"damage":0,"enemies":"Gensokyo:3_Fairies","floor":1,"turns":3},{"damage":0,"enemies":"Gensokyo:Python","floor":4,"turns":2},{"damage":77,"enemies":"Gensokyo:Mamizou","floor":8,"turns":4},{"damage":0,"enemies":"Gensokyo:Aya","floor":10,"turns":2},{"damage":65,"enemies":"Gensokyo:Mamizou","floor":12,"turns":3},{"damage":45,"enemies":"Gensokyo:2_Kodama","floor":14,"turns":1},{"damage":32,"enemies":"Gensokyo:Yukari","floor":16,"turns":4},{"damage":0,"enemies":"Gensokyo:Chomper","floor":18,"turns":1},{"damage":121,"enemies":"Gensokyo:Tenshi","floor":25,"turns":2},{"damage":15,"enemies":"conspire:MimicChest","floor":27,"turns":3},{"damage":0,"enemies":"Gensokyo:2_Gloops","floor":28,"turns":2},{"damage":98,"enemies":"Gensokyo:Reisen","floor":30,"turns":1},{"damage":69,"enemies":"Gensokyo:Eternal_Rivals","floor":33,"turns":2},{"damage":167,"enemies":"3 Shapes","floor":35,"turns":1},{"damage":179,"enemies":"3 Darklings","floor":36,"turns":1},{"damage":184,"enemies":"Spire Growth","floor":37,"turns":1},{"damage":199,"enemies":"R_Hoarder","floor":40,"turns":1},{"damage":236,"enemies":"Reptomancer","floor":44,"turns":1},{"damage":271,"enemies":"Transient","floor":48,"turns":1},{"damage":281,"enemies":"Replay:Hell Engine","floor":50,"turns":2},{"damage":282,"enemies":"Time Eater","floor":51,"turns":1},{"damage":316,"enemies":"Time Eater","floor":52,"turns":1},{"damage":321,"enemies":"Time Eater","floor":53,"turns":2},{"damage":341,"enemies":"Time Eater","floor":57,"turns":1},{"damage":365,"enemies":"paleoftheancients:N","floor":61,"turns":3}],"seed_played":"8450485118392906198","potions_obtained":[{"floor":4,"key":"conspire:TimeTravelPotion"},{"floor":8,"key":"Ancient Potion"}],"is_trial":true,"path_per_floor":["M","?","?","M","$","R","R","E","T","E","?","E","?","M","R","B",null,"M","?","?","?","?","R","R","E","T","?","M","R","E","?","R","B",null,"M","M","M","?","?","E","$","R","T","E","R","?","$","M","R","B","B","M","M","?","T","R","M","R","$","?","B",null],"character_chosen":"REMILIA","items_purchased":["ReplayTheSpireMod:CursedCoin","Oddly Smooth Stone","Bronze Scales","NightDance+1","Frozen Egg 2","ReplayUltimateDefense+1","ReplayTheSpireMod:Shallot"],"campfire_rested":1,"item_purchase_floors":[41,41,41,41,47,59,59],"current_hp_per_floor":[94,99,109,123,133,143,153,91,101,117,127,76,86,57,67,59,209,222,145,162,172,197,216,235,138,148,160,177,196,108,118,137,93,333,357,367,383,393,403,424,449,468,478,504,520,530,540,550,560,570,637,647,657,667,677,687,697,707,717,727,737],"gold":79,"neow_bonus":"","is_daily":false,"chose_seed":false,"campfire_upgraded":9,"win_rate":0.0,"timestamp":1608275929,"path_taken":["M","?","?","?","$","R","R","E","T","E","?","E","?","?","R","BOSS","M","?","?","?","?","R","R","E","T","?","?","R","E","?","R","BOSS","M","M","?","?","?","E","$","R","T","E","R","?","$","?","R","BOSS","BOSS","M","M","?","T","R","M","R","$","?","BOSS"],"items_purchased_type":["Relic","Relic","Relic","Card","Relic","Card","Relic"],"build_version":"2020-12-13","purchased_purges":4,"victory":true,"max_hp_per_floor":[95,105,115,125,135,145,155,165,175,185,195,205,215,225,235,245,255,265,275,292,302,312,322,332,352,362,372,382,392,402,380,390,400,410,420,430,440,450,460,470,480,490,500,510,520,530,540,550,560,570,637,647,657,667,677,687,697,707,717,727,737],"card_choices":[{"not_picked":["StarOfDavid","DevilSight"],"picked":"EternalNight","floor":3},{"not_picked":["VampireFantasy","ScarletSymphony","MillenniumVampire"],"picked":"SKIP","floor":8},{"not_picked":["ScarletSymphony","BombardNight","BloodRain"],"picked":"SKIP","floor":10},{"not_picked":["VampirishNight","ScarletSymphony"],"picked":"DevilSight","floor":12},{"not_picked":["TricksterDevil","BatForm"],"picked":"BloodyCatastrophe","floor":16},{"not_picked":["NightLord","MastersStateliness","UnstableMagic"],"picked":"Singularity","floor":19},{"not_picked":["FairyDestructionRay+1","MysteriousBeam","ShootingEcho+1"],"picked":"EquivalentExchange","floor":25},{"not_picked":["SatelliteIllusion","SprinkleStarSeal","VampireClaw","RedNightlessCastle"],"picked":"SKIP","floor":30},{"not_picked":["TricksterDevil","JA","TreasureHunter"],"picked":"QueenOfMidnight","floor":33},{"not_picked":["MilkyWay","UnderTheZenith","SuperPerseids+1"],"picked":"BloodyMagicSquare","floor":40},{"not_picked":["AfternoonTea","UnderTheZenith","GalacticHalo+1","MiserableFate"],"picked":"SKIP","floor":44}],"player_experience":2058344,"relics_obtained":[{"floor":1,"key":"Kunai"},{"floor":4,"key":"Pen Nib"},{"floor":8,"key":"conspire:DeflatedDodgeball"},{"floor":10,"key":"Akabeko"},{"floor":12,"key":"Gremlin Horn"},{"floor":17,"key":"conspire:DecoderRing"},{"floor":17,"key":"Turnip"},{"floor":17,"key":"Replay:Baseball"},{"floor":18,"key":"Eternal Feather"},{"floor":19,"key":"Regal Pillow"},{"floor":25,"key":"Pear"},{"floor":26,"key":"aspiration:Lifesprig"},{"floor":27,"key":"MealTicket"},{"floor":28,"key":"Lantern"},{"floor":30,"key":"Chameleon Ring"},{"floor":35,"key":"ReplayTheSpireMod:TigerMarble"},{"floor":36,"key":"Replay:Bandana"},{"floor":37,"key":"Pondfish Scales"},{"floor":39,"key":"Ring of Fangs"},{"floor":40,"key":"Blue Doll"},{"floor":43,"key":"aspiration:FetidBarrel"},{"floor":44,"key":"Mercury Hourglass"},{"floor":48,"key":"RuthlessExorcism:ReiMu"},{"floor":52,"key":"Boot"},{"floor":52,"key":"paleoftheancients:SoulOfTheIroncluck"},{"floor":53,"key":"paleoftheancients:SoulOfTheWokeBloke"},{"floor":53,"key":"War Paint"},{"floor":55,"key":"Whetstone"},{"floor":57,"key":"paleoftheancients:SoulOfTheVixen"}],"event_choices":[{"damage_healed":0,"gold_gain":0,"player_choice":"Leave","damage_taken":0,"max_hp_gain":0,"max_hp_loss":0,"event_name":"conspire:Investor","floor":2,"gold_loss":0},{"cards_removed":["UnstableMagic"],"damage_healed":0,"gold_gain":0,"player_choice":"Removed Skill","damage_taken":0,"max_hp_gain":0,"max_hp_loss":0,"event_name":"Falling","floor":38,"gold_loss":0},{"cards_removed":["DevilSight"],"damage_healed":0,"gold_gain":0,"player_choice":"Purged","damage_taken":0,"max_hp_gain":0,"max_hp_loss":0,"event_name":"Purifier","floor":46,"gold_loss":0},{"damage_healed":0,"gold_gain":0,"player_choice":"Ignored","damage_taken":0,"max_hp_gain":0,"max_hp_loss":0,"event_name":"Transmorgrifier","floor":54,"gold_loss":0}],"is_beta":false,"boss_relics":[{"not_picked":["Busted Crown","Coffee Dripper"],"picked":"Replay:Grab Bag"},{"not_picked":["Cursed Key","Fusion Hammer"],"picked":"Sozu"},{"not_picked":["Velvet Choker","Runic Dome"],"picked":"ChewingGum"},{"not_picked":["conspire:SpecialSausage","Kintsugi"],"picked":"aspiration:MarisaSkillbook"},{"not_picked":["aspiration:PoetsPen","Empty Cage"],"picked":"Calling Bell"},{"not_picked":["conspire:SlowCooker","conspire:RoyalGoblet"],"picked":"Replay:Bronze Core"}],"items_purged_floors":[41,41,41,41],"is_endless":false,"potions_floor_spawned":[4,8,10,16,18,28,36,40,44,48,53,57],"ascension_level":20}}