{"host":"qcjfperppaz4o5r6","time":1608267122,"event":{"mods":["AchievementEnabler","BaseMod","BetterRewards","Colored Map","Colored Powertips","Duelist Mod","Gremlin Mod","Marisa????????","Minty Spire (QoL Compilation)","Relic Stats","Replay The Spire","Shop Mod","StSLib","The Animator","The Bladedancer","The Construct","The Cursed","The Gatherer","The Mystic","The Poker Player","The Servant 0.9.4","The Wild Card","Waifu the Spire","everything is the same but u backflip on backflip"],"gold_per_floor":[109,70,82,82,94,94,121,141,215,215,215,215,255,291,291,441,441,498,553,553,636,611,686,698,801,813,875,971,1091,877,938,938,1150,1150,1227,1394,1444,825,945,945,163,163,163,226,125,213,268,345,345,387],"floor_reached":51,"playtime":5823,"items_purged":["Gremlin:Strike","Gremlin:Strike","Gremlin:Defend"],"score":1002,"play_id":"a27070cd-46e0-49f3-8986-fdc51a529c84","local_time":"20201217235202","is_ascension_mode":false,"campfire_choices":[{"data":"Gremlin:GremlinDance","floor":6,"key":"SMITH"},{"data":"Gremlin:Patsy","floor":10,"key":"SMITH"},{"data":"Gremlin:Flurry","floor":15,"key":"SMITH"},{"data":"theWildCard:Loki","floor":24,"key":"SMITH"},{"floor":32,"key":"DIG"},{"data":"Gremlin:TagTeam","floor":40,"key":"SMITH"},{"data":"Gremlin:GremlinArms","floor":42,"key":"SMITH"},{"data":"Gremlin:IrksomeBlow","floor":49,"key":"SMITH"}],"circlet_count":0,"master_deck":["Gremlin:Strike","Gremlin:Strike+1","Gremlin:Defend","Gremlin:Defend","Gremlin:Defend","Gremlin:TagTeam+1","Gremlin:GremlinDance+1","Gremlin:Patsy+1","Gremlin:Patsy+1","Gremlin:BulkUp","theWildCard:Loki+1","Gremlin:Enthusiasm","Gremlin:Flurry+1","Gremlin:GremlinArms+1","Gremlin:SecondVolley","Gremlin:GlitterGuard","Gremlin:Pinprick+1","Gremlin:Pinprick+1","Gremlin:Pinprick+1","Gremlin:InfiniteBlocks+1","Gremlin:Patsy","CurseOfTheBell","Gremlin:IrksomeBlow+1","Gremlin:ShowOfHands+1","Gremlin:Tricksy+1","Gremlin:PartyStick+1","Gremlin:GremlinMeal+1","Gremlin:Polish+1","Gremlin:GlitterGuard+1","Gremlin:Rhythm+1"],"relics":["Gremlin:GremlinKnob","Unceasing Top","Bottled Flame","Golden Idol","Replay:Bandana","Philosopher\u0027s Stone","SsserpentHead","MawBank","Lantern","Chameleon Ring","Juzu Bracelet","Replay:Wax Seal","Calling Bell","Bag of Preparation","Toxic Egg 2","Torii","Ginger","Sundial","ReplayFunnel","Durian","Gambling Chip","Replay:Towering Pillar of Hats","Pet Ghost","Gremlin:StolenMerchandise","Whetstone"],"acts_visited":["Exordium","TheCity","TheBeyond"],"potions_floor_usage":[8,23,33,39,50],"damage_taken":[{"damage":1,"enemies":"Small Slimes","floor":1,"turns":4},{"damage":0,"enemies":"2 Louse","floor":3,"turns":2},{"damage":0,"enemies":"Jaw Worm","floor":5,"turns":6},{"damage":13,"enemies":"3 Sentries","floor":7,"turns":10},{"damage":0,"enemies":"Red Slaver","floor":8,"turns":4},{"damage":0,"enemies":"Replay:BlueRogue","floor":13,"turns":6},{"damage":14,"enemies":"Exordium Wildlife","floor":14,"turns":3},{"damage":6,"enemies":"The Guardian","floor":16,"turns":8},{"damage":1,"enemies":"Shell Parasite","floor":18,"turns":3},{"damage":10,"enemies":"2 Thieves","floor":19,"turns":4},{"damage":23,"enemies":"Snake Plant","floor":21,"turns":3},{"damage":0,"enemies":"Book of Stabbing","floor":23,"turns":6},{"damage":0,"enemies":"Cultist and Chosen","floor":25,"turns":3},{"damage":0,"enemies":"Chosen and Byrds","floor":28,"turns":2},{"damage":0,"enemies":"theDuelist:KaibaA2","floor":29,"turns":3},{"damage":0,"enemies":"Snake Plant","floor":31,"turns":2},{"damage":0,"enemies":"Champ","floor":33,"turns":7},{"damage":6,"enemies":"3 Shapes","floor":35,"turns":5},{"damage":0,"enemies":"Mind Bloom Boss Battle","floor":36,"turns":5},{"damage":0,"enemies":"3 Darklings","floor":39,"turns":2},{"damage":0,"enemies":"Writhing Mass","floor":44,"turns":1},{"damage":0,"enemies":"Reptomancer","floor":46,"turns":1},{"damage":0,"enemies":"Sphere and 2 Shapes","floor":47,"turns":1},{"damage":0,"enemies":"Spire Growth","floor":48,"turns":1},{"damage":0,"enemies":"Time Eater","floor":50,"turns":8}],"seed_played":"-7678009825327693713","potions_obtained":[{"floor":5,"key":"Weak Potion"},{"floor":7,"key":"SteroidPotion"},{"floor":8,"key":"Milkshake"},{"floor":19,"key":"Energy Potion"},{"floor":23,"key":"Adrenaline Potion"},{"floor":29,"key":"Fruit Juice"},{"floor":36,"key":"Swift Potion"},{"floor":39,"key":"Adrenaline Potion"},{"floor":44,"key":"Energy Potion"}],"is_trial":false,"path_per_floor":["M","$","M","?","M","R","E","M","T","R","?","?","E","M","R","B",null,"M","M","?","M","?","E","R","M","T","?","M","E","$","M","R_BF","B",null,"M","?","?","$","M","R","$","R","T","M","$","E","M","M","R","B",null],"character_chosen":"GREMLIN","items_purchased":["Gremlin:Patsy+1","Juzu Bracelet","Sundial","Gremlin:Tricksy+1","Gremlin:PartyStick+1","ReplayFunnel","Durian","Gremlin:Polish+1","Gambling Chip","Pet Ghost","Gremlin:StolenMerchandise"],"campfire_rested":0,"item_purchase_floors":[2,30,38,38,38,38,41,41,41,45,45],"current_hp_per_floor":[21,21,21,21,21,21,21,21,21,21,16,16,13,21,21,14,21,21,19,19,5,5,12,12,5,5,12,12,21,21,12,12,12,21,21,21,21,21,22,22,23,23,23,23,23,17,23,17,17,23],"gold":387,"neow_bonus":"TEN_PERCENT_HP_BONUS","is_daily":false,"chose_seed":false,"campfire_upgraded":7,"win_rate":0.0,"timestamp":1608267122,"path_taken":["M","$","M","?","M","R","E","M","T","R","?","?","E","M","R","BOSS","M","M","?","?","?","E","R","M","T","?","M","E","$","M","R_BF","BOSS","M","?","?","$","M","R","$","R","T","M","?","E","M","M","R","BOSS"],"items_purchased_type":["Card","Relic","Relic","Card","Card","Relic","Relic","Card","Relic","Relic","Relic"],"build_version":"2020-12-13","purchased_purges":3,"victory":true,"max_hp_per_floor":[21,21,21,21,21,21,21,21,21,21,21,21,21,21,21,21,21,21,21,21,21,21,21,21,21,21,21,21,21,21,21,21,21,21,21,21,21,21,22,22,23,23,23,23,23,23,23,23,23,23],"relic_stats":{"Torii":0,"counters":[25,100],"Golden Idol":170,"Juzu Bracelet":0,"Bag of Preparation":[16],"Ginger":[0],"Whetstone":["Gremlin:Strike","Gremlin:Pinprick"],"MawBank":84,"SsserpentHead":300,"Sundial":[6],"Gambling Chip":[9],"obtain_stats":[{"ReplayFunnel":38,"Lantern":26,"Torii":34,"Gremlin:StolenMerchandise":45,"Juzu Bracelet":30,"Bag of Preparation":34,"Ginger":36,"Whetstone":46,"Pet Ghost":45,"SsserpentHead":20,"Replay:Bandana":13,"Chameleon Ring":29,"Sundial":38,"Gambling Chip":41,"Philosopher\u0027s Stone":17,"Replay:Wax Seal":32,"Toxic Egg 2":34,"Replay:Towering Pillar of Hats":43,"Golden Idol":11,"MawBank":23,"Calling Bell":34,"Bottled Flame":9,"Gremlin:GremlinKnob":0,"Durian":41,"Unceasing Top":7},{"ReplayFunnel":19,"Lantern":13,"Torii":17,"Gremlin:StolenMerchandise":21,"Juzu Bracelet":15,"Bag of Preparation":17,"Ginger":19,"Whetstone":22,"Pet Ghost":21,"SsserpentHead":10,"Replay:Bandana":6,"Chameleon Ring":15,"Sundial":19,"Gambling Chip":20,"Philosopher\u0027s Stone":8,"Replay:Wax Seal":16,"Toxic Egg 2":17,"Replay:Towering Pillar of Hats":20,"Golden Idol":5,"MawBank":12,"Calling Bell":17,"Bottled Flame":5,"Gremlin:GremlinKnob":0,"Durian":20,"Unceasing Top":4},{"ReplayFunnel":86,"Lantern":62,"Torii":76,"Gremlin:StolenMerchandise":89,"Juzu Bracelet":67,"Bag of Preparation":76,"Ginger":86,"Whetstone":90,"Pet Ghost":89,"SsserpentHead":50,"Replay:Bandana":32,"Chameleon Ring":67,"Sundial":86,"Gambling Chip":88,"Philosopher\u0027s Stone":43,"Replay:Wax Seal":69,"Toxic Egg 2":76,"Replay:Towering Pillar of Hats":88,"Golden Idol":26,"MawBank":59,"Calling Bell":76,"Bottled Flame":26,"Gremlin:GremlinKnob":0,"Durian":88,"Unceasing Top":22}],"Unceasing Top":[3]},"card_choices":[{"not_picked":["Gremlin:BubbleBarrier","Gremlin:AggressiveDefense"],"picked":"Gremlin:Patsy","floor":1},{"not_picked":["Gremlin:ToeStub","Gremlin:Pretaliation"],"picked":"Gremlin:BulkUp","floor":3},{"not_picked":["Gremlin:Irritability","Gremlin:Whiz"],"picked":"Gremlin:Enthusiasm","floor":5},{"not_picked":["Gremlin:ArmsTheft","Gremlin:Glimmer"],"picked":"Gremlin:Flurry","floor":7},{"not_picked":["Gremlin:Irritability","Gremlin:Tricksy","Gremlin:Pretaliation"],"picked":"SKIP","floor":8},{"not_picked":["Gremlin:Kablamo","Gremlin:Necromancy","Gremlin:PourSalt"],"picked":"SKIP","floor":13},{"not_picked":["Gremlin:Changeo","Gremlin:GremlinMeal"],"picked":"Gremlin:GremlinArms","floor":14},{"not_picked":["Gremlin:FairyDust","Gremlin:FlipOut"],"picked":"Gremlin:SecondVolley","floor":16},{"not_picked":["Gremlin:Pickpocket","Gremlin:Irritability"],"picked":"Gremlin:Wizardry+1","floor":18},{"not_picked":["Gremlin:Jeer","Gremlin:Pinprick"],"picked":"Gremlin:GlitterGuard","floor":19},{"not_picked":["Gremlin:GlitterGuard","Gremlin:GremlinMeal"],"picked":"Gremlin:Pinprick+1","floor":21},{"not_picked":["Gremlin:Enthusiasm","Gremlin:Stupend+1"],"picked":"Gremlin:Pinprick","floor":23},{"not_picked":["Gremlin:Presto","Gremlin:Revel","Gremlin:BulkUp"],"picked":"SKIP","floor":25},{"not_picked":["Gremlin:GremlinMeal","Gremlin:EdibleArmor"],"picked":"Gremlin:Pinprick+1","floor":28},{"not_picked":["Gremlin:Pretaliation","Gremlin:CatScratch"],"picked":"Gremlin:InfiniteBlocks+1","floor":29},{"not_picked":["Gremlin:Pickpocket","Gremlin:ShowOfHands"],"picked":"Gremlin:Patsy","floor":31},{"not_picked":["Gremlin:FeelTheAudience+1","Gremlin:Glimmer"],"picked":"Gremlin:IrksomeBlow","floor":35},{"not_picked":["Gremlin:Mockery+1","Gremlin:Presto"],"picked":"Gremlin:ShowOfHands+1","floor":36},{"not_picked":["Gremlin:ArmsTheft+1","Gremlin:CatScratch"],"picked":"Gremlin:GremlinMeal+1","floor":39},{"not_picked":["Gremlin:Stupend","Gremlin:Astound+1","Gremlin:Presto"],"picked":"SKIP","floor":44},{"not_picked":["Gremlin:Pretaliation","Gremlin:Polish"],"picked":"Gremlin:GlitterGuard+1","floor":46},{"not_picked":["Gremlin:PourSalt+1","Gremlin:BulkUp+1"],"picked":"Gremlin:Rhythm+1","floor":47},{"not_picked":["Gremlin:CounterStrike+1","Gremlin:Encore","Gremlin:CatScratch+1"],"picked":"SKIP","floor":48}],"player_experience":19542,"relics_obtained":[{"floor":7,"key":"Unceasing Top"},{"floor":9,"key":"Bottled Flame"},{"floor":13,"key":"Replay:Bandana"},{"floor":23,"key":"MawBank"},{"floor":26,"key":"Lantern"},{"floor":29,"key":"Chameleon Ring"},{"floor":32,"key":"Replay:Wax Seal"},{"floor":34,"key":"Bag of Preparation"},{"floor":34,"key":"Toxic Egg 2"},{"floor":34,"key":"Torii"},{"floor":36,"key":"Ginger"},{"floor":43,"key":"Replay:Towering Pillar of Hats"},{"floor":46,"key":"Whetstone"}],"event_choices":[{"damage_healed":0,"gold_gain":0,"player_choice":"Take Damage","damage_taken":5,"relics_obtained":["Golden Idol"],"max_hp_gain":0,"max_hp_loss":0,"event_name":"Golden Idol","floor":11,"gold_loss":0},{"damage_healed":0,"gold_gain":0,"player_choice":"Ignored","damage_taken":0,"max_hp_gain":0,"max_hp_loss":0,"event_name":"Golden Wing","floor":12,"gold_loss":0},{"damage_healed":0,"gold_gain":0,"player_choice":"Trade","damage_taken":0,"relics_obtained":["SsserpentHead"],"max_hp_gain":0,"max_hp_loss":0,"event_name":"FaceTrader","floor":20,"gold_loss":0},{"cards_removed":["Gremlin:Wizardry"],"damage_healed":0,"gold_gain":0,"player_choice":"Gave Gold","damage_taken":0,"max_hp_gain":0,"max_hp_loss":0,"event_name":"Beggar","floor":22,"gold_loss":75},{"damage_healed":7,"gold_gain":0,"player_choice":"Heal","damage_taken":0,"max_hp_gain":0,"max_hp_loss":0,"event_name":"The Library","floor":27,"gold_loss":0},{"damage_healed":0,"gold_gain":0,"player_choice":"Fight","damage_taken":0,"max_hp_gain":0,"max_hp_loss":0,"event_name":"MindBloom","floor":36,"gold_loss":0}],"is_beta":false,"boss_relics":[{"not_picked":["Cursed Key","SacredBark"],"picked":"Philosopher\u0027s Stone"},{"not_picked":["Runic Dome","Honey Jar"],"picked":"Calling Bell"}],"items_purged_floors":[30,38,41],"is_endless":false,"potions_floor_spawned":[5,7,8,19,23,29,36,39,44,48],"ascension_level":0}}