{"host":"naykp6d9ulahlwib","time":1608328046,"event":{"mods":["BaseMod","Highlight Path","Minty Spire (QoL Compilation)","Shop Mod","StSLib"],"gold_per_floor":[114,39,39,50,50,50,225,225,252,279,233,88,88,101,101,198,198,209,220,220,220],"floor_reached":20,"playtime":1752,"items_purged":["Strike_B","Doubt"],"score":272,"play_id":"bb64fd02-bac5-4628-a149-ff4fb4856222","local_time":"20201218154726","is_ascension_mode":true,"campfire_choices":[{"data":"Mayhem","floor":6.0,"key":"SMITH"},{"floor":8.0,"key":"REST"},{"floor":15.0,"key":"REST"}],"circlet_count":0,"master_deck":["AscendersBane","Strike_B","Strike_B","Strike_B","Defend_B","Defend_B","Defend_B","Defend_B","Zap","Dualcast","Mayhem+1","Gash","Gash","Scrape","Genetic Algorithm+1","Gash","Beam Cell","Machine Learning","Conserve Battery","Chaos+1"],"relics":["FrozenCore","Regal Pillow","MealTicket","Ancient Tea Set"],"acts_visited":["Exordium","TheCity"],"potions_floor_usage":[20],"damage_taken":[{"damage":4.0,"enemies":"Jaw Worm","floor":1.0,"turns":5.0},{"damage":1.0,"enemies":"Cultist","floor":4.0,"turns":4.0},{"damage":60.0,"enemies":"3 Sentries","floor":10.0,"turns":9.0},{"damage":0.0,"enemies":"Small Slimes","floor":14.0,"turns":2.0},{"damage":53.0,"enemies":"The Guardian","floor":16.0,"turns":10.0},{"damage":20.0,"enemies":"2 Thieves","floor":18.0,"turns":4.0},{"damage":7.0,"enemies":"Spheric Guardian","floor":19.0,"turns":4.0},{"damage":32,"enemies":"3 Cultists","floor":20,"turns":4}],"seed_played":"-434573190808689206","potions_obtained":[{"floor":1.0,"key":"BlessingOfTheForge"},{"floor":10.0,"key":"SkillPotion"},{"floor":16.0,"key":"PotionOfCapacity"},{"floor":18.0,"key":"BlessingOfTheForge"}],"is_trial":false,"path_per_floor":["M","$","?","M","?","R","?","R","T","E","?","$","?","M","R","B",null,"M","M","M"],"character_chosen":"DEFECT","items_purchased":["Gash"],"campfire_rested":2,"item_purchase_floors":[12],"current_hp_per_floor":[46,46,46,45,33,33,33,70,70,10,10,25,25,25,62,9,59,39,32,0,0],"gold":220,"neow_bonus":"RANDOM_COLORLESS_2","is_daily":false,"chose_seed":false,"campfire_upgraded":1,"win_rate":0.0,"timestamp":1608328046,"path_taken":["M","$","?","?","?","R","?","R","T","E","?","$","?","M","R","BOSS","M","M","?"],"items_purchased_type":["Card"],"build_version":"2020-12-13","purchased_purges":2,"victory":false,"max_hp_per_floor":[75,75,75,75,75,75,75,75,75,75,75,75,75,75,75,75,75,75,75,75,75],"card_choices":[{"not_picked":["Master of Strategy","Thinking Ahead"],"picked":"Mayhem","floor":0.0},{"not_picked":["Tempest","Sweeping Beam"],"picked":"Gash","floor":1.0},{"not_picked":["Turbo","Ball Lightning"],"picked":"Scrape","floor":4.0},{"not_picked":["Ball Lightning","Tempest"],"picked":"Genetic Algorithm","floor":10.0},{"not_picked":["Cold Snap","Scrape"],"picked":"Beam Cell","floor":14.0},{"not_picked":["Biased Cognition","Fission"],"picked":"Machine Learning","floor":16.0},{"not_picked":["Genetic Algorithm","Consume+1"],"picked":"Conserve Battery","floor":18.0},{"not_picked":["Chill","Loop"],"picked":"Chaos+1","floor":19.0}],"player_experience":819727,"relics_obtained":[{"floor":9.0,"key":"MealTicket"},{"floor":10.0,"key":"Ancient Tea Set"}],"event_choices":[{"damage_healed":0.0,"max_hp_gain":0.0,"max_hp_loss":0.0,"gold_gain":0.0,"event_name":"Match and Keep!","player_choice":"1 cards matched","floor":3.0,"gold_loss":0.0,"damage_taken":0.0,"cards_obtained":["Gash"]},{"damage_healed":0.0,"max_hp_gain":0.0,"max_hp_loss":0.0,"gold_gain":0.0,"event_name":"Scrap Ooze","player_choice":"Success","floor":5.0,"gold_loss":0.0,"damage_taken":12.0,"relics_obtained":["Regal Pillow"]},{"damage_healed":0.0,"max_hp_gain":0.0,"max_hp_loss":0.0,"gold_gain":175.0,"event_name":"Liars Game","player_choice":"AGREE","floor":7.0,"gold_loss":0.0,"damage_taken":0.0,"cards_obtained":["Doubt"]},{"damage_healed":0.0,"max_hp_gain":0.0,"max_hp_loss":0.0,"gold_gain":0.0,"event_name":"World of Goop","player_choice":"Left Gold","floor":11.0,"gold_loss":46.0,"damage_taken":0.0},{"damage_healed":0.0,"max_hp_gain":0.0,"max_hp_loss":0.0,"gold_gain":0.0,"event_name":"Accursed Blacksmith","player_choice":"Forge","floor":13.0,"gold_loss":0.0,"damage_taken":0.0,"cards_upgraded":["Genetic Algorithm"]}],"is_beta":false,"boss_relics":[{"not_picked":["Fusion Hammer","Tiny House"],"picked":"FrozenCore"}],"items_purged_floors":[2,12],"is_endless":false,"potions_floor_spawned":[1,10,16,18],"killed_by":"3 Cultists","ascension_level":12}}