{"host":"7gewg82ormp6yt4e","time":1608293904,"event":{"mods":["BaseMod","Block Reminder","Colored Map","Colored Powertips","DeckTracker","Highlight Path","Minty Spire (QoL Compilation)","Relic Stats","StSLib"],"gold_per_floor":[119,135,135,46,58,58,74,102,102,137,287,287,8,8,8,79,79,91,366,380,20,20,20,54,54,54,74,32,32,48,48,48,125,125,138,150,167,178,178,178,178,178],"floor_reached":41,"playtime":2300,"items_purged":["Doubt","Regret"],"score":863,"play_id":"7d126d61-4ba4-4a58-8cf6-1a3deafc1a81","local_time":"20201218211824","is_ascension_mode":true,"campfire_choices":[{"data":"Die Die Die","floor":6.0,"key":"SMITH"},{"data":"Footwork","floor":12.0,"key":"SMITH"},{"floor":15.0,"key":"REST"},{"floor":23.0,"key":"REST"},{"floor":25.0,"key":"REST"},{"floor":29.0,"key":"REST"},{"floor":32.0,"key":"REST"},{"floor":40,"key":"REST"}],"circlet_count":0,"master_deck":["AscendersBane","Strike_G","Strike_G","Strike_G","Strike_G","Defend_G","Defend_G","Defend_G","Defend_G","Defend_G","Survivor","Neutralize","Die Die Die+1","Underhanded Strike","Bouncing Flask","Noxious Fumes","Noxious Fumes","Footwork+1","All Out Attack","Backflip","Adrenaline","Venomology","CurseOfTheBell","Bouncing Flask","Deflect","Apotheosis","Footwork+1","Deadly Poison","Backflip","Backflip+1","Footwork+1","Wraith Form v2","PiercingWail","Well Laid Plans","Blur+1"],"relics":["Ring of the Snake","Gremlin Horn","Bottled Tornado","InkBottle","Oddly Smooth Stone","Membership Card","Potion Belt","Calling Bell","Bronze Scales","HornCleat","Peace Pipe","DollysMirror","Singing Bowl","Sundial","SlaversCollar"],"acts_visited":["Exordium","TheCity","TheBeyond"],"potions_floor_usage":[],"damage_taken":[{"damage":0.0,"enemies":"Cultist","floor":1.0,"turns":3.0},{"damage":0.0,"enemies":"Small Slimes","floor":2.0,"turns":3.0},{"damage":7.0,"enemies":"Jaw Worm","floor":5.0,"turns":4.0},{"damage":7.0,"enemies":"Exordium Thugs","floor":7.0,"turns":4.0},{"damage":8.0,"enemies":"Gremlin Nob","floor":8.0,"turns":3.0},{"damage":17.0,"enemies":"3 Sentries","floor":10.0,"turns":4.0},{"damage":12.0,"enemies":"Slime Boss","floor":16.0,"turns":9.0},{"damage":10.0,"enemies":"2 Thieves","floor":18.0,"turns":4.0},{"damage":19.0,"enemies":"Spheric Guardian","floor":20.0,"turns":5.0},{"damage":18.0,"enemies":"Slavers","floor":24.0,"turns":5.0},{"damage":30.0,"enemies":"Centurion and Healer","floor":27.0,"turns":9.0},{"damage":0.0,"enemies":"Shelled Parasite and Fungi","floor":30.0,"turns":6.0},{"damage":9.0,"enemies":"Champ","floor":33.0,"turns":11.0},{"damage":5.0,"enemies":"Orb Walker","floor":35.0,"turns":5.0},{"damage":9.0,"enemies":"3 Darklings","floor":36.0,"turns":5.0},{"damage":14.0,"enemies":"Sphere and 2 Shapes","floor":37.0,"turns":9.0},{"damage":29.0,"enemies":"Transient","floor":38.0,"turns":6.0},{"damage":36,"enemies":"4 Shapes","floor":41,"turns":3}],"seed_played":"-6629992305095627845","potions_obtained":[{"floor":2.0,"key":"DuplicationPotion"},{"floor":5.0,"key":"Explosive Potion"},{"floor":10.0,"key":"LiquidBronze"},{"floor":20.0,"key":"PowerPotion"},{"floor":27.0,"key":"PowerPotion"},{"floor":33.0,"key":"Energy Potion"},{"floor":35.0,"key":"GhostInAJar"},{"floor":37.0,"key":"SkillPotion"}],"is_trial":false,"path_per_floor":["M","M","T","$","M","R","M","E","T","E","?","R","$","?","R","B",null,"M","?","M","$","?","R","E","R","T","M","$","R","M","?","R","B",null,"M","M","M","M","?","R","M"],"character_chosen":"THE_SILENT","items_purchased":["Noxious Fumes","Membership Card","Potion Belt","Apotheosis","DollysMirror","Singing Bowl","Deadly Poison","Backflip"],"campfire_rested":6,"item_purchase_floors":[4,13,13,21,21,21,28,28],"current_hp_per_floor":[59,59,59,59,52,52,45,37,37,20,20,20,20,20,38,26,52,42,42,23,23,23,41,25,43,43,15,15,34,34,34,53,44,59,54,45,31,4,4,22,0,0],"gold":178,"neow_bonus":"THREE_RARE_CARDS","is_daily":false,"chose_seed":false,"campfire_upgraded":2,"win_rate":0.0,"timestamp":1608293904,"path_taken":["M","M","?","?","M","R","?","E","T","E","?","R","$","?","R","BOSS","M","?","M","?","?","R","E","R","T","M","$","R","?","?","R","BOSS","M","?","M","M","?","R","M"],"items_purchased_type":["Card","Relic","Relic","Card","Relic","Relic","Card","Card"],"build_version":"2020-12-13","purchased_purges":2,"victory":false,"max_hp_per_floor":[60,60,60,60,60,60,60,60,60,60,60,60,60,60,60,60,60,60,60,60,60,60,60,62,62,62,64,64,64,64,64,64,64,64,64,64,64,66,63,63,63,63],"relic_stats":{"Peace Pipe":0,"Gremlin Horn":[12,12],"Singing Bowl":6,"counters":[18,98],"Sundial":[6],"Bronze Scales":[186],"obtain_stats":[{"Potion Belt":13,"Gremlin Horn":3,"Singing Bowl":21,"Oddly Smooth Stone":10,"Bottled Tornado":8,"Calling Bell":17,"Peace Pipe":17,"SlaversCollar":34,"HornCleat":17,"DollysMirror":21,"Sundial":24,"Bronze Scales":17,"Membership Card":13,"InkBottle":9,"Ring of the Snake":0},{"Potion Belt":6,"Gremlin Horn":2,"Singing Bowl":9,"Oddly Smooth Stone":6,"Bottled Tornado":5,"Calling Bell":7,"Peace Pipe":7,"SlaversCollar":13,"HornCleat":7,"DollysMirror":9,"Sundial":10,"Bronze Scales":7,"Membership Card":6,"InkBottle":5,"Ring of the Snake":0},{"Potion Belt":21,"Gremlin Horn":6,"Singing Bowl":39,"Oddly Smooth Stone":21,"Bottled Tornado":17,"Calling Bell":30,"Peace Pipe":30,"SlaversCollar":70,"HornCleat":30,"DollysMirror":39,"Sundial":44,"Bronze Scales":30,"Membership Card":21,"InkBottle":17,"Ring of the Snake":0}],"InkBottle":[27],"Ring of the Snake":[36]},"card_choices":[{"not_picked":["Burst","Glass Knife"],"picked":"Die Die Die","floor":0.0},{"not_picked":["Slice","Outmaneuver"],"picked":"Underhanded Strike","floor":1.0},{"not_picked":["Prepared","Distraction"],"picked":"Bouncing Flask","floor":2.0},{"not_picked":["Outmaneuver","Concentrate"],"picked":"Noxious Fumes","floor":5.0},{"not_picked":["Deadly Poison","Setup"],"picked":"Footwork","floor":7.0},{"not_picked":["Envenom","Dodge and Roll"],"picked":"All Out Attack","floor":8.0},{"not_picked":["Finisher","Malaise"],"picked":"Backflip","floor":10.0},{"not_picked":["Doppelganger","Bullet Time"],"picked":"Venomology","floor":16.0},{"not_picked":["PiercingWail","Deadly Poison"],"picked":"Bouncing Flask","floor":18.0},{"not_picked":["Flechettes","Infinite Blades"],"picked":"Deflect","floor":20.0},{"not_picked":["Outmaneuver","Heel Hook","Blade Dance+1"],"picked":"Singing Bowl","floor":24.0},{"not_picked":["A Thousand Cuts","Dagger Throw+1","Backstab"],"picked":"Singing Bowl","floor":27.0},{"not_picked":["Prepared","Dagger Throw"],"picked":"Backflip+1","floor":30.0},{"not_picked":["Phantasmal Killer","Storm of Steel"],"picked":"Wraith Form v2","floor":33.0},{"not_picked":["Deflect","Dash"],"picked":"PiercingWail","floor":35.0},{"not_picked":["Dash","Dodge and Roll"],"picked":"Well Laid Plans","floor":36.0},{"not_picked":["Acrobatics","Dagger Throw+1"],"picked":"Blur+1","floor":37.0},{"not_picked":["Slice","Quick Slash","Heel Hook"],"picked":"Singing Bowl","floor":38}],"player_experience":2392962,"relics_obtained":[{"floor":3.0,"key":"Gremlin Horn"},{"floor":8.0,"key":"Bottled Tornado"},{"floor":9.0,"key":"InkBottle"},{"floor":10.0,"key":"Oddly Smooth Stone"},{"floor":17.0,"key":"Bronze Scales"},{"floor":17.0,"key":"HornCleat"},{"floor":17.0,"key":"Peace Pipe"},{"floor":24.0,"key":"Sundial"}],"event_choices":[{"damage_healed":0.0,"max_hp_gain":0.0,"max_hp_loss":0.0,"gold_gain":150.0,"event_name":"Liars Game","player_choice":"AGREE","floor":11.0,"gold_loss":0.0,"damage_taken":0.0,"cards_obtained":["Doubt"]},{"damage_healed":0.0,"max_hp_gain":0.0,"max_hp_loss":0.0,"gold_gain":0.0,"cards_transformed":["Strike_G"],"event_name":"Living Wall","player_choice":"Change","floor":14.0,"gold_loss":0.0,"damage_taken":0.0,"cards_obtained":["Adrenaline"]},{"damage_healed":0.0,"max_hp_gain":0.0,"max_hp_loss":0.0,"gold_gain":275.0,"event_name":"Golden Shrine","player_choice":"Desecrate","floor":19.0,"gold_loss":0.0,"damage_taken":0.0,"cards_obtained":["Regret"]},{"damage_healed":0.0,"max_hp_gain":0.0,"max_hp_loss":0.0,"gold_gain":0.0,"event_name":"Match and Keep!","player_choice":"0 cards matched","floor":22.0,"gold_loss":0.0,"damage_taken":0.0,"cards_obtained":[]},{"damage_healed":0.0,"max_hp_gain":0.0,"max_hp_loss":0.0,"gold_gain":0.0,"event_name":"Duplicator","player_choice":"Copied","floor":31.0,"gold_loss":0.0,"damage_taken":0.0,"cards_obtained":["Footwork"]},{"damage_healed":0,"gold_gain":0,"player_choice":"Max HP","damage_taken":0,"max_hp_gain":0,"max_hp_loss":3,"event_name":"Winding Halls","floor":39,"gold_loss":0}],"is_beta":false,"boss_relics":[{"not_picked":["Ectoplasm","Velvet Choker"],"picked":"Calling Bell"},{"not_picked":["Ring of the Serpent","Sozu"],"picked":"SlaversCollar"}],"items_purged_floors":[13,21],"is_endless":false,"potions_floor_spawned":[2,5,7,10,20,27,33,35,37],"killed_by":"4 Shapes","ascension_level":20}}