{"host":"pletss163z7s8pvv","time":1608332845,"event":{"mods":["AchievementEnabler","BaseMod","Colored Map","Colored Powertips","Minty Spire (QoL Compilation)"],"gold_per_floor":[114,114,114,114,125,156,156,191,191,191,12,26,36,63,63,168,168,183,199,199,42,42,42,74,74,74,74,102,102,120,138,138,237,237,281,301,261,32,45,45,61,61,61,61,87,101,128,7,7,7],"floor_reached":51,"playtime":1594,"items_purged":["Parasite"],"score":861,"play_id":"7948affd-3d31-4a66-ad02-13534e37ae7a","local_time":"20201218170725","daily_mods":["Specialized","Diverse","Elite Swarm"],"is_ascension_mode":false,"campfire_choices":[{"floor":7,"key":"REST"},{"floor":15,"key":"REST"},{"floor":23,"key":"REST"},{"floor":25,"key":"REST"},{"floor":29,"key":"REST"},{"floor":32,"key":"REST"},{"floor":40,"key":"REST"},{"data":"Zap","floor":42,"key":"SMITH"},{"data":"Demon Form","floor":44,"key":"SMITH"},{"floor":49,"key":"REST"}],"circlet_count":0,"master_deck":["Strike_B+1","Strike_B+1","Strike_B+1","Strike_B+1","Defend_B+1","Defend_B+1","Defend_B+1","Defend_B+1","Zap+1","Dualcast+1","Biased Cognition+1","Biased Cognition","Biased Cognition","Biased Cognition","Biased Cognition","Hologram","Blade Dance","Seek+1","Wish+1","WreathOfFlame+1","Go for the Eyes","Dodge and Roll+1","LessonLearned","Demon Form+1","Backflip+1","Sweeping Beam","Defragment","Blind+1","Feed","Multi-Cast+1","Sword Boomerang+1","Shockwave+1","Demon Form+1","Barrage+1","Prostrate+1","Panacea+1","Flying Knee+1","Havoc+1","Juggernaut","Hyperbeam","CrushJoints"],"relics":["Cracked Core","Toxic Egg 2","Regal Pillow","Anchor","Lee\u0027s Waffle","Oddly Smooth Stone","Vajra","Pear","Gambling Chip","Busted Crown","DataDisk","Happy Flower","Nunchaku","Incense Burner"],"acts_visited":["Exordium","TheCity","TheBeyond"],"potions_floor_usage":[16,16,18,33,45,46,50,50],"damage_taken":[{"damage":7,"enemies":"2 Louse","floor":1,"turns":2},{"damage":0,"enemies":"Small Slimes","floor":5,"turns":3},{"damage":16,"enemies":"3 Sentries","floor":6,"turns":4},{"damage":36,"enemies":"Lagavulin","floor":8,"turns":4},{"damage":7,"enemies":"Jaw Worm","floor":12,"turns":3},{"damage":6,"enemies":"Red Slaver","floor":13,"turns":3},{"damage":14,"enemies":"Gremlin Nob","floor":14,"turns":3},{"damage":57,"enemies":"Hexaghost","floor":16,"turns":9},{"damage":22,"enemies":"3 Byrds","floor":18,"turns":3},{"damage":17,"enemies":"Spheric Guardian","floor":19,"turns":4},{"damage":32,"enemies":"Book of Stabbing","floor":24,"turns":5},{"damage":60,"enemies":"Gremlin Leader","floor":28,"turns":7},{"damage":14,"enemies":"Shelled Parasite and Fungi","floor":30,"turns":4},{"damage":21,"enemies":"Snake Plant","floor":31,"turns":4},{"damage":54,"enemies":"Champ","floor":33,"turns":8},{"damage":6,"enemies":"Orb Walker","floor":35,"turns":4},{"damage":11,"enemies":"3 Shapes","floor":36,"turns":3},{"damage":27,"enemies":"3 Darklings","floor":39,"turns":5},{"damage":40,"enemies":"Writhing Mass","floor":41,"turns":6},{"damage":30,"enemies":"Nemesis","floor":45,"turns":7},{"damage":12,"enemies":"Maw","floor":46,"turns":6},{"damage":25,"enemies":"Giant Head","floor":47,"turns":6},{"damage":48,"enemies":"Time Eater","floor":50,"turns":8}],"seed_played":"689004629953350316","potions_obtained":[{"floor":1,"key":"LiquidBronze"},{"floor":8,"key":"Explosive Potion"},{"floor":14,"key":"SneckoOil"},{"floor":18,"key":"Fruit Juice"},{"floor":19,"key":"Dexterity Potion"},{"floor":35,"key":"SkillPotion"},{"floor":37,"key":"Ancient Potion"},{"floor":39,"key":"Energy Potion"},{"floor":47,"key":"CultistPotion"}],"is_trial":true,"path_per_floor":["M","?","?","?","M","E","R","E","T","?","$","M","M","E","R","B",null,"M","M","?","$","?","R","E","R","T","?","E","R","M","M","R","B",null,"M","M","?","$","M","R","M","R","T","R","E","M","E","$","R","B",null],"character_chosen":"DEFECT","items_purchased":["Lee\u0027s Waffle","WreathOfFlame+1","Defragment","Blind+1","DataDisk","Panacea+1","CrushJoints"],"campfire_rested":8,"item_purchase_floors":[11,11,21,21,38,38,48],"current_hp_per_floor":[68,73,73,57,57,41,65,29,29,29,87,80,74,60,87,30,87,70,53,53,53,35,79,47,91,101,101,41,88,77,56,104,53,113,107,96,96,96,69,113,73,73,73,73,43,31,6,6,54,6],"gold":7,"neow_bonus":"","is_daily":false,"chose_seed":false,"campfire_upgraded":2,"win_rate":0.0,"timestamp":1608332845,"path_taken":["M","?","?","?","?","E","R","E","T","?","$","M","M","E","R","BOSS","M","M","?","$","?","R","E","R","T","?","E","R","M","M","R","BOSS","M","M","?","$","M","R","M","R","T","R","E","?","E","$","R","BOSS"],"items_purchased_type":["Relic","Card","Card","Card","Relic","Card","Card"],"build_version":"2020-12-13","purchased_purges":1,"victory":true,"max_hp_per_floor":[75,80,80,80,80,80,80,80,80,80,87,87,87,87,87,87,87,92,92,92,92,97,97,97,97,107,107,107,107,110,110,110,113,113,113,113,113,113,113,113,113,113,113,113,113,113,113,110,110,110],"card_choices":[{"not_picked":["Catalyst","WaveOfTheHand"],"picked":"Hologram","floor":1},{"not_picked":["Slice","Evaluate"],"picked":"Blade Dance","floor":5},{"not_picked":["Tools of the Trade","Envenom"],"picked":"Seek+1","floor":6},{"not_picked":["Ragnarok","Berserk"],"picked":"Wish+1","floor":8},{"not_picked":["True Grit+1","Concentrate+1"],"picked":"Go for the Eyes","floor":12},{"not_picked":["Rupture","Adaptation"],"picked":"Dodge and Roll+1","floor":13},{"not_picked":["Burst+1","Grand Finale"],"picked":"LessonLearned","floor":14},{"not_picked":["Malaise+1","Glass Knife"],"picked":"Demon Form","floor":16},{"not_picked":["Stack+1","FearNoEvil+1"],"picked":"Backflip+1","floor":18},{"not_picked":["JustLucky","PiercingWail+1"],"picked":"Sweeping Beam","floor":19},{"not_picked":["Burst+1","Malaise+1"],"picked":"Feed","floor":24},{"not_picked":["Berserk","Demon Form"],"picked":"Multi-Cast+1","floor":28},{"not_picked":["Blood for Blood+1","Body Slam"],"picked":"Sword Boomerang+1","floor":30},{"not_picked":["Rage+1","Carnage+1"],"picked":"Shockwave+1","floor":31},{"not_picked":["Night Terror+1","Hyperbeam"],"picked":"Demon Form","floor":33},{"not_picked":[],"picked":"Barrage+1","floor":35},{"not_picked":[],"picked":"Prostrate+1","floor":36},{"not_picked":[],"picked":"Flying Knee+1","floor":39},{"not_picked":[],"picked":"Havoc+1","floor":41},{"not_picked":[],"picked":"Juggernaut","floor":45},{"not_picked":["Dagger Throw"],"picked":"SKIP","floor":46},{"not_picked":[],"picked":"Hyperbeam","floor":47}],"player_experience":388861,"relics_obtained":[{"floor":6,"key":"Toxic Egg 2"},{"floor":8,"key":"Regal Pillow"},{"floor":9,"key":"Anchor"},{"floor":14,"key":"Oddly Smooth Stone"},{"floor":24,"key":"Vajra"},{"floor":26,"key":"Pear"},{"floor":28,"key":"Gambling Chip"},{"floor":43,"key":"Happy Flower"},{"floor":45,"key":"Nunchaku"},{"floor":47,"key":"Incense Burner"}],"event_choices":[{"damage_healed":0,"gold_gain":0,"player_choice":"Donut","damage_taken":0,"max_hp_gain":5,"max_hp_loss":0,"event_name":"Big Fish","floor":2,"gold_loss":0},{"damage_healed":0,"gold_gain":0,"player_choice":"Grow","damage_taken":0,"max_hp_gain":0,"max_hp_loss":0,"event_name":"Living Wall","floor":3,"gold_loss":0,"cards_upgraded":["Biased Cognition"]},{"damage_healed":0,"gold_gain":0,"player_choice":"Entered Light","damage_taken":16,"max_hp_gain":0,"max_hp_loss":0,"event_name":"Shining Light","floor":4,"gold_loss":0,"cards_upgraded":["Defend_B","Dualcast"]},{"damage_healed":0,"gold_gain":0,"player_choice":"Ignored","damage_taken":0,"max_hp_gain":0,"max_hp_loss":0,"event_name":"Golden Wing","floor":10,"gold_loss":0},{"damage_healed":0,"gold_gain":0,"player_choice":"Simplicity","damage_taken":0,"max_hp_gain":0,"max_hp_loss":0,"event_name":"Back to Basics","floor":20,"gold_loss":0,"cards_upgraded":["Strike_B","Strike_B","Strike_B","Strike_B","Defend_B","Defend_B","Defend_B"]},{"damage_healed":0,"gold_gain":0,"player_choice":"Shed Blood","damage_taken":23,"max_hp_gain":5,"max_hp_loss":0,"event_name":"Forgotten Altar","floor":22,"gold_loss":0},{"damage_healed":0,"gold_gain":0,"player_choice":"Ignored","damage_taken":0,"max_hp_gain":0,"max_hp_loss":0,"event_name":"Ghosts","floor":27,"gold_loss":0},{"damage_healed":0,"gold_gain":0,"player_choice":"Bought 3 Potions","damage_taken":0,"max_hp_gain":0,"max_hp_loss":0,"event_name":"The Woman in Blue","floor":37,"gold_loss":0}],"is_beta":false,"boss_relics":[{"not_picked":["Runic Dome","Runic Pyramid","Sozu"]},{"not_picked":["Cursed Key","Black Star"],"picked":"Busted Crown"}],"items_purged_floors":[48],"is_endless":false,"potions_floor_spawned":[1,8,14,18,19,35,39,47],"ascension_level":0}}