{"host":"brlhu57vzmgrzvkq","time":1608275383,"event":{"mods":["AchievementEnabler","BaseMod","Colored Map","Hermit","Minty Spire (QoL Compilation)","StSLib","SuperFastMode","The Cursed"],"gold_per_floor":[118,118,138,27,27,27,44,63,88,123,183,183,202,237,237,333,333,344,344,361,80,100,100,126,149,195,195,195,213,232,264,264,367,367,386,406,417,417,164,164,192,219,274,325,325,325,336,346,346,346],"floor_reached":51,"playtime":4584,"items_purged":["Defend_P","Bite"],"score":823,"play_id":"59115ef7-748c-43da-8690-f0a7ec785cce","local_time":"20201218000943","is_ascension_mode":true,"campfire_choices":[{"data":"Eruption","floor":6.0,"key":"SMITH"},{"data":"WindmillStrike","floor":12.0,"key":"SMITH"},{"data":"ThirdEye","floor":15.0,"key":"SMITH"},{"floor":28.0,"key":"REST"},{"floor":32.0,"key":"REST"},{"floor":40.0,"key":"REST"},{"floor":46.0,"key":"REST"},{"floor":49.0,"key":"REST"}],"circlet_count":0,"master_deck":["Defend_P+1","Defend_P+1","Defend_P+1","Eruption+1","Vigilance","Halt+1","InnerPeace","MentalFortress+1","WindmillStrike+1","ThirdEye+1","FlurryOfBlows+1","MentalFortress+1","LessonLearned+1","WaveOfTheHand+1","Bite","Bite+1","Bite+1","Bite","FlurryOfBlows+1","TalkToTheHand+1","Wallop+1","SpiritShield","FearNoEvil+1","Crescendo+1","LikeWater+1"],"relics":["PureWater","Tiny Chest","PreservedInsect","Sundial","Bottled Lightning","Runic Pyramid","Pear","White Beast Statue","Lantern","Anchor","Prayer Wheel","Omamori","Fusion Hammer","Potion Belt","Orichalcum","MealTicket","Whetstone","StoneCalendar"],"acts_visited":["Exordium","TheCity","TheBeyond"],"potions_floor_usage":[50,50],"damage_taken":[{"damage":0.0,"enemies":"2 Louse","floor":1.0,"turns":3.0},{"damage":0.0,"enemies":"Cultist","floor":3.0,"turns":3.0},{"damage":4.0,"enemies":"Small Slimes","floor":7.0,"turns":3.0},{"damage":0.0,"enemies":"Blue Slaver","floor":8.0,"turns":4.0},{"damage":12.0,"enemies":"Gremlin Nob","floor":10.0,"turns":3.0},{"damage":5.0,"enemies":"3 Sentries","floor":11.0,"turns":6.0},{"damage":2.0,"enemies":"Exordium Wildlife","floor":13.0,"turns":4.0},{"damage":0.0,"enemies":"3 Sentries","floor":14.0,"turns":6.0},{"damage":17.0,"enemies":"The Guardian","floor":16.0,"turns":8.0},{"damage":27.0,"enemies":"2 Thieves","floor":18.0,"turns":4.0},{"damage":13.0,"enemies":"Spheric Guardian","floor":20.0,"turns":4.0},{"damage":35.0,"enemies":"Centurion and Healer","floor":22.0,"turns":6.0},{"damage":40.0,"enemies":"Slavers","floor":24.0,"turns":5.0},{"damage":12.0,"enemies":"Snecko","floor":29.0,"turns":5.0},{"damage":9.0,"enemies":"3 Cultists","floor":30.0,"turns":5.0},{"damage":5.0,"enemies":"Gremlin Leader","floor":31.0,"turns":4.0},{"damage":27.0,"enemies":"Champ","floor":33.0,"turns":14.0},{"damage":0.0,"enemies":"Orb Walker","floor":35.0,"turns":5.0},{"damage":16.0,"enemies":"3 Darklings","floor":36.0,"turns":7.0},{"damage":21.0,"enemies":"Jaw Worm Horde","floor":37.0,"turns":8.0},{"damage":34.0,"enemies":"Reptomancer","floor":41.0,"turns":7.0},{"damage":8.0,"enemies":"2 Orb Walkers","floor":44.0,"turns":7.0},{"damage":16.0,"enemies":"Writhing Mass","floor":47.0,"turns":8.0},{"damage":14.0,"enemies":"Transient","floor":48.0,"turns":5.0},{"damage":25,"enemies":"Awakened One","floor":50,"turns":17}],"seed_played":"-4112523793376996331","potions_obtained":[{"floor":3.0,"key":"Ancient Potion"},{"floor":7.0,"key":"Strength Potion"},{"floor":8.0,"key":"Swift Potion"},{"floor":13.0,"key":"Block Potion"},{"floor":18.0,"key":"AttackPotion"},{"floor":29.0,"key":"SpeedPotion"},{"floor":30.0,"key":"Energy Potion"},{"floor":31.0,"key":"EssenceOfSteel"},{"floor":36.0,"key":"Swift Potion"},{"floor":37.0,"key":"BottledMiracle"},{"floor":41.0,"key":"Fire Potion"},{"floor":44.0,"key":"Explosive Potion"},{"floor":47.0,"key":"Swift Potion"},{"floor":48.0,"key":"PowerPotion"}],"is_trial":false,"path_per_floor":["M","?","M","$","?","R","M","M","T","E","?","R","M","E","R","B",null,"M","?","M","$","M","?","E","T","T","T","R","M","M","E","R","B",null,"M","M","M","?","$","R","E","T","T","?","?","R","M","M","R","B",null],"character_chosen":"WATCHER","items_purchased":["MentalFortress","Protect","Pear","Potion Belt"],"campfire_rested":5,"item_purchase_floors":[4,21,21,39],"current_hp_per_floor":[72,72,72,72,77,77,73,73,73,61,56,56,54,54,54,37,77,50,50,42,52,31,52,22,22,22,22,40,34,34,38,56,52,63,63,52,45,45,45,63,34,34,34,38,38,56,56,49,63,61],"gold":346,"neow_bonus":"REMOVE_CARD","is_daily":false,"chose_seed":false,"campfire_upgraded":3,"win_rate":0.0,"timestamp":1608275383,"path_taken":["M","?","M","?","?","R","M","?","T","E","?","R","M","E","R","BOSS","M","?","M","$","M","?","E","?","T","?","R","M","M","E","R","BOSS","M","?","M","?","$","R","E","?","T","?","?","R","M","M","R","BOSS"],"items_purchased_type":["Card","Card","Relic","Relic"],"build_version":"2020-12-13","purchased_purges":2,"victory":true,"max_hp_per_floor":[72,72,72,72,77,77,77,77,77,77,77,77,77,77,77,77,77,77,53,53,63,63,63,63,63,63,63,63,63,63,63,63,63,63,63,63,63,63,63,63,63,63,63,63,63,63,63,63,63,63],"card_choices":[{"not_picked":["FlyingSleeves","Adaptation"],"picked":"Halt","floor":1.0},{"not_picked":["Fasting2","Indignation"],"picked":"InnerPeace","floor":3.0},{"not_picked":["Protect","CrushJoints"],"picked":"WindmillStrike","floor":7.0},{"not_picked":["Evaluate","Collect"],"picked":"ThirdEye","floor":8.0},{"not_picked":["Swivel","FollowUp"],"picked":"FlurryOfBlows","floor":10.0},{"not_picked":["Indignation","WreathOfFlame","CarveReality"],"picked":"SKIP","floor":13.0},{"not_picked":["Halt","Perseverance"],"picked":"MentalFortress","floor":14.0},{"not_picked":["SpiritShield","Brilliance"],"picked":"LessonLearned","floor":16.0},{"not_picked":["SashWhip","CrushJoints"],"picked":"WaveOfTheHand+1","floor":18.0},{"not_picked":["EmptyFist+1","Crescendo"],"picked":"FlurryOfBlows+1","floor":20.0},{"not_picked":["WindmillStrike","JustLucky+1","WheelKick"],"picked":"SKIP","floor":22.0},{"not_picked":["Pray+1","WaveOfTheHand","SignatureMove"],"picked":"SKIP","floor":24.0},{"not_picked":["Consecrate","Fasting2"],"picked":"TalkToTheHand+1","floor":29.0},{"not_picked":["BowlingBash","Vengeance+1","Fasting2+1"],"picked":"SKIP","floor":29.0},{"not_picked":["Protect+1","Prostrate","WaveOfTheHand"],"picked":"SKIP","floor":30.0},{"not_picked":["Protect+1","ClearTheMind","BowlingBash+1"],"picked":"SKIP","floor":30.0},{"not_picked":["Study","PathToVictory"],"picked":"Wallop","floor":31.0},{"not_picked":["Judgement","Wish"],"picked":"SpiritShield","floor":33.0},{"not_picked":["Nirvana","Consecrate","FlyingSleeves"],"picked":"SKIP","floor":35.0},{"not_picked":["Fasting2+1","Prostrate","Protect+1"],"picked":"SKIP","floor":35.0},{"not_picked":["EmptyFist+1","SandsOfTime+1","ConjureBlade"],"picked":"SKIP","floor":36.0},{"not_picked":["FlyingSleeves+1","Perseverance","JustLucky+1"],"picked":"SKIP","floor":36.0},{"not_picked":["Protect+1","BowlingBash"],"picked":"FearNoEvil+1","floor":37.0},{"not_picked":["CrushJoints+1","ClearTheMind+1","MentalFortress"],"picked":"SKIP","floor":37.0},{"not_picked":["Vengeance","LessonLearned","WheelKick+1"],"picked":"SKIP","floor":41.0},{"not_picked":["PathToVictory+1","Meditate","CutThroughFate+1"],"picked":"SKIP","floor":47.0},{"not_picked":["FlurryOfBlows+1","JustLucky","CrushJoints"],"picked":"SKIP","floor":47.0},{"not_picked":["Protect+1","EmptyBody+1"],"picked":"Crescendo+1","floor":48.0},{"not_picked":["JustLucky+1","ConjureBlade"],"picked":"LikeWater+1","floor":48.0}],"player_experience":61684,"relics_obtained":[{"floor":9.0,"key":"Tiny Chest"},{"floor":10.0,"key":"PreservedInsect"},{"floor":11.0,"key":"Sundial"},{"floor":14.0,"key":"Bottled Lightning"},{"floor":24.0,"key":"White Beast Statue"},{"floor":25.0,"key":"Lantern"},{"floor":26.0,"key":"Anchor"},{"floor":27.0,"key":"Prayer Wheel"},{"floor":31.0,"key":"Omamori"},{"floor":41.0,"key":"Orichalcum"},{"floor":42.0,"key":"MealTicket"},{"floor":43.0,"key":"Whetstone"},{"floor":44.0,"key":"StoneCalendar"}],"event_choices":[{"cards_removed":["Strike_P"],"damage_healed":0.0,"max_hp_gain":0.0,"max_hp_loss":0.0,"gold_gain":0.0,"event_name":"Bonfire Elementals","player_choice":"Offered Basic","floor":2.0,"gold_loss":0.0,"damage_taken":0.0},{"damage_healed":0.0,"max_hp_gain":5.0,"max_hp_loss":0.0,"gold_gain":0.0,"event_name":"Big Fish","player_choice":"Donut","floor":5.0,"gold_loss":0.0,"damage_taken":0.0},{"damage_healed":0.0,"max_hp_gain":0.0,"max_hp_loss":0.0,"gold_gain":0.0,"event_name":"Dead Adventurer","player_choice":"Searched \u00271\u0027 times","floor":11.0,"gold_loss":0.0,"damage_taken":0.0},{"damage_healed":0.0,"max_hp_gain":0.0,"max_hp_loss":24.0,"gold_gain":0.0,"event_name":"Vampires","player_choice":"Became a vampire","floor":19.0,"gold_loss":0.0,"damage_taken":0.0,"cards_obtained":["Bite","Bite","Bite","Bite","Bite"]},{"damage_healed":21.0,"max_hp_gain":0.0,"max_hp_loss":0.0,"gold_gain":0.0,"event_name":"The Library","player_choice":"Heal","floor":23.0,"gold_loss":0.0,"damage_taken":0.0},{"damage_healed":0.0,"max_hp_gain":0.0,"max_hp_loss":0.0,"gold_gain":0.0,"event_name":"SensoryStone","player_choice":"Memory 1","floor":38.0,"gold_loss":0.0,"damage_taken":0.0},{"damage_healed":0.0,"max_hp_gain":0.0,"max_hp_loss":0.0,"gold_gain":0.0,"event_name":"Mysterious Sphere","player_choice":"Fight","floor":44.0,"gold_loss":0.0,"damage_taken":0.0},{"cards_removed":["Protect"],"damage_healed":0.0,"max_hp_gain":0.0,"max_hp_loss":0.0,"gold_gain":0.0,"event_name":"Falling","player_choice":"Removed Skill","floor":45.0,"gold_loss":0.0,"damage_taken":0.0}],"is_beta":false,"boss_relics":[{"not_picked":["HolyWater","SacredBark"],"picked":"Runic Pyramid"},{"not_picked":["Runic Dome","Snecko Eye"],"picked":"Fusion Hammer"}],"items_purged_floors":[4,39],"is_endless":false,"potions_floor_spawned":[3,7,8,13,18,29,30,31,33,35,36,37,41,44,47,48],"ascension_level":2}}