{"host":"i09pxcjttd31eh4q","time":1608309278,"event":{"mods":["AchievementEnabler","BaseMod","Colored Map","Keyboard Shortcuts","Minty Spire (QoL Compilation)","StSLib","SuperFastMode"],"gold_per_floor":[116,130,130,130,205,237,254,254,254,282,300,0,19,47,47,124,124,138,148,148,163,63,63,73,83,83,83,83,83,102,27,27,103,103,119,136,136,161,36,36,64,83,83,83,109,109,109,141,153,165,177,189,201,6,39,39],"floor_reached":57,"playtime":1988,"items_purged":["Strike_B","Steam","Dualcast","Self Repair"],"score":2941,"play_id":"1ba6a67f-89b8-40c8-a274-803c2a1bfbca","local_time":"20201219013438","is_ascension_mode":true,"campfire_choices":[{"data":"Barrage","floor":8.0,"key":"SMITH"},{"data":"Blizzard","floor":15.0,"key":"SMITH"},{"data":"Defragment","floor":23.0,"key":"SMITH"},{"data":"Coolheaded","floor":27.0,"key":"SMITH"},{"data":"Defragment","floor":29.0,"key":"SMITH"},{"data":"Capacitor","floor":32.0,"key":"SMITH"},{"data":"Chaos","floor":40.0,"key":"SMITH"},{"data":"Defragment","floor":44.0,"key":"SMITH"},{"floor":46.0,"key":"RECALL"},{"data":"Steam Power","floor":49.0,"key":"SMITH"},{"data":"Finesse","floor":53.0,"key":"SMITH"}],"circlet_count":0,"master_deck":["AscendersBane","Barrage+1","Chill+1","Sweeping Beam","Coolheaded+1","Blizzard+1","Reboot","Chaos+1","Steam","Streamline","Capacitor+1","Defragment+1","Coolheaded+1","Chill","Coolheaded","Defragment+1","Coolheaded","Finesse+1","Defragment+1","Writhe","Steam Power+1","Turbo+1"],"relics":["Cracked Core","NeowsBlessing","Du-Vu Doll","Ginger","PreservedInsect","Medical Kit","Regal Pillow","Pandora\u0027s Box","FaceOfCleric","Potion Belt","Cursed Key","CaptainsWheel","Lantern","Happy Flower","MawBank","Unceasing Top"],"acts_visited":["Exordium","TheCity","TheBeyond","TheEnding"],"potions_floor_usage":[56,56,56],"damage_taken":[{"damage":0.0,"enemies":"Cultist","floor":1.0,"turns":1.0},{"damage":0.0,"enemies":"Jaw Worm","floor":2.0,"turns":1.0},{"damage":0.0,"enemies":"Lagavulin","floor":6.0,"turns":1.0},{"damage":3.0,"enemies":"Small Slimes","floor":7.0,"turns":3.0},{"damage":9.0,"enemies":"Gremlin Nob","floor":10.0,"turns":3.0},{"damage":0.0,"enemies":"2 Fungi Beasts","floor":11.0,"turns":3.0},{"damage":6.0,"enemies":"Large Slime","floor":13.0,"turns":5.0},{"damage":0.0,"enemies":"Lagavulin","floor":14.0,"turns":6.0},{"damage":12.0,"enemies":"The Guardian","floor":16.0,"turns":13.0},{"damage":7.0,"enemies":"Spheric Guardian","floor":18.0,"turns":4.0},{"damage":6.0,"enemies":"3 Byrds","floor":19.0,"turns":4.0},{"damage":10.0,"enemies":"3 Cultists","floor":21.0,"turns":5.0},{"damage":11.0,"enemies":"Centurion and Healer","floor":24.0,"turns":7.0},{"damage":21.0,"enemies":"Shelled Parasite and Fungi","floor":25.0,"turns":4.0},{"damage":0.0,"enemies":"Cultist and Chosen","floor":30.0,"turns":5.0},{"damage":1.0,"enemies":"Champ","floor":33.0,"turns":14.0},{"damage":18.0,"enemies":"3 Shapes","floor":35.0,"turns":3.0},{"damage":18.0,"enemies":"3 Darklings","floor":36.0,"turns":4.0},{"damage":0.0,"enemies":"Mind Bloom Boss Battle","floor":38.0,"turns":7.0},{"damage":0.0,"enemies":"Giant Head","floor":41.0,"turns":7.0},{"damage":0.0,"enemies":"4 Shapes","floor":42.0,"turns":3.0},{"damage":0.0,"enemies":"Nemesis","floor":45.0,"turns":5.0},{"damage":1.0,"enemies":"Giant Head","floor":48.0,"turns":6.0},{"damage":21.0,"enemies":"Time Eater","floor":50.0,"turns":10.0},{"damage":2.0,"enemies":"Awakened One","floor":51.0,"turns":12.0},{"damage":20.0,"enemies":"Shield and Spear","floor":55.0,"turns":8.0},{"damage":62,"enemies":"The Heart","floor":56,"turns":8}],"seed_played":"-3218788365582653029","potions_obtained":[{"floor":1.0,"key":"SpeedPotion"},{"floor":2.0,"key":"Swift Potion"},{"floor":7.0,"key":"EntropicBrew"},{"floor":13.0,"key":"ColorlessPotion"},{"floor":14.0,"key":"LiquidMemories"},{"floor":16.0,"key":"AttackPotion"},{"floor":18.0,"key":"Explosive Potion"},{"floor":19.0,"key":"LiquidBronze"},{"floor":30.0,"key":"FearPotion"},{"floor":35.0,"key":"AttackPotion"},{"floor":38.0,"key":"Weak Potion"},{"floor":42.0,"key":"PowerPotion"},{"floor":48.0,"key":"Swift Potion"},{"floor":55.0,"key":"Swift Potion"}],"is_trial":false,"path_per_floor":["M","M","?","?","?","E","M","R","T","E","M","$","M","E","R","B",null,"M","M","?","M","$","R","M","M","T","R","?","R","M","?","R","B",null,"M","M","?","?","$","R","E","M","T","R","E","R","?","E","R","B","B",null,"R","$","E","B",null],"character_chosen":"DEFECT","items_purchased":["Medical Kit","FocusPotion","BlessingOfTheForge"],"campfire_rested":0,"item_purchase_floors":[12,12,54],"current_hp_per_floor":[64,64,43,36,25,25,22,22,22,13,13,13,7,14,14,9,56,56,57,57,55,55,55,52,39,39,39,39,39,47,47,47,54,71,61,51,41,49,49,49,57,65,65,65,73,73,73,80,80,67,73,82,82,82,63,2],"gold":39,"neow_bonus":"THREE_ENEMY_KILL","is_daily":false,"chose_seed":false,"campfire_upgraded":10,"win_rate":0.0,"timestamp":1608309278,"path_taken":["M","?","?","?","?","E","M","R","T","E","M","$","M","E","R","BOSS","M","M","?","M","?","R","M","?","T","R","?","R","M","?","R","BOSS","M","M","?","?","$","R","E","M","T","R","E","R","?","E","R","BOSS","BOSS","R","$","E","BOSS"],"items_purchased_type":["Relic","Potion","Potion"],"build_version":"2020-12-13","purchased_purges":4,"victory":true,"max_hp_per_floor":[71,71,71,71,71,71,71,71,71,71,71,71,71,71,71,71,71,71,71,71,72,72,72,73,74,74,74,74,74,75,75,75,76,76,77,78,78,79,79,79,80,81,81,81,82,82,82,83,83,84,85,85,85,85,86,87],"card_choices":[{"not_picked":["Lockon","Auto Shields"],"picked":"Barrage","floor":1.0},{"not_picked":["Beam Cell","Rebound"],"picked":"Chill","floor":2.0},{"not_picked":["Tempest","Sweeping Beam","Reprogram"],"picked":"SKIP","floor":6.0},{"not_picked":["Tempest","Reprogram"],"picked":"Sweeping Beam","floor":6.0},{"not_picked":["Gash","Beam Cell","Go for the Eyes"],"picked":"SKIP","floor":7.0},{"not_picked":["Steam","Rainbow"],"picked":"Coolheaded","floor":10.0},{"not_picked":["Reinforced Body","Cold Snap"],"picked":"Blizzard","floor":11.0},{"not_picked":["Blizzard","Beam Cell"],"picked":"Self Repair","floor":13.0},{"not_picked":["Force Field","Recycle","Beam Cell"],"picked":"SKIP","floor":14.0},{"not_picked":["Amplify","Biased Cognition"],"picked":"Reboot","floor":16.0},{"not_picked":["Gash+1","Rebound","Stack"],"picked":"SKIP","floor":18.0},{"not_picked":["Gash","Conserve Battery"],"picked":"Coolheaded+1","floor":19.0},{"not_picked":["Sweeping Beam","Steam"],"picked":"Chill","floor":21.0},{"not_picked":["Multi-Cast","Rebound"],"picked":"Coolheaded","floor":24.0},{"not_picked":["Turbo","Gash"],"picked":"Defragment","floor":25.0},{"not_picked":["Streamline","Redo"],"picked":"Coolheaded","floor":30.0},{"not_picked":["Ball Lightning+1","Barrage","Redo"],"picked":"SKIP","floor":35.0},{"not_picked":["Coolheaded","Rebound","Ball Lightning"],"picked":"SKIP","floor":36.0},{"not_picked":["Good Instincts","Blind"],"picked":"Finesse","floor":37.0},{"not_picked":["Streamline+1","Force Field","Scrape"],"picked":"SKIP","floor":41.0},{"not_picked":["Beam Cell","Conserve Battery"],"picked":"Defragment","floor":42.0},{"not_picked":["Tempest","Reinforced Body","Streamline"],"picked":"SKIP","floor":45.0},{"not_picked":["Electrodynamics","Stack"],"picked":"Steam Power","floor":48.0},{"not_picked":["Core Surge","Conserve Battery"],"picked":"Turbo+1","floor":55.0}],"player_experience":747000,"relics_obtained":[{"floor":6.0,"key":"Du-Vu Doll"},{"floor":9.0,"key":"Ginger"},{"floor":10.0,"key":"PreservedInsect"},{"floor":14.0,"key":"Regal Pillow"},{"floor":26.0,"key":"Potion Belt"},{"floor":38.0,"key":"CaptainsWheel"},{"floor":41.0,"key":"Lantern"},{"floor":45.0,"key":"Happy Flower"},{"floor":48.0,"key":"MawBank"},{"floor":55.0,"key":"Unceasing Top"}],"event_choices":[{"damage_healed":0.0,"max_hp_gain":0.0,"max_hp_loss":0.0,"gold_gain":0.0,"event_name":"Shining Light","player_choice":"Entered Light","floor":3.0,"gold_loss":0.0,"damage_taken":21.0,"cards_upgraded":["Chill","Defend_B"]},{"cards_removed":["Strike_B"],"damage_healed":0.0,"max_hp_gain":0.0,"max_hp_loss":0.0,"gold_gain":0.0,"event_name":"Golden Wing","player_choice":"Card Removal","floor":4.0,"gold_loss":0.0,"damage_taken":7.0},{"damage_healed":0.0,"max_hp_gain":0.0,"max_hp_loss":0.0,"gold_gain":75.0,"event_name":"World of Goop","player_choice":"Gather Gold","floor":5.0,"gold_loss":0.0,"damage_taken":11.0},{"damage_healed":0.0,"max_hp_gain":0.0,"max_hp_loss":0.0,"gold_gain":0.0,"event_name":"FaceTrader","player_choice":"Trade","floor":20.0,"gold_loss":0.0,"damage_taken":0.0,"relics_obtained":["FaceOfCleric"]},{"damage_healed":0.0,"max_hp_gain":0.0,"max_hp_loss":0.0,"gold_gain":0.0,"event_name":"Ghosts","player_choice":"Ignored","floor":28.0,"gold_loss":0.0,"damage_taken":0.0},{"cards_removed":["Zap"],"damage_healed":0.0,"max_hp_gain":0.0,"max_hp_loss":0.0,"gold_gain":0.0,"event_name":"Beggar","player_choice":"Gave Gold","floor":31.0,"gold_loss":75.0,"damage_taken":0.0},{"damage_healed":0.0,"max_hp_gain":0.0,"max_hp_loss":0.0,"gold_gain":0.0,"event_name":"SensoryStone","player_choice":"Memory 3","floor":37.0,"gold_loss":0.0,"damage_taken":10.0},{"damage_healed":0.0,"max_hp_gain":0.0,"max_hp_loss":0.0,"gold_gain":0.0,"event_name":"MindBloom","player_choice":"Fight","floor":38.0,"gold_loss":0.0,"damage_taken":0.0},{"damage_healed":0.0,"max_hp_gain":0.0,"max_hp_loss":0.0,"gold_gain":0.0,"event_name":"Tomb of Lord Red Mask","player_choice":"Ignored","floor":47.0,"gold_loss":0.0,"damage_taken":0.0}],"is_beta":false,"boss_relics":[{"not_picked":["Nuclear Battery","Busted Crown"],"picked":"Pandora\u0027s Box"},{"not_picked":["Tiny House","Fusion Hammer"],"picked":"Cursed Key"}],"items_purged_floors":[12,22,39,54],"is_endless":false,"potions_floor_spawned":[1,2,7,13,14,16,18,19,30,35,38,42,48,55],"ascension_level":20}}