{"host":"2lrkmsuh7nz013qb","time":1608271231,"event":{"mods":["BaseMod","Colored Map","DeckTracker","Minty Spire (QoL Compilation)","SuperFastMode","everything is the same but u backflip on backflip"],"gold_per_floor":[112,131,56,76,89,89,89,102,102,128,128,76,88,113,113,113,113],"floor_reached":16,"playtime":2321,"items_purged":["Strike_G"],"score":224,"play_id":"18d37b72-b83f-4da6-9f21-923399799a27","local_time":"20201218150031","is_ascension_mode":true,"campfire_choices":[{"data":"Skewer","floor":6,"key":"SMITH"},{"floor":11,"key":"REST"},{"floor":15,"key":"REST"}],"circlet_count":0,"master_deck":["AscendersBane","Strike_G","Strike_G","Strike_G","Strike_G+1","Defend_G","Defend_G","Defend_G","Defend_G","Defend_G","Survivor","Neutralize","Burst","Dagger Throw+1","Skewer+1","Backstab","Flying Knee"],"relics":["Ring of the Snake","Singing Bowl","Gremlin Horn","Letter Opener"],"acts_visited":["Exordium"],"potions_floor_usage":[8,10,16],"damage_taken":[{"damage":9,"enemies":"Cultist","floor":1,"turns":6},{"damage":2,"enemies":"Small Slimes","floor":2,"turns":4},{"damage":9,"enemies":"Jaw Worm","floor":4,"turns":8},{"damage":7,"enemies":"Blue Slaver","floor":5,"turns":5},{"damage":8,"enemies":"Lots of Slimes","floor":8,"turns":3},{"damage":4,"enemies":"3 Sentries","floor":10,"turns":10},{"damage":0,"enemies":"2 Fungi Beasts","floor":13,"turns":3},{"damage":22,"enemies":"Gremlin Nob","floor":14,"turns":4},{"damage":33,"enemies":"Slime Boss","floor":16,"turns":5}],"seed_played":"-2015395595416030780","potions_obtained":[{"floor":2,"key":"Block Potion"},{"floor":4,"key":"Swift Potion"},{"floor":8,"key":"Fruit Juice"},{"floor":14,"key":"DistilledChaos"}],"is_trial":false,"path_per_floor":["M","M","$","M","M","R","?","M","T","E","R","?","M","E","R","B"],"character_chosen":"THE_SILENT","items_purchased":[],"campfire_rested":2,"item_purchase_floors":[],"current_hp_per_floor":[50,48,48,39,32,32,12,9,9,7,28,28,28,8,30,0,0],"gold":113,"neow_bonus":"ONE_RANDOM_RARE_CARD","is_daily":false,"chose_seed":false,"campfire_upgraded":1,"win_rate":0.0,"timestamp":1608271231,"path_taken":["M","M","$","M","M","R","?","M","T","E","R","?","M","E","R","BOSS"],"items_purchased_type":[],"build_version":"2020-12-13","purchased_purges":1,"victory":false,"max_hp_per_floor":[66,66,66,66,66,66,66,71,71,73,73,73,73,75,75,75,75],"card_choices":[{"not_picked":["Prepared","Choke"],"picked":"Dagger Throw","floor":1},{"not_picked":["Leg Sweep","Slice","Bouncing Flask"],"picked":"SKIP","floor":2},{"not_picked":["Cloak And Dagger","Eviscerate"],"picked":"Skewer","floor":4},{"not_picked":["Dodge and Roll","Quick Slash"],"picked":"Backstab","floor":5},{"not_picked":["Slice","Acrobatics","Bouncing Flask"],"picked":"SKIP","floor":8},{"not_picked":["Choke","Endless Agony","Leg Sweep"],"picked":"Singing Bowl","floor":10},{"not_picked":["Endless Agony","Skewer"],"picked":"Flying Knee","floor":13},{"not_picked":["Leg Sweep","Bane","Unload"],"picked":"Singing Bowl","floor":14}],"player_experience":670029,"relics_obtained":[{"floor":9,"key":"Singing Bowl"},{"floor":10,"key":"Gremlin Horn"},{"floor":14,"key":"Letter Opener"}],"event_choices":[{"damage_healed":0,"gold_gain":0,"player_choice":"Entered Light","damage_taken":20,"max_hp_gain":0,"max_hp_loss":0,"event_name":"Shining Light","floor":7,"gold_loss":0,"cards_upgraded":["Strike_G","Dagger Throw"]},{"damage_healed":0,"gold_gain":0,"player_choice":"Left Gold","damage_taken":0,"max_hp_gain":0,"max_hp_loss":0,"event_name":"World of Goop","floor":12,"gold_loss":52}],"is_beta":false,"boss_relics":[],"items_purged_floors":[3],"is_endless":false,"potions_floor_spawned":[2,4,8,14],"killed_by":"Slime Boss","ascension_level":20}}