{"host":"9d83omykrosjn1d3","time":1608293438,"event":{"mods":["AchievementEnabler","BaseMod","BetterRewards","Card Forge","Hubris","MarisaÅiñ∂âJÅ@ñÇóùçπÅj","Minty Spire (QoL Compilation)","Permanent Neow","Shop Mod","StSLib","SuperFastMode"],"gold_per_floor":[109,121,133,133,133,165,192,218,245,271,271,297,331,366,366,461,461,477,70,0,0,10,41,67,94,94,125,125,154,154,166,166,262,262,274,274,274,215,250,278,321,333,345,383,426,288,113,147,147,147,147,147,15,48,48],"floor_reached":56,"playtime":2327,"items_purged":["BinaryStars+1","MilkyWay","Writhe","SuperPerseids","SuperPerseids","GalacticHalo"],"score":2119,"play_id":"27a473eb-53bb-4390-891b-bebaecc50c64","local_time":"20201218211038","daily_mods":["SealedDeck","Heirloom","Flight","DeadlyEvents","Elite Swarm"],"is_ascension_mode":false,"campfire_choices":[{"data":"CollectingQuirk","floor":11,"key":"SMITH"},{"data":"BlazeAway","floor":15,"key":"SMITH"},{"data":"AsteroidBelt","floor":28,"key":"SMITH"},{"floor":30,"key":"RECALL"},{"floor":32,"key":"REST"},{"data":"6A","floor":49,"key":"SMITH"},{"data":"ChargingUp","floor":52,"key":"SMITH"}],"circlet_count":0,"master_deck":["6A+1","MagicAbsorber","BlazeAway+1","ChargingUp+1","StarBarrage","CollectingQuirk+1","hubris:DuctTapeCard"],"relics":["MiniHakkero","Hammer of Thor","Seething Fire","Anvil of the Gods","Unceasing Top","Bronze Scales","Toxic Egg 2","Happy Flower","hubris:TenFootPole","AmplifyWand","BreadOfAWashokuLover","Bag of Marbles","hubris:BottledRain","MerchantsRug","Singing Bowl","Mango","Centennial Puzzle","MealTicket","hubris:PeanutButter","Matryoshka","MagicBroom","Black Star","hubris:Towel","Shuriken","hubris:DuctTape","Du-Vu Doll","Eternal Feather","Bird Faced Urn","Sundial","Pen Nib","Calipers","Potion Belt","Ancient Tea Set","hubris:MedicalManual","Lizard Tail","Oddly Smooth Stone","Orichalcum","Lantern","Ornamental Fan","Toy Ornithopter"],"acts_visited":["Exordium","TheCity","TheBeyond","TheEnding"],"potions_floor_usage":[27],"damage_taken":[{"damage":0,"enemies":"Cultist","floor":1,"turns":2},{"damage":0,"enemies":"Jaw Worm","floor":2,"turns":3},{"damage":2,"enemies":"2 Louse","floor":3,"turns":3},{"damage":3,"enemies":"Gremlin Nob","floor":6,"turns":4},{"damage":3,"enemies":"3 Sentries","floor":7,"turns":7},{"damage":2,"enemies":"Lagavulin","floor":8,"turns":7},{"damage":15,"enemies":"Gremlin Nob","floor":10,"turns":5},{"damage":0,"enemies":"Lagavulin","floor":12,"turns":4},{"damage":0,"enemies":"Gremlin Nob","floor":13,"turns":3},{"damage":6,"enemies":"3 Sentries","floor":14,"turns":4},{"damage":0,"enemies":"Slime Boss","floor":16,"turns":2},{"damage":0,"enemies":"Shell Parasite","floor":18,"turns":3},{"damage":5,"enemies":"3 Byrds","floor":22,"turns":3},{"damage":0,"enemies":"Slavers","floor":23,"turns":1},{"damage":0,"enemies":"Gremlin Leader","floor":24,"turns":3},{"damage":4,"enemies":"Book of Stabbing","floor":25,"turns":2},{"damage":17,"enemies":"Slavers","floor":27,"turns":2},{"damage":6,"enemies":"Gremlin Leader","floor":29,"turns":4},{"damage":12,"enemies":"Sentry and Sphere","floor":31,"turns":4},{"damage":10,"enemies":"hubris:MusketHawk","floor":33,"turns":5},{"damage":0,"enemies":"3 Darklings","floor":35,"turns":3},{"damage":0,"enemies":"Giant Head","floor":39,"turns":4},{"damage":20,"enemies":"Nemesis","floor":40,"turns":3},{"damage":0,"enemies":"Giant Head","floor":41,"turns":5},{"damage":0,"enemies":"Reptomancer","floor":44,"turns":4},{"damage":0,"enemies":"Nemesis","floor":45,"turns":1},{"damage":0,"enemies":"Reptomancer","floor":48,"turns":1},{"damage":0,"enemies":"Time Eater","floor":50,"turns":1},{"damage":0,"enemies":"Shield and Spear","floor":54,"turns":1},{"damage":65,"enemies":"The Heart","floor":55,"turns":4}],"seed_played":"6343404675357226829","potions_obtained":[{"floor":3,"key":"BlessingOfTheForge"},{"floor":6,"key":"LiquidMemories"},{"floor":7,"key":"Block Potion"},{"floor":22,"key":"Energy Potion"},{"floor":24,"key":"Explosive Potion"},{"floor":29,"key":"CultistPotion"},{"floor":31,"key":"Weak Potion"},{"floor":35,"key":"ColorlessPotion"},{"floor":40,"key":"StarNLove"}],"is_trial":true,"path_per_floor":["M","M","M","?","?","E","E","E","T","E","R","E","E","E","R","B",null,"M","$","$","?","M","E","E","E","T","E","R","E","R","M","R","B",null,"M","?","?","$","E","E","E","T","T","E","E","$","$","E","R","B",null,"R","$","E","B",null],"character_chosen":"MARISA","items_purchased":["MerchantsRug","Singing Bowl"],"campfire_rested":1,"item_purchase_floors":[19,19],"current_hp_per_floor":[75,75,73,66,71,68,65,63,63,48,48,48,48,43,43,43,80,80,80,80,94,91,93,95,93,93,78,78,74,74,64,96,88,110,112,112,112,112,114,96,98,98,98,100,102,117,122,124,124,124,124,124,124,126,64],"gold":48,"neow_bonus":"","is_daily":false,"chose_seed":false,"campfire_upgraded":5,"win_rate":0.0,"timestamp":1608293438,"path_taken":["M","?","M","?","?","E","E","E","T","E","R","?","E","E","R","BOSS","M","$","$","?","M","E","E","E","T","E","R","E","R","M","R","BOSS","M","?","?","$","?","E","E","?","T","E","E","$","$","?","R","BOSS","R","$","E","BOSS"],"items_purchased_type":["Relic","Relic"],"build_version":"2020-12-13","purchased_purges":6,"victory":true,"max_hp_per_floor":[75,75,75,75,80,80,80,80,80,80,80,80,80,80,80,80,80,80,80,80,94,96,98,100,102,102,104,104,106,106,108,108,110,110,112,112,112,112,114,116,118,118,118,120,122,122,122,124,124,124,124,124,124,126,126],"card_choices":[{"not_picked":["IllusionStar","PowerUp","ShootingEcho"],"picked":"SKIP","floor":1},{"not_picked":["DC","MeteoricShower"],"picked":"MilkyWay","floor":2},{"not_picked":["DeepEcoloBomb","SuperPerseids"],"picked":"AsteroidBelt","floor":3},{"not_picked":["FinalSpark","SuperNova","BigCrunch"],"picked":"SKIP","floor":6},{"not_picked":["StarDustReverie+1","JA"],"picked":"BinaryStars+1","floor":7},{"not_picked":["SatelliteIllusion","BigCrunch+1"],"picked":"CollectingQuirk","floor":8},{"not_picked":["BinaryStars+1","SuperNova"],"picked":"UltimateShortwave+1","floor":10},{"not_picked":["BigCrunch+1","SatelliteIllusion"],"picked":"MaximisePower+1","floor":12},{"not_picked":["JA","MillisecondPulsars","MaximisePower+1"],"picked":"SKIP","floor":13},{"not_picked":["CollectingQuirk","SuperNova","BinaryStars+1"],"picked":"SKIP","floor":14},{"not_picked":["GravityBeat","ManaConvection+1","Occultation+1"],"picked":"SKIP","floor":18},{"not_picked":["MagicAbsorber+1","PropBag+1","ShootingEcho"],"picked":"Singing Bowl","floor":22},{"not_picked":["BinaryStars+1","MillisecondPulsars","MaximisePower+1"],"picked":"Singing Bowl","floor":23},{"not_picked":["SatelliteIllusion","JA","CollectingQuirk"],"picked":"Singing Bowl","floor":24},{"not_picked":["SatelliteIllusion","SuperNova","BlazingStar"],"picked":"Singing Bowl","floor":25},{"not_picked":["AbsoluteMagnitude","TreasureHunter","EscapeVelocity"],"picked":"Singing Bowl","floor":27},{"not_picked":["StarDustReverie+1","AbsoluteMagnitude","BigCrunch+1"],"picked":"Singing Bowl","floor":29},{"not_picked":["GalacticHalo+1","Orbital+1","ShootingEcho"],"picked":"Singing Bowl","floor":31},{"not_picked":["TreasureHunter","UltimateShortwave+1","CollectingQuirk"],"picked":"Singing Bowl","floor":33},{"not_picked":["DarkMatter+1","PulseMagic+1","BlazeAway+1"],"picked":"Singing Bowl","floor":35},{"not_picked":["TreasureHunter","SuperNova","JA"],"picked":"Singing Bowl","floor":39},{"not_picked":["CollectingQuirk","StarDustReverie+1","JA"],"picked":"Singing Bowl","floor":40},{"not_picked":["BlazingStar","CasketOfStar","FinalSpark"],"picked":"Singing Bowl","floor":41},{"not_picked":["CasketOfStar","JA","MaximisePower+1"],"picked":"Singing Bowl","floor":44},{"not_picked":["BigCrunch+1","EscapeVelocity","AbsoluteMagnitude"],"picked":"Singing Bowl","floor":45},{"not_picked":["BlazingStar","SatelliteIllusion","CollectingQuirk"],"picked":"Singing Bowl","floor":48},{"not_picked":["AbsoluteMagnitude","ManaRampage+1","CasketOfStar"],"picked":"Singing Bowl","floor":54}],"player_experience":560770,"relics_obtained":[{"floor":6,"key":"Bronze Scales"},{"floor":7,"key":"Toxic Egg 2"},{"floor":8,"key":"Happy Flower"},{"floor":9,"key":"hubris:TenFootPole"},{"floor":10,"key":"AmplifyWand"},{"floor":12,"key":"BreadOfAWashokuLover"},{"floor":13,"key":"Bag of Marbles"},{"floor":14,"key":"hubris:BottledRain"},{"floor":23,"key":"Centennial Puzzle"},{"floor":24,"key":"MealTicket"},{"floor":25,"key":"hubris:PeanutButter"},{"floor":27,"key":"Matryoshka"},{"floor":29,"key":"MagicBroom"},{"floor":39,"key":"Shuriken"},{"floor":39,"key":"hubris:DuctTape"},{"floor":40,"key":"Du-Vu Doll"},{"floor":40,"key":"MawBank"},{"floor":41,"key":"Eternal Feather"},{"floor":41,"key":"Bird Faced Urn"},{"floor":42,"key":"Sundial"},{"floor":42,"key":"Pen Nib"},{"floor":43,"key":"Calipers"},{"floor":43,"key":"Potion Belt"},{"floor":44,"key":"Ancient Tea Set"},{"floor":44,"key":"hubris:MedicalManual"},{"floor":45,"key":"Lizard Tail"},{"floor":45,"key":"Oddly Smooth Stone"},{"floor":48,"key":"Orichalcum"},{"floor":48,"key":"Lantern"},{"floor":54,"key":"Ornamental Fan"},{"floor":54,"key":"Toy Ornithopter"}],"event_choices":[{"cards_removed":["BlazeAway"],"damage_healed":0,"gold_gain":0,"player_choice":"Card Removal","damage_taken":7,"max_hp_gain":0,"max_hp_loss":0,"event_name":"Golden Wing","floor":4,"gold_loss":0},{"damage_healed":0,"gold_gain":0,"player_choice":"Donut","damage_taken":0,"max_hp_gain":5,"max_hp_loss":0,"event_name":"Big Fish","floor":5,"gold_loss":0},{"damage_healed":0,"gold_gain":0,"player_choice":"Opened","damage_taken":0,"relics_obtained":["Mango"],"max_hp_gain":0,"max_hp_loss":0,"event_name":"The Mausoleum","floor":21,"gold_loss":0,"cards_obtained":["Writhe"]},{"damage_healed":0,"gold_gain":0,"player_choice":"0 cards matched","damage_taken":0,"max_hp_gain":0,"max_hp_loss":0,"event_name":"Match and Keep!","floor":37,"gold_loss":0,"cards_obtained":[]}],"is_beta":false,"boss_relics":[{"not_picked":["hubris:TerracottaHorce","Fusion Hammer"],"picked":"Empty Cage"},{"not_picked":["SacredBark","Busted Crown"],"picked":"Black Star"}],"items_purged_floors":[19,20,38,46,47,53],"is_endless":false,"potions_floor_spawned":[3,6,7,12,14,22,24,29,31,33,35,40],"ascension_level":0}}