{"host":"hlo0wt5fjlilsn9r","time":1608335756,"event":{"mods":["AchievementEnabler","Aspiration","Bard","BaseMod","Beaked The Cultist","Better Altar","Better Match","Better Note","Better Sensory Stone","Better Skull","Better Third Choice","BetterRewards","CCEM","Colored Map","Conspire","Downfall","Friendly Minions","GifTheSpireLib","Halation","Hermit","Highlight Path","Hubris","Hunter ?人","Jedi Mod","Jorbs\u0027s Wanderer Trilogy","Kiyohime（清?）","Mad Scientist","Marisa（霧雨　魔理沙）","Mimic Mod","Minty Spire (QoL Compilation)","Permanent Neow","Replay The Spire","Shade Mod","Spicy Shops","StSLib","Stuff the Spire","Td1madao Mod","The Administrix","The Blackbeard","The Bug Knight","The Construct","The Cursed","The Disciple","The Gatherer","The Hierophant","The Mystic","The Necromancer","The Runesmith","The Servant 0.9.4","The Spell Scribe","The Witch","Unceasing Turn Reminder"],"gold_per_floor":[115,115,115,135,149,181,181,201,224,224,224,235,248,21,21,123,123,140,140,152,1,11,11,24,24,24,24,36,36,49,49,49,150,150,168,179,179,179,189,189,189,189],"floor_reached":41,"playtime":3596,"items_purged":["Strike_C"],"score":420,"play_id":"a556ea52-e606-4046-8fda-c2016024c7cd","local_time":"20201218155556","is_ascension_mode":false,"campfire_choices":[{"floor":11.0,"key":"REST"},{"floor":15.0,"key":"REST"},{"floor":23.0,"key":"REST"},{"floor":25.0,"key":"REST"},{"floor":27.0,"key":"REST"},{"floor":32.0,"key":"REST"},{"floor":40,"key":"REST"}],"circlet_count":0,"master_deck":["Strike_C+1","Defend_C+1","Knight Kick","Chip","Fixing","Fire Blade","Cursed Blade","Bursts","Judgment","Fire Blade","Cooling Song","Machining","Furious","CommonCold","Replay:Hysterical Blindness","Break Into","Black Hand","Black Shadow","Black Shadow","Black Shadow+1","Backup","Data Freezing","Shockwave Tdmadao","Ruin Defend+1","Transfer Energy+1","Light Attack+1"],"relics":["Apod","hubris:Towel","StuffTheSpire:HeavyRock","jedi:shrinkray","StuffTheSpire:GrapeVine","Kintsugi","Anchor","CCEMRelics:GrapeVine","StuffTheSpire:Kangaroo","hubris:Icosahedron"],"acts_visited":["Exordium","TheCity","TheBeyond"],"potions_floor_usage":[],"damage_taken":[{"damage":0.0,"enemies":"conspire:RoseBush","floor":1.0,"turns":4.0},{"damage":3.0,"enemies":"2 Louse","floor":4.0,"turns":3.0},{"damage":0.0,"enemies":"Cultist","floor":5.0,"turns":3.0},{"damage":12.0,"enemies":"3 Sentries","floor":6.0,"turns":9.0},{"damage":11.0,"enemies":"Lots of Slimes","floor":8.0,"turns":4.0},{"damage":10.0,"enemies":"Exordium Thugs","floor":12.0,"turns":4.0},{"damage":2.0,"enemies":"Gremlin Gang","floor":13.0,"turns":6.0},{"damage":52.0,"enemies":"Fading Forest","floor":16.0,"turns":11.0},{"damage":15.0,"enemies":"Spheric Guardian","floor":18.0,"turns":6.0},{"damage":21.0,"enemies":"2 Thieves","floor":20.0,"turns":4.0},{"damage":17.0,"enemies":"Centurion and Healer","floor":22.0,"turns":8.0},{"damage":6.0,"enemies":"Snecko","floor":24.0,"turns":4.0},{"damage":28.0,"enemies":"conspire:HollyBat","floor":28.0,"turns":7.0},{"damage":9.0,"enemies":"Snake Plant","floor":30.0,"turns":3.0},{"damage":53.0,"enemies":"conspire:MysteriousRune","floor":33.0,"turns":8.0},{"damage":24.0,"enemies":"3 Shapes","floor":35.0,"turns":6.0},{"damage":37,"enemies":"3 Darklings","floor":36,"turns":8},{"damage":44,"enemies":"Jaw Worm Horde","floor":39,"turns":4},{"damage":38,"enemies":"Sphere and 2 Shapes","floor":41,"turns":3}],"seed_played":"-907855649263483975","potions_obtained":[{"floor":4.0,"key":"SkillPotion"},{"floor":6.0,"key":"Venom Potion"},{"floor":8.0,"key":"Flashbang"},{"floor":10.0,"key":"Energy Potion"},{"floor":20.0,"key":"Guardian:BlockOnCardUsePotion"},{"floor":33.0,"key":"jedi:hoardpotion"},{"floor":35,"key":"Energy Potion"}],"is_trial":false,"path_per_floor":["M","?","?","M","M","E","?","M","T","?","R","M","M","$","R","B",null,"M","?","M","$","M","R","M","R","T","R","M","?","M","?","R","B",null,"M","M","?","?","M","R","M"],"character_chosen":"TD1MADAO_CLASS","items_purchased":["StuffTheSpire:GrapeVine","Anchor"],"campfire_rested":7,"item_purchase_floors":[14,21],"current_hp_per_floor":[70,70,56,53,53,41,41,30,30,30,51,41,39,39,60,8,70,55,55,34,34,17,38,32,53,53,70,42,42,33,33,54,1,70,46,9,61,61,17,35,0,0],"gold":189,"neow_bonus":"RANDOM_EVENT","is_daily":false,"chose_seed":false,"campfire_upgraded":0,"win_rate":0.0,"timestamp":1608335756,"path_taken":["M","?","?","M","M","E","?","M","T","?","R","M","M","$","R","BOSS","M","?","?","$","?","R","?","R","T","R","?","?","?","?","R","BOSS","M","?","?","?","M","R","?"],"items_purchased_type":["Relic","Relic"],"build_version":"2020-12-13","purchased_purges":1,"victory":false,"max_hp_per_floor":[70,70,70,70,70,70,70,70,70,70,70,70,70,70,70,70,70,70,70,70,70,70,70,70,70,70,70,70,70,70,70,70,70,70,70,70,61,61,61,61,61,61],"card_choices":[{"not_picked":["Revenge","Twin Teeth"],"picked":"Fire Blade","floor":1.0},{"not_picked":["Energy Supply","Rupture"],"picked":"Cursed Blade","floor":4.0},{"not_picked":["Revenge","Bugfix"],"picked":"Bursts","floor":5.0},{"not_picked":["Here Defend Chip","Awareness"],"picked":"Judgment","floor":6.0},{"not_picked":["Preloading","Resistance"],"picked":"Fire Blade","floor":8.0},{"not_picked":["Machining","Im Angry"],"picked":"Cooling Song","floor":12.0},{"not_picked":["Floating Swing Kick","White Contract"],"picked":"Machining","floor":13.0},{"not_picked":["Black Contract","Black Warm Hole"],"picked":"Furious","floor":16.0},{"not_picked":["Fire Blade+1","Resistance+1"],"picked":"Break Into","floor":18.0},{"not_picked":["Recovery Mechanism+1","Resistance"],"picked":"Black Hand","floor":20.0},{"not_picked":["Afterwards","Money Cant Rescue","Oblique Hack"],"picked":"SKIP","floor":22.0},{"not_picked":["Judgment","Awareness","Chip Synthesis"],"picked":"SKIP","floor":24.0},{"not_picked":["Black Execution","Preparedness"],"picked":"Black Shadow","floor":28.0},{"not_picked":["Fire Up+1","Black Warm Hole"],"picked":"Black Shadow+1","floor":30.0},{"not_picked":["Gravity Defend","Weapon Shift+1"],"picked":"Ruin Defend+1","floor":35},{"not_picked":["Break Into","Thunder Jump"],"picked":"Transfer Energy+1","floor":36},{"not_picked":["Load Balancing+1","Money Cant Rescue"],"picked":"Light Attack+1","floor":39}],"player_experience":215665,"relics_obtained":[{"floor":6.0,"key":"StuffTheSpire:HeavyRock"},{"floor":9.0,"key":"jedi:shrinkray"},{"floor":26.0,"key":"CCEMRelics:GrapeVine"}],"event_choices":[{"damage_healed":70.0,"max_hp_gain":0.0,"max_hp_loss":70.0,"gold_gain":0.0,"event_name":"betterThird:BetterShining","player_choice":"Upgrade","floor":3.0,"gold_loss":0.0,"damage_taken":14.0,"cards_upgraded":["Defend_C","Strike_C"]},{"damage_healed":0.0,"max_hp_gain":0.0,"max_hp_loss":0.0,"gold_gain":0.0,"event_name":"betterThird:BetterSerpent","player_choice":"Ignored","floor":7.0,"gold_loss":0.0,"damage_taken":181.0},{"damage_healed":0.0,"max_hp_gain":0.0,"max_hp_loss":0.0,"gold_gain":0.0,"event_name":"Lab","player_choice":"Got Potions","floor":10.0,"gold_loss":0.0,"damage_taken":0.0},{"damage_healed":0.0,"max_hp_gain":0.0,"max_hp_loss":0.0,"gold_gain":0.0,"event_name":"betterNote:BetterNote","player_choice":"Ignored","floor":19.0,"gold_loss":0.0,"damage_taken":0.0,"cards_obtained":["Enlightenment"]},{"damage_healed":0.0,"max_hp_gain":0.0,"max_hp_loss":0.0,"gold_gain":0.0,"event_name":"Duplicator","player_choice":"Copied","floor":29.0,"gold_loss":0.0,"damage_taken":0.0,"cards_obtained":["Black Shadow"]},{"damage_healed":61,"gold_gain":0,"player_choice":"Heal","damage_taken":0,"max_hp_gain":0,"max_hp_loss":9,"event_name":"The Moai Head","floor":37,"gold_loss":0}],"is_beta":false,"boss_relics":[{"not_picked":["jedi:battlestandard","hubris:TerracottaHorce"],"picked":"Kintsugi"},{"not_picked":["hubris:ScarierMask","Honey Jar"],"picked":"StuffTheSpire:Kangaroo"}],"items_purged_floors":[14],"is_endless":false,"potions_floor_spawned":[4,6,8,12,13,20,33,35],"killed_by":"Sphere and 2 Shapes","ascension_level":0}}