{"host":"hjw1ay65n7jm40lc","time":1608316582,"event":{"mods":["AchievementEnabler","BaseMod","Colored Map","Colored Powertips","Googly Eyes","Highlight Path","Minty Spire (QoL Compilation)","Quick Restart","Relic Stats"],"gold_per_floor":[117,131,147,11,28,62,62,93,118,139,109,109,137,166,175,287,287,311,12,41,86,100,100,138,159,186,186,186],"floor_reached":27,"playtime":14492,"items_purged":[],"score":396,"play_id":"593073df-f915-4b47-af0a-d926670d629e","local_time":"20201218133622","is_ascension_mode":true,"campfire_choices":[{"floor":12,"key":"REST"},{"floor":15,"key":"REST"}],"circlet_count":0,"master_deck":["AscendersBane","Defend_G","Defend_G","Defend_G","Defend_G","Defend_G","Survivor","Neutralize","Riddle With Holes","Sucker Punch","After Image","Glass Knife","Backflip","Blade Dance","Dodge and Roll","Backstab","Storm of Steel","Dagger Throw","PiercingWail","Eviscerate","Bite","Bite","Bite","Bite","Bite","Backflip+1","Distraction+1"],"relics":["Ring of the Snake","Calipers","Dream Catcher","CeramicFish","Pen Nib","HoveringKite","Ornamental Fan","MealTicket","Centennial Puzzle"],"acts_visited":["Exordium","TheCity"],"potions_floor_usage":[16,16,22,24,25],"damage_taken":[{"damage":5.0,"enemies":"Cultist","floor":1.0,"turns":4.0},{"damage":0.0,"enemies":"Small Slimes","floor":2.0,"turns":3.0},{"damage":0.0,"enemies":"Jaw Worm","floor":3.0,"turns":5.0},{"damage":0.0,"enemies":"Exordium Wildlife","floor":5.0,"turns":2.0},{"damage":11.0,"enemies":"3 Sentries","floor":6.0,"turns":7.0},{"damage":21.0,"enemies":"Lagavulin","floor":8.0,"turns":9.0},{"damage":10.0,"enemies":"Lots of Slimes","floor":10.0,"turns":5.0},{"damage":21,"enemies":"Gremlin Gang","floor":13,"turns":5},{"damage":9,"enemies":"Exordium Thugs","floor":14,"turns":6},{"damage":9,"enemies":"The Guardian","floor":16,"turns":17},{"damage":9,"enemies":"3 Byrds","floor":18,"turns":7},{"damage":6,"enemies":"2 Thieves","floor":20,"turns":4},{"damage":1,"enemies":"Snecko","floor":22,"turns":5},{"damage":38,"enemies":"Book of Stabbing","floor":24,"turns":8},{"damage":16,"enemies":"Snake Plant","floor":25,"turns":4},{"damage":14,"enemies":"Slavers","floor":27,"turns":4}],"seed_played":"9133150157683098475","potions_obtained":[{"floor":1.0,"key":"Explosive Potion"},{"floor":2.0,"key":"Explosive Potion"},{"floor":5.0,"key":"CunningPotion"},{"floor":10.0,"key":"EssenceOfSteel"},{"floor":11,"key":"Swift Potion"},{"floor":11,"key":"Ancient Potion"},{"floor":13,"key":"DistilledChaos"},{"floor":18,"key":"DistilledChaos"},{"floor":22,"key":"CunningPotion"}],"is_trial":false,"path_per_floor":["M","M","M","$","M","E","?","E","T","M","?","R","M","M","R","B",null,"M","$","M","?","M","?","E","M","T","E"],"character_chosen":"THE_SILENT","items_purchased":["Glass Knife","Ornamental Fan","PiercingWail"],"campfire_rested":2,"item_purchase_floors":[4,19,19],"current_hp_per_floor":[58,58,58,58,58,47,47,26,26,16,16,36,15,6,26,17,55,46,46,40,40,46,46,18,10,10,0,0],"gold":186,"neow_bonus":"ONE_RARE_RELIC","is_daily":false,"chose_seed":false,"campfire_upgraded":0,"win_rate":0.0,"timestamp":1608316582,"path_taken":["M","M","M","$","M","E","?","E","T","?","?","R","M","?","R","BOSS","M","$","M","?","M","?","E","M","T","E"],"items_purchased_type":["Card","Relic","Card"],"build_version":"2020-12-13","purchased_purges":0,"victory":false,"max_hp_per_floor":[70,70,70,70,70,70,67,67,67,67,67,67,67,67,67,67,67,67,67,67,46,46,46,46,46,46,46,46],"relic_stats":{"Dream Catcher":2,"Centennial Puzzle":[3],"counters":[16,95],"Ornamental Fan":[76],"CeramicFish":135,"HoveringKite":[14],"MealTicket":0,"Pen Nib":[16],"obtain_stats":[{"Dream Catcher":6,"Centennial Puzzle":26,"Calipers":0,"Ornamental Fan":19,"CeramicFish":8,"HoveringKite":17,"MealTicket":24,"Pen Nib":9,"Ring of the Snake":0},{"Dream Catcher":5,"Centennial Puzzle":15,"Calipers":0,"Ornamental Fan":11,"CeramicFish":6,"HoveringKite":10,"MealTicket":14,"Pen Nib":6,"Ring of the Snake":0},{"Dream Catcher":21,"Centennial Puzzle":91,"Calipers":0,"Ornamental Fan":70,"CeramicFish":30,"HoveringKite":63,"MealTicket":87,"Pen Nib":30,"Ring of the Snake":0}],"Ring of the Snake":[32]},"card_choices":[{"not_picked":["Caltrops","Reflex"],"picked":"Riddle With Holes","floor":1.0},{"not_picked":["PiercingWail","Well Laid Plans"],"picked":"Sucker Punch","floor":2.0},{"not_picked":["Bane","Quick Slash"],"picked":"After Image","floor":3.0},{"not_picked":["Blade Dance","Blur"],"picked":"Quick Slash","floor":5.0},{"not_picked":["Masterful Stab","Slice","Setup"],"picked":"SKIP","floor":6.0},{"not_picked":["Deflect","Bane","Grand Finale"],"picked":"SKIP","floor":8.0},{"not_picked":["Reflex","Flechettes"],"picked":"Backflip","floor":10.0},{"not_picked":["Cloak And Dagger","Endless Agony"],"picked":"Blade Dance","floor":13},{"not_picked":["Endless Agony","Caltrops"],"picked":"Dodge and Roll","floor":14},{"not_picked":["Sucker Punch","Outmaneuver"],"picked":"Backstab","floor":15},{"not_picked":["Bullet Time","After Image"],"picked":"Storm of Steel","floor":16},{"not_picked":["Deflect+1","Backflip"],"picked":"Dagger Throw","floor":18},{"not_picked":["Deflect","Poisoned Stab"],"picked":"Eviscerate","floor":20},{"not_picked":["Finisher","Dodge and Roll","Noxious Fumes"],"picked":"SKIP","floor":22},{"not_picked":["Bullet Time","PiercingWail"],"picked":"Backflip+1","floor":24},{"not_picked":["Terror","Concentrate"],"picked":"Distraction+1","floor":25}],"player_experience":343856,"relics_obtained":[{"floor":6.0,"key":"Dream Catcher"},{"floor":8.0,"key":"CeramicFish"},{"floor":9.0,"key":"Pen Nib"},{"floor":24,"key":"MealTicket"},{"floor":26,"key":"Centennial Puzzle"}],"event_choices":[{"cards_removed":["Parasite"],"damage_healed":0.0,"max_hp_gain":0.0,"max_hp_loss":0.0,"gold_gain":0.0,"event_name":"Purifier","player_choice":"Purged","floor":7.0,"gold_loss":0.0,"damage_taken":0.0},{"damage_healed":0,"gold_gain":0,"player_choice":"Bought 2 Potions","damage_taken":0,"max_hp_gain":0,"max_hp_loss":0,"event_name":"The Woman in Blue","floor":11,"gold_loss":0},{"damage_healed":0,"gold_gain":0,"player_choice":"Became a vampire","damage_taken":0,"max_hp_gain":0,"max_hp_loss":21,"event_name":"Vampires","floor":21,"gold_loss":0,"cards_obtained":["Bite","Bite","Bite","Bite","Bite"]},{"cards_removed":["Quick Slash"],"damage_healed":5,"gold_gain":0,"player_choice":"Offered Common","damage_taken":0,"max_hp_gain":0,"max_hp_loss":0,"event_name":"Bonfire Elementals","floor":23,"gold_loss":0},{"cards_removed":["Quick Slash"],"damage_healed":5,"gold_gain":0,"player_choice":"Offered Special","damage_taken":0,"max_hp_gain":0,"max_hp_loss":0,"event_name":"Bonfire Elementals","floor":23,"gold_loss":0}],"is_beta":false,"boss_relics":[{"not_picked":["Velvet Choker","Ectoplasm"],"picked":"HoveringKite"}],"items_purged_floors":[],"is_endless":false,"potions_floor_spawned":[1,2,5,10,13,18,22],"killed_by":"Slavers","ascension_level":10}}