{"host":"msepye59htvs4aw4","time":1608322233,"event":{"mods":["BaseMod","Colored Map","DeckTracker","Highlight Path","Minty Spire (QoL Compilation)","Shop Mod","StSLib","SuperFastMode"],"gold_per_floor":[114,129,143,155,173,173,217,217,217,217,217],"floor_reached":10,"playtime":253,"items_purged":[],"score":123,"play_id":"a70ff361-4a0c-4aa1-a1b1-e215eafc47e6","local_time":"20201218211033","is_ascension_mode":true,"campfire_choices":[{"floor":6,"key":"REST"},{"floor":8,"key":"REST"}],"circlet_count":0,"master_deck":["AscendersBane","Strike_G","Strike_G","Strike_G","Strike_G","Strike_G","Defend_G","Defend_G","Defend_G","Defend_G","Defend_G","Survivor","Neutralize","Dagger Spray","Backflip","Dash","Leg Sweep"],"relics":["Ring of the Snake","CeramicFish","Sundial"],"acts_visited":["Exordium"],"potions_floor_usage":[4],"damage_taken":[{"damage":0,"enemies":"Cultist","floor":1,"turns":4},{"damage":0,"enemies":"Jaw Worm","floor":2,"turns":5},{"damage":0,"enemies":"Small Slimes","floor":3,"turns":4},{"damage":0,"enemies":"Red Slaver","floor":4,"turns":5},{"damage":10,"enemies":"2 Fungi Beasts","floor":5,"turns":5},{"damage":53,"enemies":"Gremlin Nob","floor":7,"turns":7},{"damage":47,"enemies":"Lagavulin","floor":10,"turns":9}],"seed_played":"-728112072921696042","potions_obtained":[{"floor":3,"key":"Weak Potion"}],"is_trial":false,"path_per_floor":["M","M","M","M","M","R","E","R","T","E"],"character_chosen":"THE_SILENT","items_purchased":[],"campfire_rested":2,"item_purchase_floors":[],"current_hp_per_floor":[65,65,65,65,55,72,19,40,40,0,0],"gold":217,"neow_bonus":"TEN_PERCENT_HP_BONUS","is_daily":false,"chose_seed":false,"campfire_upgraded":0,"win_rate":0.0,"timestamp":1608322233,"path_taken":["M","M","?","M","M","R","E","R","T","E"],"items_purchased_type":[],"build_version":"2020-12-13","purchased_purges":0,"victory":false,"max_hp_per_floor":[72,72,72,72,72,72,72,72,72,72,72],"card_choices":[{"not_picked":["Sucker Punch","Flying Knee"],"picked":"Dagger Spray","floor":1},{"not_picked":["Escape Plan","Underhanded Strike","Accuracy"],"picked":"SKIP","floor":2},{"not_picked":["Riddle With Holes","Cloak And Dagger"],"picked":"Backflip","floor":3},{"not_picked":["Reflex","Storm of Steel","Slice"],"picked":"SKIP","floor":4},{"not_picked":["Outmaneuver","Dagger Throw"],"picked":"Dash","floor":5},{"not_picked":["Quick Slash","PiercingWail"],"picked":"Leg Sweep","floor":7}],"player_experience":1599465,"relics_obtained":[{"floor":7,"key":"CeramicFish"},{"floor":9,"key":"Sundial"}],"event_choices":[],"is_beta":false,"boss_relics":[],"items_purged_floors":[],"is_endless":false,"potions_floor_spawned":[3],"killed_by":"Lagavulin","ascension_level":15}}