{"host":"5ty8fyb0ngp9gspj","time":1608262975,"event":{"mods":["2.2 Compatiblity","AchievementEnabler","Act Like it!","BaseMod","Colored Map","Downfall","Minty Spire (QoL Compilation)","Rare Cards Sparkle","StSLib"],"gold_per_floor":[99,99,133,133,133,165,192,38,51,51,151,9,24,40,53,155,155,5,25,44,58,73,73,73,73,91,91,91,176,276,286,302,402,402,327,244,256,266,266,540,564,596,625,665,548,548,548,559,578,578,578,607,68,68,68],"floor_reached":56,"playtime":3716,"items_purged":["champ:Defend"],"score":1289,"play_id":"b5a4f374-7b92-4b5f-8a75-d962232568c6","local_time":"20201218144255","is_ascension_mode":false,"campfire_choices":[{"data":"champ:Taunt","floor":1,"key":"SMITH"},{"data":"champ:Balance","floor":4,"key":"SMITH"},{"data":"champ:IgnorePain","floor":10,"key":"SMITH"},{"data":"champ:DefensiveStyle","floor":18,"key":"SMITH"},{"floor":25,"key":"REST"},{"floor":27,"key":"RECALL"},{"data":"champ:HoldFirm","floor":35,"key":"SMITH"},{"data":"champ:Duel","floor":39,"key":"SMITH"},{"data":"champ:TornadoPunch","floor":54,"key":"SMITH"}],"circlet_count":0,"master_deck":["champ:Strike","champ:Strike","champ:Strike","champ:Defend","champ:Defend","champ:Defend","champ:Execute","champ:Taunt+1","champ:Balance+1","champ:PreciseThrust","champ:BringItOn","champ:IgnorePain+1","champ:FanOfKnives","champ:Duel+1","champ:CalledShot+1","champ:StanceDance","champ:Control","champ:DefensiveStyle+1","champ:Haymaker+1","champ:Control+1","champ:FalseCounter+1","RitualDagger","champ:Encircle+1","champ:TornadoPunch+1","champ:HoldFirm+1","champ:ArenaPreparation","champ:Lariat","champ:FlashCut+1","champ:ShieldWall+1","champ:HeartStrike+1","champ:RisingSlash","champ:Encircle+1","champ:EnGarde+1","champ:Circumvent","champ:RecklessLeap","champ:FocusedGladiator+1","champ:StanceDance+1","champ:Backstep+1","champ:BringItOn+1","champ:Lariat+1","champ:ShieldThrow"],"relics":["champ:ChampionCrown","downfall:HeartsMalice","Dream Catcher","Bronze Scales","expansioncontent:StudyCardRelic","downfall:HeartBlessingGreen","downfall:HeartBlessingBlue","Potion Belt","champ:ChampionCrownUpgraded","downfall:HeartBlessingRed","MawBank","TungstenRod","Pear","Bottled Tornado","Orrery"],"acts_visited":["Exordium","TheCity","TheBeyond","TheEnding"],"potions_floor_usage":[15,32,33,37,55,55,55],"damage_taken":[{"damage":0,"enemies":"Small Slimes","floor":2,"turns":1},{"damage":0,"enemies":"3 Sentries","floor":3,"turns":1},{"damage":0,"enemies":"Lagavulin","floor":6,"turns":1},{"damage":5,"enemies":"downfall:FleeingMerchant","floor":8,"turns":4},{"damage":5,"enemies":"Cultist","floor":9,"turns":3},{"damage":0,"enemies":"downfall:FleeingMerchant","floor":12,"turns":4},{"damage":5,"enemies":"2 Louse","floor":13,"turns":2},{"damage":3,"enemies":"Large Slime","floor":14,"turns":5},{"damage":3,"enemies":"Red Slaver","floor":15,"turns":2},{"damage":45,"enemies":"downfall:Ironclad","floor":16,"turns":10},{"damage":3,"enemies":"Shell Parasite","floor":19,"turns":5},{"damage":14,"enemies":"Centurion and Healer","floor":20,"turns":3},{"damage":11,"enemies":"Cultist and Chosen","floor":21,"turns":5},{"damage":0,"enemies":"Snecko","floor":22,"turns":4},{"damage":13,"enemies":"Snake Plant","floor":26,"turns":3},{"damage":6,"enemies":"Cultist and Chosen","floor":31,"turns":4},{"damage":28,"enemies":"Centurion and Healer","floor":32,"turns":4},{"damage":34,"enemies":"downfall:Silent","floor":33,"turns":6},{"damage":18,"enemies":"downfall:FleeingMerchant","floor":36,"turns":4},{"damage":18,"enemies":"Orb Walker","floor":37,"turns":2},{"damage":23,"enemies":"3 Darklings","floor":38,"turns":4},{"damage":23,"enemies":"downfall:FleeingMerchant","floor":40,"turns":2},{"damage":26,"enemies":"Jaw Worm Horde","floor":42,"turns":3},{"damage":34,"enemies":"Writhing Mass","floor":43,"turns":2},{"damage":45,"enemies":"Nemesis","floor":44,"turns":5},{"damage":42,"enemies":"Spire Growth","floor":48,"turns":3},{"damage":15,"enemies":"Sphere and 2 Shapes","floor":49,"turns":3},{"damage":77,"enemies":"downfall:Defect","floor":50,"turns":5},{"damage":44,"enemies":"downfall:CharBossMerchant","floor":52,"turns":4},{"damage":168,"enemies":"downfall:NeowBoss","floor":55,"turns":23}],"seed_played":"-1317333264426998160","potions_obtained":[{"floor":3,"key":"BlessingOfTheForge"},{"floor":14,"key":"CultistPotion"},{"floor":15,"key":"Fruit Juice"},{"floor":20,"key":"PowerPotion"},{"floor":21,"key":"AttackPotion"},{"floor":32,"key":"champ:OpenerPotion"},{"floor":33,"key":"Fruit Juice"},{"floor":37,"key":"Ancient Potion"},{"floor":38,"key":"SpeedPotion"},{"floor":43,"key":"AttackPotion"},{"floor":48,"key":"DuplicationPotion"}],"is_trial":false,"path_per_floor":["R","M","E","R","?","E","T","$","M","R","?","$","M","M","M","B",null,"R","M","M","M","M","?","T","R","M","R","?","?","?","M","M","B",null,"R","$","M","M","R","$","T","M","M","E","$","?","?","M","M","B",null,"E","$","R","B",null],"character_chosen":"THE_CHAMP","items_purchased":["champ:IgnorePain","champ:CalledShot","champ:StanceDance","champ:Lariat","champ:RisingSlash","champ:Circumvent","champ:RecklessLeap","Bottled Tornado","champ:TechniquePotion","Orrery"],"campfire_rested":1,"item_purchase_floors":[8,12,12,36,40,45,45,53,53,53],"current_hp_per_floor":[90,90,90,90,90,90,90,90,90,90,90,90,90,90,95,55,95,105,105,102,93,93,85,85,105,105,105,99,81,81,85,95,76,105,105,96,101,98,98,98,98,88,82,92,92,92,120,97,96,84,120,119,119,119,115],"gold":68,"neow_bonus":"THREE_ENEMY_KILL","is_daily":false,"chose_seed":false,"campfire_upgraded":7,"win_rate":0.0,"timestamp":1608262975,"path_taken":["R","M","E","R","?","E","T","$","?","R","?","$","M","M","M","BOSS","R","?","M","M","M","?","T","R","?","R","?","?","?","?","M","BOSS","R","$","M","M","R","$","T","M","M","E","$","?","?","M","M","BOSS","E","$","R","BOSS"],"items_purchased_type":["Card","Card","Card","Card","Card","Card","Card","Relic","Potion","Relic"],"build_version":"2020-12-13","purchased_purges":1,"victory":true,"max_hp_per_floor":[90,90,90,90,90,90,90,90,90,90,90,90,90,90,95,95,95,105,105,105,105,105,105,105,105,105,105,105,105,105,105,105,105,105,105,105,110,110,110,110,110,110,110,110,110,110,120,120,120,120,120,130,130,130,130],"card_choices":[{"not_picked":["champ:RapidStrikes","champ:BladeFlurry"],"picked":"champ:Balance","floor":2},{"not_picked":["champ:Backstep","champ:CrookedStrike"],"picked":"champ:PreciseThrust","floor":3},{"not_picked":["champ:FalseCounter","champ:SkillfulDodge"],"picked":"champ:BringItOn","floor":6},{"not_picked":["champ:EndlessRage","champ:DefensiveShout","champ:BerserkersShout"],"picked":"SKIP","floor":8},{"not_picked":["champ:BerserkerStyle","champ:Haymaker"],"picked":"champ:FanOfKnives","floor":9},{"not_picked":["champ:FocusedGladiator","champ:Shatter"],"picked":"champ:Duel","floor":12},{"not_picked":["champ:DefensiveShout","champ:CrookedStrike"],"picked":"champ:Control","floor":13},{"not_picked":["champ:FanOfKnives","champ:DefensiveShout","champ:Circumvent"],"picked":"SKIP","floor":14},{"not_picked":["champ:Haymaker","champ:SkillfulDodge"],"picked":"champ:DefensiveStyle","floor":15},{"not_picked":["champ:DancingMaster","champ:Devastate"],"picked":"champ:ShieldSlam","floor":16},{"not_picked":["champ:PerfectedStrike","champ:CrookedStrike","champ:Backstep"],"picked":"SKIP","floor":19},{"not_picked":["champ:GladiatorsShout","champ:StanceDance"],"picked":"champ:Haymaker+1","floor":20},{"not_picked":["champ:FanOfKnives","champ:BringItOn","champ:Backstep"],"picked":"SKIP","floor":21},{"not_picked":["champ:Circumvent","champ:FanOfKnives"],"picked":"champ:Control+1","floor":22},{"not_picked":["champ:PerfectedStrike","champ:CalledShot"],"picked":"champ:LastStand","floor":25},{"not_picked":["champ:RecklessLeap+1","champ:FlashCut"],"picked":"champ:FalseCounter+1","floor":26},{"not_picked":["champ:CrookedStrike+1","champ:Backstep"],"picked":"champ:Encircle+1","floor":31},{"not_picked":["champ:Duel","champ:DeathBlow"],"picked":"champ:TornadoPunch","floor":32},{"not_picked":["champ:LastStand","champ:MurderStrike"],"picked":"champ:HoldFirm","floor":33},{"not_picked":["champ:CrookedStrike+1","champ:GladiatorStyle"],"picked":"champ:ArenaPreparation","floor":36},{"not_picked":["champ:Encircle","champ:EnragedBash+1"],"picked":"champ:FlashCut+1","floor":37},{"not_picked":["champ:DeathBlow","champ:Circumvent"],"picked":"champ:ShieldWall+1","floor":38},{"not_picked":["champ:AdrenalArmor+1","champ:FightOn"],"picked":"champ:HeartStrike+1","floor":40},{"not_picked":["champ:DefensiveShout","champ:RapidStrikes","champ:DefensiveStyle"],"picked":"SKIP","floor":42},{"not_picked":["champ:Circumvent","champ:CrookedStrike+1"],"picked":"champ:Encircle+1","floor":43},{"not_picked":["champ:GladiatorsShout","champ:BladeFlurry"],"picked":"champ:EnGarde+1","floor":44},{"not_picked":["champ:StanceDance","champ:BladeFlurry"],"picked":"champ:FocusedGladiator+1","floor":48},{"not_picked":["champ:MurderStrike","champ:FocusedGladiator"],"picked":"champ:StanceDance+1","floor":49},{"not_picked":["champ:RapidStrikes+1","champ:GladiatorsShout+1"],"picked":"champ:Backstep+1","floor":52},{"not_picked":["champ:RapidStrikes","champ:DeathBlow+1"],"picked":"champ:BringItOn+1","floor":53},{"not_picked":["champ:DefensiveStyle+1","champ:Circumvent"],"picked":"champ:Lariat+1","floor":53},{"not_picked":["champ:Haymaker","champ:Shatter+1"],"picked":"champ:ShieldThrow","floor":53}],"player_experience":288873,"relics_obtained":[{"floor":3,"key":"Dream Catcher"},{"floor":6,"key":"Bronze Scales"},{"floor":24,"key":"Potion Belt"},{"floor":41,"key":"MawBank"},{"floor":44,"key":"TungstenRod"},{"floor":52,"key":"Pear"}],"event_choices":[{"cards_removed":["champ:ShieldSlam"],"damage_healed":0,"gold_gain":0,"player_choice":"Removed Attack","damage_taken":0,"max_hp_gain":0,"max_hp_loss":0,"event_name":"Falling","floor":46,"gold_loss":0},{"cards_removed":["champ:LastStand"],"damage_healed":18,"gold_gain":0,"player_choice":"Offered Rare","damage_taken":0,"max_hp_gain":10,"max_hp_loss":0,"event_name":"Bonfire Elementals","floor":47,"gold_loss":0}],"is_beta":false,"boss_relics":[{"not_picked":["Philosopher\u0027s Stone","SlaversCollar"],"picked":"expansioncontent:StudyCardRelic"},{"not_picked":["Velvet Choker","Busted Crown"],"picked":"champ:ChampionCrownUpgraded"}],"items_purged_floors":[53],"is_endless":false,"potions_floor_spawned":[3,14,15,20,21,32,33,37,38,43,48],"ascension_level":0}}