{"host":"su73a2bh8339ktv3","time":1608279671,"event":{"mods":["AchievementEnabler","Aspiration","Bard","BaseMod","Beaked The Cultist","Better Altar","Better Match","Better Note","Better Sensory Stone","Better Skull","Better Third Choice","BetterRewards","CCEM","Clawfect","Colored Map","Conspire","Downfall","GifTheSpireLib","Googly Eyes","Halation","Hermit","Highlight Path","Hubris","Hunter ??","Infinite Spire","Jedi Mod","Jorbs\u0027s Wanderer Trilogy","Mad Scientist","Marisa????????","Mimic Mod","Minty Spire (QoL Compilation)","Permanent Neow","Replay The Spire","Shade Mod","Shop Mod","Spicy Shops","StSLib","Stuff the Spire","The Administrix","The Blackbeard","The Bug Knight","The Construct","The Cursed","The Disciple","The Gatherer","The Hierophant","The Jungle","The Mystic","The Necromancer","The Problem Sleuth","The Runesmith","The Servant 0.9.4","The Spell Scribe","The Witch","Unceasing Turn Reminder","[IsaacMod]????","everything is the same but u backflip on backflip","slay the spire mod where everything is the same but ironclad has a cowboy hat"],"gold_per_floor":[99,126,140,151,171,190,190,190,201,232,332,389,389,11,23,122,122,176,12,12,25,58,68,68,98,111,139,153,170,170,170,181,283,283,283,283,283,383,383,383],"floor_reached":39,"playtime":2371,"items_purged":[],"score":474,"play_id":"cb14a70a-ba5e-45b5-bc83-babea9647e87","local_time":"20201218192111","is_ascension_mode":false,"campfire_choices":[{"data":"Slimebound:Split","floor":1,"key":"SMITH"},{"floor":8,"key":"REST"},{"data":"Slimebound:SplitMire","floor":35,"key":"SMITH"},{"data":"Slimebound:GoopSpray","floor":37,"key":"SMITH"}],"circlet_count":0,"master_deck":["Slimebound:Strike_Slimebound","Slimebound:Strike_Slimebound","Slimebound:Strike_Slimebound","Slimebound:Tackle","Slimebound:Defend_Slimebound","Slimebound:Defend_Slimebound","Slimebound:Defend_Slimebound","Slimebound:Defend_Slimebound","Slimebound:Split+1","Slimebound:CorrosiveSpit","EpicFetus","ReplayTheSpireMod:Private Reserves","Slimebound:Prepare","Slimebound:PressTheAttack","Slimebound:GoopSpray+1","Slimebound:SplitMire+1","Slimebound:SlimeSpikes","Slimebound:AcidTongue","Slimebound:SamplingLick","Slimebound:RejuvenatingLick","Hallucinations","Slimebound:LevelUp","Injury","Slimebound:SlimeBrawl","Slimebound:LeechLife","Slimebound:SlimeTap+1","Guardian:Gem_Cyan","Slimebound:RainOfGoop","Slimebound:SlimeTap","Slimebound:LivingWall","Slimebound:SplitBruiser","Slimebound:MegaLick","infinitespire:FinalStrike","Slimebound:Schlurp","Slimebound:SplitBruiser","Slimebound:Nibble","infinitespire:UltimateForm","RitualDagger","Slimebound:SplitLeeching+1","Slimebound:Overexert","Slimebound:LeadByExample+1"],"relics":["Slimebound:AbsorbEndCombat","HushsDoor","BookofShadows","aspiration:EmptySkull","Mercury Hourglass","Blue Doll","infinitespire:WardingShard","Ring of Fury","Ring of Peace","MerchantsRug","halation:PromiseList","StuffTheSpire:Barrel","Painkiller Herb","halation:BottledHappiness","aspiration:Lifesprig","hubris:SlimyHat","aspiration:FetidBarrel","Quantum Egg","Slimebound:AggressiveSlimeRelic","construct:WeddingRing"],"acts_visited":["Exordium","TheCity","TheBeyond"],"potions_floor_usage":[14,14,16,21,27,27,27,33,33],"damage_taken":[{"damage":37,"enemies":"3 Sentries","floor":2,"turns":5},{"damage":18,"enemies":"Small Slimes","floor":3,"turns":3},{"damage":9,"enemies":"Cultist","floor":4,"turns":3},{"damage":15,"enemies":"2 Louse","floor":5,"turns":3},{"damage":9,"enemies":"2 Fungi Beasts","floor":6,"turns":3},{"damage":12,"enemies":"Large Slime","floor":9,"turns":5},{"damage":25,"enemies":"Gremlin Nob","floor":10,"turns":3},{"damage":12,"enemies":"downfall:FleeingMerchant","floor":14,"turns":4},{"damage":18,"enemies":"Exordium Wildlife","floor":15,"turns":3},{"damage":44,"enemies":"downfall:Silent","floor":16,"turns":5},{"damage":12,"enemies":"downfall:FleeingMerchant","floor":19,"turns":4},{"damage":17,"enemies":"conspire:FuzzyDice","floor":21,"turns":7},{"damage":10,"enemies":"HollowMod:Nosk","floor":22,"turns":6},{"damage":8,"enemies":"Spheric Guardian","floor":23,"turns":3},{"damage":4,"enemies":"Replay:Snechameleon","floor":25,"turns":4},{"damage":11,"enemies":"conspire:HollyBat","floor":26,"turns":5},{"damage":57,"enemies":"Nightmare","floor":27,"turns":7},{"damage":6,"enemies":"Snake Plant","floor":28,"turns":3},{"damage":15,"enemies":"Snecko","floor":29,"turns":4},{"damage":18,"enemies":"conspire:HollyBat","floor":32,"turns":7},{"damage":35,"enemies":"downfall:Defect","floor":33,"turns":6},{"damage":92,"enemies":"Reptomancer","floor":39,"turns":4}],"seed_played":"-3389385813533455440","potions_obtained":[{"floor":3,"key":"conspire:TimeTravelPotion"},{"floor":4,"key":"construct:ShiftPotion"},{"floor":6,"key":"PowerPotion"},{"floor":15,"key":"SkillPotion"},{"floor":21,"key":"ColorlessPotion"},{"floor":22,"key":"AttackPotion"},{"floor":25,"key":"EssenceOfSteel"},{"floor":29,"key":"Guardian:BlockOnCardUsePotion"},{"floor":32,"key":"Dexterity Potion"}],"is_trial":false,"path_per_floor":["R","E","M","M","M","M","T","R","M","E","?","?","?","$","M","B",null,"T","T","?","?","E","?","T","E","?","NM","?","?","AVR","?","?","B",null,"T","?","T","?","E"],"character_chosen":"SLIMEBOUND","items_purchased":["MerchantsRug","halation:PromiseList","StuffTheSpire:Barrel","halation:BottledHappiness"],"campfire_rested":1,"item_purchase_floors":[14,14,14,19],"current_hp_per_floor":[60,35,33,40,41,48,48,60,60,54,54,39,39,53,60,58,60,60,60,60,60,60,60,60,60,57,23,25,38,38,32,36,54,60,60,60,60,60,0,0],"gold":383,"neow_bonus":"RANDOM_COLORLESS","is_daily":false,"chose_seed":false,"campfire_upgraded":3,"win_rate":0.0,"timestamp":1608279671,"path_taken":["R","E","M","M","M","M","T","R","M","E","?","?","?","$","M","BOSS","T","T","?","?","E","?","T","E","?","NM","?","?","AVR","?","?","BOSS","T","?","T","?","E"],"items_purchased_type":["Relic","Relic","Relic","Relic"],"build_version":"2020-12-13","purchased_purges":0,"victory":false,"max_hp_per_floor":[60,60,60,60,60,60,60,60,60,60,60,60,60,60,60,60,60,60,60,60,60,60,60,60,60,60,60,60,60,60,60,60,60,60,60,60,60,60,60,60],"card_choices":[{"not_picked":[],"picked":"EpicFetus","floor":0},{"not_picked":["Mind Blast","Replay:Bootleg Shield Generator"],"picked":"ReplayTheSpireMod:Private Reserves","floor":0},{"not_picked":["Slimebound:PressTheAttack","Bomb"],"picked":"Slimebound:Prepare","floor":2},{"not_picked":["Slimebound:ProtectTheBoss","Slimebound:ViciousTackle"],"picked":"Bomb","floor":3},{"not_picked":["Slimebound:GoopTackle","Slimebound:Equalize"],"picked":"Slimebound:PressTheAttack","floor":4},{"not_picked":["Slimebound:ComboTackle","Bomb"],"picked":"Slimebound:GoopSpray","floor":5},{"not_picked":["Slimebound:LevelUp","Slimebound:Prepare"],"picked":"Slimebound:SplitMire","floor":6},{"not_picked":["Slimebound:RollThrough","Slimebound:SplitBruiser"],"picked":"Slimebound:SlimeSpikes","floor":9},{"not_picked":["Slimebound:Chomp","Slimebound:ServeAndProtect"],"picked":"Slimebound:AcidTongue","floor":10},{"not_picked":["Slimebound:SplitMire","Slimebound:SplitAcid"],"picked":"Slimebound:SamplingLick","floor":11},{"not_picked":["Slimebound:ComboTackle","Slimebound:GrowthPunch"],"picked":"Slimebound:RejuvenatingLick","floor":12},{"not_picked":["Slimebound:TongueLash","Slimebound:ComboTackle"],"picked":"Slimebound:LevelUp","floor":14},{"not_picked":["Slimebound:DivideAndConquer","Slimebound:ServeAndProtect"],"picked":"Slimebound:SlimeBrawl","floor":15},{"not_picked":["Slimebound:OozeBath","Slimebound:SlimeSlap"],"picked":"Slimebound:LeechLife","floor":16},{"not_picked":["Slimebound:ServeAndProtect","Slimebound:SlimeBrawl"],"picked":"Slimebound:SlimeTap+1","floor":19},{"not_picked":["Slimebound:ComboTackle","Slimebound:MegaLick"],"picked":"Slimebound:RainOfGoop","floor":21},{"not_picked":["Slimebound:FinishingTackle","Slimebound:SlimeSpikes"],"picked":"Slimebound:SlimeTap","floor":22},{"not_picked":["Slimebound:SplitLeeching","Slimebound:ComboTackle"],"picked":"Slimebound:LivingWall","floor":23},{"not_picked":["Slimebound:SlimeSpikes","Slimebound:ServeAndProtect"],"picked":"Slimebound:SplitBruiser","floor":25},{"not_picked":["Slimebound:FirmFortitude","Slimebound:SlimeSpikes+1"],"picked":"Slimebound:MegaLick","floor":26},{"not_picked":["ReplayTheSpireMod:Book of Names","ReplayTheSpireMod:Black Plague"],"picked":"infinitespire:FinalStrike","floor":27},{"not_picked":["Slimebound:DuplicatedForm","Slimebound:GrowthPunch"],"picked":"Slimebound:Schlurp","floor":27},{"not_picked":["Slimebound:SpikyOuterGoop","Slimebound:GrowthPunch"],"picked":"Slimebound:SplitBruiser","floor":28},{"not_picked":["Slimebound:DivideAndConquer+1","Slimebound:ViciousTackle+1"],"picked":"Slimebound:Nibble","floor":29},{"not_picked":["Slimebound:SamplingLick+1","Slimebound:PressTheAttack+1"],"picked":"Slimebound:SplitLeeching+1","floor":32},{"not_picked":["Slimebound:SlimeSlap","Slimebound:MassRepurpose"],"picked":"Slimebound:Overexert","floor":33},{"not_picked":["Slimebound:SplitLeeching","Slimebound:AcidTongue"],"picked":"Slimebound:LeadByExample+1","floor":38}],"player_experience":102565,"relics_obtained":[{"floor":2,"key":"aspiration:EmptySkull"},{"floor":7,"key":"Mercury Hourglass"},{"floor":10,"key":"Blue Doll"},{"floor":12,"key":"infinitespire:WardingShard"},{"floor":13,"key":"Ring of Fury"},{"floor":13,"key":"Ring of Peace"},{"floor":22,"key":"aspiration:Lifesprig"},{"floor":24,"key":"hubris:SlimyHat"},{"floor":25,"key":"aspiration:FetidBarrel"},{"floor":27,"key":"Quantum Egg"}],"event_choices":[{"cards_removed":["Hallucinations"],"damage_healed":0,"gold_gain":0,"player_choice":"Take \u0026 Give","damage_taken":0,"max_hp_gain":0,"max_hp_loss":0,"event_name":"betterNote:BetterNote","floor":20,"gold_loss":0,"cards_obtained":["Guardian:Gem_Cyan"]}],"is_beta":false,"boss_relics":[{"not_picked":["beaked:MawFillet","halation:Risk"],"picked":"Painkiller Herb"},{"not_picked":[]},{"not_picked":["infinitespire:Cupcake","Fusion Hammer"],"picked":"construct:WeddingRing"},{"not_picked":[]}],"items_purged_floors":[],"is_endless":false,"potions_floor_spawned":[3,4,6,10,15,21,22,25,26,29,32],"killed_by":"Reptomancer","ascension_level":0}}