{"host":"5gc11emcm5chfr5t","time":1608312723,"event":{"mods":["2.2 Compatiblity","AchievementEnabler","BaseMod","Bestiary","Better Note","Colored Map","Colored Powertips","Downfall","Googly Eyes","Minty Spire (QoL Compilation)","Rare Cards Sparkle","StSLib"],"gold_per_floor":[99,99,124,49,49,49,103,138,149,178,191,191,204,269,286,286,286],"floor_reached":16,"playtime":496,"items_purged":[],"score":277,"play_id":"2ed785ac-9726-4585-a2a0-ac0a1ab436bb","local_time":"20201218123203","is_ascension_mode":true,"campfire_choices":[{"floor":1,"key":"RECALL"},{"data":"sneckomod:SerpentIdol","floor":4,"key":"SMITH"}],"circlet_count":0,"master_deck":["AscendersBane","sneckomod:Strike","sneckomod:Strike","sneckomod:Strike+1","sneckomod:Defend","sneckomod:Defend+1","sneckomod:Defend","sneckomod:TailWhip+1","sneckomod:SnekBite+1","sneckomod:Unknown","sneckomod:Unknown+1","sneckomod:TrashToTreasure","sneckomod:SerpentIdol+1","sneckomod:Transmogrify","sneckomod:SlitherStrike+1","sneckomod:UnknownExhaust","sneckomod:UnknownDexterity","sneckomod:QuickMove","sneckomod:UnknownUncommonAttack","sneckomod:SoulDraw"],"relics":["sneckomod:SneckoSoul","downfall:HeartsMalice","downfall:HeartBlessingRed","downfall:BrokenWingStatue","Omamori","Thread and Needle","The Courier","Shovel"],"acts_visited":["Exordium"],"potions_floor_usage":[10,15,16],"damage_taken":[{"damage":0,"enemies":"2 Louse","floor":2,"turns":1},{"damage":0,"enemies":"Gremlin Nob","floor":3,"turns":1},{"damage":0,"enemies":"3 Sentries","floor":8,"turns":1},{"damage":0,"enemies":"Small Slimes","floor":9,"turns":2},{"damage":27,"enemies":"Lagavulin","floor":10,"turns":4},{"damage":0,"enemies":"Jaw Worm","floor":11,"turns":2},{"damage":2,"enemies":"Exordium Thugs","floor":13,"turns":3},{"damage":19,"enemies":"Lagavulin Event","floor":14,"turns":5},{"damage":8,"enemies":"Red Slaver","floor":15,"turns":2},{"damage":31,"enemies":"downfall:Silent","floor":16,"turns":4}],"seed_played":"4066071254870012488","potions_obtained":[{"floor":8,"key":"DuplicationPotion"},{"floor":14,"key":"DistilledChaos"},{"floor":15,"key":"LiquidBronze"}],"is_trial":false,"path_per_floor":["R","M","E","R","?","?","T","E","M","E","M","?","M","?","M","B"],"character_chosen":"THE_SNECKO","items_purchased":[],"campfire_rested":0,"item_purchase_floors":[],"current_hp_per_floor":[81,81,81,81,81,81,81,81,81,55,56,56,54,36,28,0,0],"gold":286,"neow_bonus":"THREE_ENEMY_KILL","is_daily":false,"chose_seed":false,"campfire_upgraded":1,"win_rate":0.0,"timestamp":1608312723,"path_taken":["R","M","E","R","?","?","T","E","M","E","M","?","M","?","M","BOSS"],"items_purchased_type":[],"build_version":"2020-12-13","purchased_purges":0,"victory":false,"max_hp_per_floor":[90,90,90,90,90,90,90,90,90,91,92,92,92,93,93,93,93],"card_choices":[{"not_picked":["sneckomod:Rotation","sneckomod:UnknownStrike"],"picked":"sneckomod:TrashToTreasure","floor":2},{"not_picked":["sneckomod:IronFang","sneckomod:UnknownUncommonAttack"],"picked":"sneckomod:SerpentIdol","floor":3},{"not_picked":["sneckomod:QuickBite","sneckomod:CheapStock"],"picked":"sneckomod:Transmogrify","floor":8},{"not_picked":["sneckomod:DiceBlock","sneckomod:UnknownCommonAttack"],"picked":"sneckomod:SlitherStrike","floor":9},{"not_picked":["sneckomod:QuickBite","sneckomod:UnknownClassPURPLE"],"picked":"sneckomod:UnknownExhaust","floor":10},{"not_picked":["sneckomod:UnknownStrike","sneckomod:UnknownClassHEXA_GHOST_PURPLE"],"picked":"sneckomod:UnknownDexterity","floor":11},{"not_picked":["sneckomod:UnknownExhaust","sneckomod:WideSting"],"picked":"sneckomod:QuickMove","floor":13},{"not_picked":["sneckomod:UnknownExhaust","sneckomod:UnknownBlock"],"picked":"sneckomod:UnknownUncommonAttack","floor":14},{"not_picked":["sneckomod:UnknownClassGUARDIAN","sneckomod:WideSting"],"picked":"sneckomod:SoulDraw","floor":15}],"player_experience":424014,"relics_obtained":[{"floor":3,"key":"Omamori"},{"floor":7,"key":"Whetstone"},{"floor":8,"key":"Ornamental Fan"},{"floor":10,"key":"Omamori"},{"floor":10,"key":"Thread and Needle"},{"floor":11,"key":"The Courier"},{"floor":14,"key":"Shovel"}],"event_choices":[{"damage_healed":0,"gold_gain":0,"player_choice":"Grow","damage_taken":0,"max_hp_gain":0,"max_hp_loss":0,"event_name":"Living Wall","floor":6,"gold_loss":0,"cards_upgraded":["sneckomod:SnekBite"]}],"is_beta":false,"boss_relics":[],"items_purged_floors":[],"is_endless":false,"potions_floor_spawned":[8,14,15],"killed_by":"downfall:Silent","ascension_level":13}}