{"host":"q229ysid750dmjme","time":1608308579,"event":{"mods":["AchievementEnabler","BaseMod","Colored Map","Minty Spire (QoL Compilation)","Prisma Mod","StSLib","everything is the same but u backflip on backflip"],"gold_per_floor":[117,133,133,133,152,188,188,39,39,55,79,79,120,134,134,257,257,272,187,157,180,180,180,221,221,221,78,78,102,115,165,165,291,291,316,380,380,380,103,103,173,186,209,209,572,618,654,705,705,705,705,705,81,149,209],"floor_reached":56,"playtime":13139,"items_purged":["PrismaMod:IllyaCommonAttack","PrismaMod:IllyaCommonAttack","PrismaMod:IllyaCommonDefend"],"score":1210,"play_id":"8070947c-78bf-4776-8092-ffb5664f5e8c","local_time":"20201219012259","is_ascension_mode":false,"campfire_choices":[{"data":"PrismaMod:IllyaMaid","floor":7.0,"key":"SMITH"},{"floor":12.0,"key":"REST"},{"data":"PrismaMod:IllyaUncommonDefend","floor":15.0,"key":"SMITH"},{"data":"PrismaMod:IllyaPoisonTippedWeapons","floor":23.0,"key":"SMITH"},{"data":"PrismaMod:IllyaCommonEvoke","floor":28.0,"key":"SMITH"},{"data":"PrismaMod:IllyaStunPoison","floor":32.0,"key":"SMITH"},{"data":"Sadistic Nature","floor":40.0,"key":"SMITH"},{"floor":44.0,"key":"RECALL"},{"floor":49.0,"key":"REST"},{"data":"PrismaMod:IllyaCommonDefend","floor":52.0,"key":"SMITH"}],"circlet_count":0,"master_deck":["PrismaMod:IllyaCommonAttack+1","PrismaMod:IllyaCommonDefend","PrismaMod:IllyaCommonDefend","PrismaMod:IllyaCommonAttack+1","PrismaMod:IllyaCommonDefend","PrismaMod:IllyaCommonDefend+1","PrismaMod:IllyaUncommonAttack+1","PrismaMod:IllyaUncommonDefend+1","Bandage Up","PrismaMod:IllyaMaid+1","PrismaMod:IllyaCommonEvoke+1","PrismaMod:IllyaStunPoison+1","PrismaMod:IllyaBoysLove+1","PrismaMod:IllyaCheapChannelPoison+1","PrismaMod:IllyaPoisonTippedWeapons+1","PrismaMod:IllyaCommandSeal+1","PrismaMod:IllyaUberPoisonBlock+1","PrismaMod:IllyaFriendMaker+1","PrismaMod:IllyaDevil+1","PrismaMod:IllyaCarnivalPrismaAstolfo+1","CurseOfTheBell","PrismaMod:IllyaPoisoningPhantasm+1","PrismaMod:IllyaGrail+1","PrismaMod:IllyaCheapAttack+1","PrismaMod:IllyaSaphire+1","PrismaMod:IllyaPartialInstallAssassin+1","PrismaMod:IllyaGrail+1","PrismaMod:IllyaUberPoisonChannel+1","PrismaMod:IllyaGrailKun+1","PrismaMod:IllyaCommandSeal+1","Panacea+1","Sadistic Nature+1","PrismaMod:IllyaZwei+1","PrismaMod:IllyaDetonatingBlow+1","PrismaMod:IllyaBlindPoisonToss+1","PrismaMod:IllyaInstallAlterEgo"],"relics":["PrismaMod:PrismaRuby","Golden Idol","Toxic Egg 2","Molten Egg 2","Happy Flower","Calling Bell","Pen Nib","HornCleat","Ice Cream","Sundial","Letter Opener","ClockworkSouvenir","Black Star","CaptainsWheel","Mummified Hand","Gremlin Horn","Whetstone","Old Coin","Orichalcum","Ginger","Strange Spoon","Vajra","TungstenRod","StoneCalendar"],"acts_visited":["Exordium","TheCity","TheBeyond","TheEnding"],"potions_floor_usage":[55,55],"damage_taken":[{"damage":0.0,"enemies":"Jaw Worm","floor":1.0,"turns":5.0},{"damage":2.0,"enemies":"Small Slimes","floor":2.0,"turns":4.0},{"damage":0.0,"enemies":"Cultist","floor":5.0,"turns":3.0},{"damage":29.0,"enemies":"3 Sentries","floor":6.0,"turns":10.0},{"damage":16.0,"enemies":"Large Slime","floor":10.0,"turns":5.0},{"damage":7.0,"enemies":"Blue Slaver","floor":11.0,"turns":4.0},{"damage":12.0,"enemies":"Lagavulin","floor":13.0,"turns":5.0},{"damage":1.0,"enemies":"Red Slaver","floor":14.0,"turns":3.0},{"damage":17.0,"enemies":"The Guardian","floor":16.0,"turns":9.0},{"damage":6.0,"enemies":"Shell Parasite","floor":18.0,"turns":6.0},{"damage":0.0,"enemies":"2 Thieves","floor":21.0,"turns":3.0},{"damage":23.0,"enemies":"Gremlin Leader","floor":24.0,"turns":8.0},{"damage":12.0,"enemies":"3 Cultists","floor":29.0,"turns":5.0},{"damage":0.0,"enemies":"Centurion and Healer","floor":30.0,"turns":6.0},{"damage":9.0,"enemies":"Shelled Parasite and Fungi","floor":31.0,"turns":6.0},{"damage":34.0,"enemies":"Collector","floor":33.0,"turns":10.0},{"damage":0.0,"enemies":"3 Shapes","floor":35.0,"turns":4.0},{"damage":36.0,"enemies":"2 Orb Walkers","floor":36.0,"turns":5.0},{"damage":13.0,"enemies":"Nemesis","floor":41.0,"turns":7.0},{"damage":3.0,"enemies":"Orb Walker","floor":42.0,"turns":3.0},{"damage":0.0,"enemies":"Mind Bloom Boss Battle","floor":45.0,"turns":6.0},{"damage":6.0,"enemies":"4 Shapes","floor":46.0,"turns":3.0},{"damage":33.0,"enemies":"Reptomancer","floor":47.0,"turns":6.0},{"damage":1.0,"enemies":"Transient","floor":48.0,"turns":5.0},{"damage":44.0,"enemies":"Time Eater","floor":50.0,"turns":12.0},{"damage":37.0,"enemies":"Shield and Spear","floor":54.0,"turns":7.0},{"damage":16,"enemies":"The Heart","floor":55,"turns":9}],"seed_played":"1348274526285091549","potions_obtained":[{"floor":1.0,"key":"LiquidBronze"},{"floor":2.0,"key":"LiquidBronze"},{"floor":11.0,"key":"SmokeBomb"},{"floor":16.0,"key":"Ancient Potion"},{"floor":20.0,"key":"AttackPotion"},{"floor":20.0,"key":"AttackPotion"},{"floor":29.0,"key":"EntropicBrew"},{"floor":31.0,"key":"Fire Potion"},{"floor":35.0,"key":"FearPotion"},{"floor":36.0,"key":"LiquidMemories"},{"floor":41.0,"key":"Weak Potion"},{"floor":47.0,"key":"Block Potion"},{"floor":54.0,"key":"Weak Potion"}],"is_trial":false,"path_per_floor":["M","M","?","?","M","E","R","$","T","M","M","R","E","M","R","B",null,"M","?","?","M","?","R","E","?","T","$","R","M","M","M","R","B",null,"M","?","?","?","$","R","E","M","T","R","?","M","E","M","R","B",null,"R","$","E","B",null],"character_chosen":"ILLYA","items_purchased":["PrismaMod:IllyaCheapChannelPoison+1","PrismaMod:IllyaPoisonTippedWeapons","ClockworkSouvenir","Sadistic Nature","Strange Spoon","PrismaMod:IllyaInstallAlterEgo","Vajra","DuplicationPotion","Strength Potion"],"campfire_rested":2,"item_purchase_floors":[8,8,27,39,53,53,53,53,53],"current_hp_per_floor":[75,73,55,55,59,34,34,34,34,22,24,46,38,41,41,33,75,75,75,75,75,75,75,61,61,61,61,61,56,65,65,65,43,78,78,54,54,54,54,54,55,56,56,56,70,64,43,56,78,44,78,78,78,59,61],"gold":209,"neow_bonus":"RANDOM_COLORLESS","is_daily":false,"chose_seed":false,"campfire_upgraded":7,"win_rate":0.0,"timestamp":1608308579,"path_taken":["M","M","?","?","M","E","R","?","T","M","M","R","E","M","R","BOSS","M","?","?","?","?","R","E","?","T","$","R","?","M","M","R","BOSS","M","?","?","?","$","R","E","?","T","R","?","M","E","M","R","BOSS","R","$","E","BOSS"],"items_purchased_type":["Card","Card","Relic","Card","Relic","Card","Relic","Potion","Potion"],"build_version":"2020-12-13","purchased_purges":3,"victory":true,"max_hp_per_floor":[75,75,75,75,75,75,75,75,75,75,75,75,75,75,75,75,75,75,75,75,75,75,75,75,75,75,75,75,75,75,75,75,78,78,78,78,78,78,78,78,78,78,78,78,78,78,78,78,78,78,78,78,78,78,78],"card_choices":[{"not_picked":["Impatience","Enlightenment"],"picked":"Bandage Up","floor":0.0},{"not_picked":["PrismaMod:IllyaTestament","PrismaMod:IllyaRubysPotion"],"picked":"PrismaMod:IllyaMaid","floor":1.0},{"not_picked":["PrismaMod:IllyaSaphire","PrismaMod:IllyaUncommonEvoke"],"picked":"PrismaMod:IllyaCommonEvoke","floor":2.0},{"not_picked":["PrismaMod:IllyaMinorReinForce","PrismaMod:IllyaRussianRoulette"],"picked":"PrismaMod:IllyaStunPoison","floor":5.0},{"not_picked":["PrismaMod:IllyaInstallRuler","PrismaMod:IllyaPoisonBlock+1"],"picked":"PrismaMod:IllyaBoysLove+1","floor":6.0},{"not_picked":["PrismaMod:IllyaBride+1","PrismaMod:IllyaFeed+1"],"picked":"PrismaMod:IllyaCommandSeal+1","floor":10.0},{"not_picked":["PrismaMod:IllyaMaid+1","PrismaMod:IllyaAOECommonAttack+1"],"picked":"PrismaMod:IllyaUberPoisonBlock+1","floor":11.0},{"not_picked":["PrismaMod:IllyaUberPoisonBlock+1","PrismaMod:IllyaMinorRapidFire+1"],"picked":"PrismaMod:IllyaFriendMaker+1","floor":13.0},{"not_picked":["PrismaMod:IllyaStunPoison+1","PrismaMod:IllyaUpgradeOrbs+1"],"picked":"PrismaMod:IllyaDevil+1","floor":14.0},{"not_picked":["PrismaMod:IllyaCarnivalAttack+1","PrismaMod:IllyaInstallArcher"],"picked":"PrismaMod:IllyaCarnivalPrismaAstolfo+1","floor":16.0},{"not_picked":["PrismaMod:IllyaUberChannel+1","PrismaMod:IllyaBerserCAR+1"],"picked":"PrismaMod:IllyaPoisoningPhantasm+1","floor":18.0},{"not_picked":["PrismaMod:IllyaCheapChannelDefend+1","PrismaMod:IllyaAOECommonAttack+1","PrismaMod:IllyaRapidFire+1"],"picked":"SKIP","floor":21.0},{"not_picked":["PrismaMod:IllyaPoisonTippedWeapons","PrismaMod:IllyaCommonEvoke+1","PrismaMod:IllyaRapidFire+1"],"picked":"SKIP","floor":24.0},{"not_picked":["PrismaMod:IllyaCheapChannelPoison+1","PrismaMod:IllyaDevil+1"],"picked":"PrismaMod:IllyaSaphire+1","floor":29.0},{"not_picked":["PrismaMod:IllyaUpgradeOrbs+1","PrismaMod:IllyaCheapChannelAttack+1"],"picked":"PrismaMod:IllyaPartialInstallAssassin+1","floor":30.0},{"not_picked":["PrismaMod:IllyaSaphire+1","PrismaMod:IllyaAOECommonAttack+1"],"picked":"PrismaMod:IllyaGrail+1","floor":31.0},{"not_picked":["PrismaMod:IllyaInstallSaber","PrismaMod:IllyaCarnivalPrismaAstolfo+1"],"picked":"PrismaMod:IllyaUberPoisonChannel+1","floor":33.0},{"not_picked":["PrismaMod:IllyaUpgradeOrbs+1","PrismaMod:IllyaFeed+1"],"picked":"PrismaMod:IllyaGrailKun+1","floor":35.0},{"not_picked":["PrismaMod:IllyaRubysPotion+1","PrismaMod:IllyaCheapDefend+1"],"picked":"PrismaMod:IllyaCommandSeal+1","floor":36.0},{"not_picked":["Dramatic Entrance+1","PanicButton+1"],"picked":"Panacea+1","floor":37.0},{"not_picked":["PrismaMod:IllyaCheapDefend+1","PrismaMod:IllyaCheapChannelPoison+1"],"picked":"PrismaMod:IllyaZwei+1","floor":41.0},{"not_picked":["PrismaMod:IllyaAOECommonAttack+1","PrismaMod:IllyaCheapChannelAttack+1","PrismaMod:IllyaUncommonAttack+1"],"picked":"SKIP","floor":42.0},{"not_picked":["PrismaMod:IllyaAOECommonAttack+1","PrismaMod:IllyaBride+1"],"picked":"PrismaMod:IllyaDetonatingBlow+1","floor":45.0},{"not_picked":["PrismaMod:IllyaCheapChannelAttack+1","PrismaMod:IllyaCheapChannelDefend+1","PrismaMod:IllyaHassanGift+1"],"picked":"SKIP","floor":46.0},{"not_picked":["PrismaMod:IllyaMaid+1","PrismaMod:IllyaPoisoningPhantasm+1"],"picked":"PrismaMod:IllyaBlindPoisonToss+1","floor":47.0},{"not_picked":["PrismaMod:IllyaAOECommonAttack+1","PrismaMod:IllyaSaphire+1","PrismaMod:IllyaGun+1"],"picked":"SKIP","floor":48.0},{"not_picked":["PrismaMod:IllyaRussianRoulette+1","PrismaMod:IllyaInstallArcher","PrismaMod:IllyaStunPoison+1"],"picked":"SKIP","floor":54.0}],"player_experience":289741,"relics_obtained":[{"floor":6.0,"key":"Toxic Egg 2"},{"floor":9.0,"key":"Molten Egg 2"},{"floor":13.0,"key":"Happy Flower"},{"floor":17.0,"key":"Pen Nib"},{"floor":17.0,"key":"HornCleat"},{"floor":17.0,"key":"Ice Cream"},{"floor":24.0,"key":"Letter Opener"},{"floor":36.0,"key":"CaptainsWheel"},{"floor":41.0,"key":"Mummified Hand"},{"floor":41.0,"key":"Gremlin Horn"},{"floor":43.0,"key":"Whetstone"},{"floor":45.0,"key":"Old Coin"},{"floor":47.0,"key":"Orichalcum"},{"floor":47.0,"key":"Ginger"},{"floor":54.0,"key":"TungstenRod"},{"floor":54.0,"key":"StoneCalendar"}],"event_choices":[{"damage_healed":0.0,"max_hp_gain":0.0,"max_hp_loss":0.0,"gold_gain":0.0,"event_name":"Golden Idol","player_choice":"Take Damage","floor":3.0,"gold_loss":0.0,"damage_taken":18.0,"relics_obtained":["Golden Idol"]},{"damage_healed":0.0,"max_hp_gain":0.0,"max_hp_loss":0.0,"gold_gain":0.0,"event_name":"Liars Game","player_choice":"Ignored","floor":4.0,"gold_loss":0.0,"damage_taken":0.0},{"damage_healed":0.0,"max_hp_gain":0.0,"max_hp_loss":0.0,"gold_gain":0.0,"event_name":"Addict","player_choice":"Obtained Relic","floor":19.0,"gold_loss":85.0,"damage_taken":0.0,"relics_obtained":["Sundial"]},{"damage_healed":0.0,"max_hp_gain":0.0,"max_hp_loss":0.0,"gold_gain":0.0,"event_name":"The Woman in Blue","player_choice":"Bought 2 Potions","floor":20.0,"gold_loss":0.0,"damage_taken":0.0},{"damage_healed":0.0,"max_hp_gain":0.0,"max_hp_loss":0.0,"gold_gain":0.0,"event_name":"The Library","player_choice":"Read","floor":22.0,"gold_loss":0.0,"damage_taken":0.0,"cards_obtained":["PrismaMod:IllyaGrail"]},{"damage_healed":0.0,"max_hp_gain":0.0,"max_hp_loss":0.0,"gold_gain":0.0,"cards_transformed":["PrismaMod:IllyaCommonAttack"],"event_name":"Transmorgrifier","player_choice":"Transformed","floor":25.0,"gold_loss":0.0,"damage_taken":0.0,"cards_obtained":["PrismaMod:IllyaCheapAttack"]},{"damage_healed":0.0,"max_hp_gain":0.0,"max_hp_loss":0.0,"gold_gain":0.0,"event_name":"Mysterious Sphere","player_choice":"Fight","floor":36.0,"gold_loss":0.0,"damage_taken":0.0},{"damage_healed":0.0,"max_hp_gain":0.0,"max_hp_loss":0.0,"gold_gain":0.0,"event_name":"SensoryStone","player_choice":"Memory 1","floor":37.0,"gold_loss":0.0,"damage_taken":0.0},{"damage_healed":0.0,"max_hp_gain":0.0,"max_hp_loss":0.0,"gold_gain":0.0,"event_name":"Accursed Blacksmith","player_choice":"Forge","floor":38.0,"gold_loss":0.0,"damage_taken":0.0,"cards_upgraded":["PrismaMod:IllyaUncommonAttack"]},{"damage_healed":0.0,"max_hp_gain":0.0,"max_hp_loss":0.0,"gold_gain":0.0,"event_name":"MindBloom","player_choice":"Fight","floor":45.0,"gold_loss":0.0,"damage_taken":0.0}],"is_beta":false,"boss_relics":[{"not_picked":["Fusion Hammer","SlaversCollar"],"picked":"Calling Bell"},{"not_picked":["Tiny House","Snecko Eye"],"picked":"Black Star"}],"items_purged_floors":[8,39,53],"is_endless":false,"potions_floor_spawned":[1,2,11,16,29,31,35,36,41,47,54],"ascension_level":0}}