{"host":"l99crexq2sc8megk","time":1608297044,"event":{"mods":["BaseMod","Hermit","Minty Spire (QoL Compilation)","Quick Restart","StSLib","The Cursed"],"gold_per_floor":[115,127,77,77,91,91,122,132,132,132,143,162,182,182,182,256,256,256],"floor_reached":17,"playtime":488,"items_purged":[],"score":440,"play_id":"c628a505-bdce-45e0-ad6c-681d3ecc88cb","local_time":"20201218211044","is_ascension_mode":true,"campfire_choices":[{"data":"Whirlwind","floor":6.0,"key":"SMITH"},{"data":"Ghostly Armor","floor":10,"key":"SMITH"},{"floor":15,"key":"REST"}],"circlet_count":1,"master_deck":["AscendersBane","Strike_R","Strike_R","Defend_R","Defend_R","Defend_R","Defend_R","Bash","Ghostly Armor+1","Whirlwind+1","Headbutt","Spot Weakness+1","Shrug It Off+1","Impervious+1","Fiend Fire"],"relics":["Cursed Key","Toxic Egg 2","Circlet"],"acts_visited":["TheCity"],"potions_floor_usage":[16,16],"damage_taken":[{"damage":4.0,"enemies":"2 Louse","floor":1.0,"turns":3.0},{"damage":2.0,"enemies":"Jaw Worm","floor":2.0,"turns":4.0},{"damage":0.0,"enemies":"Small Slimes","floor":5.0,"turns":3.0},{"damage":9.0,"enemies":"Gremlin Nob","floor":7.0,"turns":4.0},{"damage":1.0,"enemies":"Looter","floor":8.0,"turns":3.0},{"damage":7,"enemies":"2 Fungi Beasts","floor":11,"turns":2},{"damage":0,"enemies":"Blue Slaver","floor":12,"turns":2},{"damage":0,"enemies":"Gremlin Gang","floor":13,"turns":3},{"damage":36,"enemies":"Slime Boss","floor":16,"turns":8}],"seed_played":"-2508204031667071402","potions_obtained":[{"floor":5.0,"key":"Block Potion"},{"floor":7.0,"key":"Ancient Potion"},{"floor":12,"key":"Fire Potion"},{"floor":16,"key":"BloodPotion"}],"is_trial":false,"path_per_floor":["M","M","?","?","M","R","E","M","T","R","M","M","M","?","R","B",null],"character_chosen":"IRONCLAD","items_purchased":[],"campfire_rested":1,"item_purchase_floors":[],"current_hp_per_floor":[64,62,62,62,62,62,53,52,52,52,45,45,45,38,60,39,66,66],"gold":256,"neow_bonus":"BOSS_RELIC","is_daily":false,"chose_seed":false,"campfire_upgraded":2,"win_rate":0.0,"timestamp":1608297044,"path_taken":["M","M","?","?","M","R","E","M","T","R","M","?","M","?","R","BOSS"],"items_purchased_type":[],"build_version":"2020-12-13","purchased_purges":0,"victory":false,"max_hp_per_floor":[75,75,75,75,75,75,75,75,75,75,75,75,75,75,75,75,75,75],"card_choices":[{"not_picked":["Iron Wave","Replay:Undeath\u0027s Touch"],"picked":"Ghostly Armor","floor":1.0},{"not_picked":["Havoc","Entrench"],"picked":"Whirlwind","floor":2.0},{"not_picked":["Pummel","Sword Boomerang"],"picked":"Headbutt","floor":5.0},{"not_picked":["Cleave","Feed","Pommel Strike"],"picked":"SKIP","floor":7.0},{"not_picked":["True Grit+1","Pommel Strike","Carnage"],"picked":"SKIP","floor":8.0},{"not_picked":["True Grit+1","Reckless Charge"],"picked":"Spot Weakness+1","floor":11},{"not_picked":["Second Wind+1","Heavy Blade"],"picked":"Shrug It Off+1","floor":12},{"not_picked":["Metallicize","Cleave"],"picked":"Impervious+1","floor":13},{"not_picked":["Bludgeon","Impervious+1"],"picked":"Fiend Fire","floor":16}],"player_experience":336671,"relics_obtained":[{"floor":7.0,"key":"Toxic Egg 2"}],"event_choices":[{"cards_removed":["Strike_R"],"damage_healed":0.0,"max_hp_gain":0.0,"max_hp_loss":0.0,"gold_gain":0.0,"event_name":"The Cleric","player_choice":"Card Removal","floor":3.0,"gold_loss":50.0,"damage_taken":0.0},{"cards_removed":["Strike_R"],"damage_healed":0.0,"max_hp_gain":0.0,"max_hp_loss":0.0,"gold_gain":0.0,"event_name":"Purifier","player_choice":"Purged","floor":4.0,"gold_loss":0.0,"damage_taken":0.0},{"cards_removed":["Strike_R"],"damage_healed":0,"gold_gain":0,"player_choice":"Card Removal","damage_taken":7,"max_hp_gain":0,"max_hp_loss":0,"event_name":"Golden Wing","floor":14,"gold_loss":0}],"is_beta":false,"boss_relics":[{"not_picked":["Circlet","Circlet"],"picked":"Circlet"}],"items_purged_floors":[],"is_endless":false,"potions_floor_spawned":[5,7,12,16],"ascension_level":14}}