{"host":"3c27c697js19kaoo","time":1608282355,"event":{"mods":["BaseMod","Dota2Spire","Hermit","Minty Spire (QoL Compilation)","Quick Restart","Remilia£®¿Ÿ√◊¿Ú—«£©","Replay The Spire","Robot Space Explorer","Spicy Shops","StSLib","The Alterego","The Cursed","The Servant 0.9.4","vexMod","°æ“≈ŒÔø®≈∆°øREMEMod"],"gold_per_floor":[114,289,289,308,308,308,355,366,416,416,416,476,106,126,126,264,264,294,306,345,120,120,120,142,142,142,142,229,229,267,267,267,486,536,580,580,580,631,706,806,806,880,961,961,1033,1033,1033,1085,1085,1177,1177],"floor_reached":50,"playtime":2314,"items_purged":["Regret","Doubt","Hallucinations"],"score":628,"play_id":"0a9e58dc-8266-4e32-8625-154337ce5f83","local_time":"20201218170555","is_ascension_mode":false,"campfire_choices":[{"data":"alterego_mod:BrynhildrRomantia","floor":6.0,"key":"SMITH"},{"data":"Storm of Steel","floor":11.0,"key":"SMITH"},{"data":"ReplayTheSpireMod:Scrap Shanks","floor":15,"key":"SMITH"},{"data":"Phantasmal Killer","floor":23,"key":"SMITH"},{"data":"Outmaneuver","floor":27,"key":"SMITH"},{"floor":29,"key":"REST"},{"data":"Noxious Fumes","floor":32,"key":"SMITH"},{"floor":46,"key":"REST"},{"data":"REME_CopyPotion","floor":49,"key":"SMITH"}],"circlet_count":0,"master_deck":["Strike_G","Strike_G","Strike_G","Strike_G","Strike_G","Defend_G+1","Defend_G","Defend_G","Defend_G","Survivor+1","Neutralize+1","alterego_mod:BrynhildrRomantia+1","Storm of Steel+1","ReplayTheSpireMod:Scrap Shanks+1","Flying Knee+1","Phantasmal Killer+1","Dagger Spray+1","Reflex","Deflect+1","Outmaneuver+1","Pride","Quick Slash+1","REME_ShadowStrike+1","Noxious Fumes+1","Bullet Time+1","Quick Slash+1","Toxin Wave+1","Poison Darts","Noxious Fumes+1","ReplayTheSpireMod:Scrap Shanks","REME_CopyPotion+1","Endless Agony+1"],"relics":["Ring of the Snake","REME_ComplimentaryCards","ReplayTheSpireMod:Ring of Challenge","Bronze Scales","ScarletDevilRocket","vexMod:ConsolationPrize","Dota2Spire:EchoSabre","Pondfish Scales","Lee\u0027s Waffle","Honey Jar","GreatHeart","Nilry\u0027s Codex","Replay:Bandana","Pocketwatch","Replay:Grab Bag","vexMod:DeviousBotling","vexMod:TanglingVine","vexMod:ImprovementManual","Tiny House","Onion Ring","vexMod:MemoryStick","Molten Egg 2","Quantum Egg"],"acts_visited":["Exordium","TheCity","TheBeyond"],"potions_floor_usage":[12,28,33,38,39,42,45,48,50],"damage_taken":[{"damage":0.0,"enemies":"Small Slimes","floor":1.0,"turns":2.0},{"damage":3.0,"enemies":"2 Louse","floor":4.0,"turns":3.0},{"damage":30.0,"enemies":"Lagavulin","floor":7.0,"turns":7.0},{"damage":1.0,"enemies":"Cultist","floor":8.0,"turns":3.0},{"damage":14,"enemies":"Gremlin Nob","floor":12,"turns":3},{"damage":6,"enemies":"Looter","floor":14,"turns":3},{"damage":36,"enemies":"Fading Forest","floor":16,"turns":11},{"damage":10,"enemies":"Shell Parasite","floor":18,"turns":3},{"damage":0,"enemies":"3 Byrds","floor":19,"turns":3},{"damage":35,"enemies":"Centurion and Healer","floor":20,"turns":5},{"damage":8,"enemies":"3 Cultists","floor":24,"turns":3},{"damage":14,"enemies":"Slavers","floor":28,"turns":4},{"damage":9,"enemies":"Shelled Parasite and Fungi","floor":30,"turns":2},{"damage":99,"enemies":"Champ","floor":33,"turns":9},{"damage":19,"enemies":"3 Shapes","floor":35,"turns":2},{"damage":0,"enemies":"3 Darklings","floor":38,"turns":2},{"damage":37,"enemies":"Transient","floor":39,"turns":5},{"damage":38,"enemies":"Reptomancer","floor":40,"turns":4},{"damage":24,"enemies":"R_Hoarder","floor":42,"turns":6},{"damage":39,"enemies":"4 Shapes","floor":45,"turns":4},{"damage":24,"enemies":"Jaw Worm Horde","floor":48,"turns":3},{"damage":100,"enemies":"Time Eater","floor":50,"turns":7}],"seed_played":"4172124363660122289","potions_obtained":[{"floor":1.0,"key":"AttackPotion"},{"floor":8.0,"key":"Milkshake"},{"floor":12,"key":"Dota2Spire:HealingSalve"},{"floor":19,"key":"Weak Potion"},{"floor":20,"key":"PowerPotion"},{"floor":30,"key":"Fire Potion"},{"floor":34,"key":"ColorlessPotion"},{"floor":39,"key":"Fire Potion"},{"floor":40,"key":"AttackPotion"},{"floor":45,"key":"BlessingOfTheForge"}],"is_trial":false,"path_per_floor":["M","?","?","M","?","R","E","M","T","?","R","E","$","M","R","B",null,"M","M","M","$","?","R","M","?","T","R","E","R","M","?","R","B",null,"M","T","?","M","M","E","?","E","T","?","M","R","?","M","R","B"],"character_chosen":"THE_SILENT","items_purchased":["Pondfish Scales","Lee\u0027s Waffle"],"campfire_rested":2,"item_purchase_floors":[13,13],"current_hp_per_floor":[66,66,66,69,69,69,50,60,60,60,60,53,84,88,88,73,88,89,89,72,72,72,72,89,73,73,73,59,89,98,98,98,15,109,108,108,108,108,78,51,102,85,85,85,73,104,104,91,91,0,0],"gold":1177,"neow_bonus":"THREE_RARE_CARDS","is_daily":false,"chose_seed":false,"campfire_upgraded":7,"win_rate":0.0,"timestamp":1608282355,"path_taken":["M","?","?","M","?","R","E","M","T","?","R","E","?","?","R","BOSS","M","M","M","$","?","R","M","?","T","R","E","R","M","?","R","BOSS","M","?","?","M","?","E","?","E","T","?","?","R","?","M","R","BOSS"],"items_purchased_type":["Relic","Relic"],"build_version":"2020-12-13","purchased_purges":3,"victory":false,"max_hp_per_floor":[66,66,66,69,69,69,73,77,77,77,77,77,84,88,88,88,88,92,92,96,96,96,96,100,100,100,100,100,100,104,104,104,104,109,113,113,113,113,113,117,102,102,102,102,106,106,106,110,110,110,110],"card_choices":[{"not_picked":["Malaise","Wraith Form v2"],"picked":"Storm of Steel","floor":0.0},{"not_picked":["PiercingWail","Poisoned Stab"],"picked":"ReplayTheSpireMod:Scrap Shanks","floor":1.0},{"not_picked":["Endless Agony","Dodge and Roll"],"picked":"Flying Knee","floor":4.0},{"not_picked":["Leg Sweep","Catalyst","Bouncing Flask"],"picked":"SKIP","floor":7.0},{"not_picked":["Predator","Hidden Blade"],"picked":"Phantasmal Killer","floor":8.0},{"not_picked":["PiercingWail","Fluid Movement","Wraith Form v2"],"picked":"SKIP","floor":12},{"not_picked":["Backflip","ReplayTheSpireMod:Exploit Weakness"],"picked":"Dagger Spray","floor":14},{"not_picked":["Well Laid Plans+1","Dagger Throw","Dagger Spray"],"picked":"Reflex","floor":18},{"not_picked":["Bane","Eviscerate","Flechettes+1"],"picked":"Deflect+1","floor":19},{"not_picked":["Hidden Blade","Prepared","Acrobatics"],"picked":"Outmaneuver","floor":20},{"not_picked":["Replay:Poison Smokescreen","Acrobatics+1","Skewer"],"picked":"Quick Slash","floor":24},{"not_picked":["Escape Plan","Prepared","Deflect"],"picked":"REME_ShadowStrike","floor":28},{"not_picked":["Fluid Movement","Hidden Blade+1","Poisoned Stab+1"],"picked":"Noxious Fumes","floor":30},{"not_picked":["Envenom","Venomology","Glass Knife"],"picked":"Bullet Time","floor":33},{"not_picked":["Dodge and Roll+1","Underhanded Strike","Deflect"],"picked":"Quick Slash+1","floor":34},{"not_picked":["Prepared+1","Quick Slash","Sneak Up"],"picked":"Toxin Wave+1","floor":35},{"not_picked":["Hidden Blade+1","Dagger Throw","Deflect+1"],"picked":"Poison Darts","floor":38},{"not_picked":["Backflip","Sneak Up","Dagger Throw+1"],"picked":"Noxious Fumes+1","floor":39},{"not_picked":["Dagger Throw+1","Expertise","Acrobatics"],"picked":"ReplayTheSpireMod:Scrap Shanks","floor":40},{"not_picked":["Blade Dance+1","Replay:Poison Smokescreen+1","Outmaneuver+1"],"picked":"REME_CopyPotion","floor":42},{"not_picked":["Dodge and Roll+1","Flying Knee+1","Bane+1","Poisoned Stab+1"],"picked":"SKIP","floor":45},{"not_picked":["Tactician","Cloak And Dagger+1","Prepared+1","Bouncing Flask"],"picked":"SKIP","floor":48}],"player_experience":133869,"relics_obtained":[{"floor":5.0,"key":"ReplayTheSpireMod:Ring of Challenge"},{"floor":7.0,"key":"Bronze Scales"},{"floor":9.0,"key":"ScarletDevilRocket"},{"floor":12,"key":"Dota2Spire:EchoSabre"},{"floor":25,"key":"Nilry\u0027s Codex"},{"floor":26,"key":"Replay:Bandana"},{"floor":28,"key":"Pocketwatch"},{"floor":36,"key":"Onion Ring"},{"floor":40,"key":"vexMod:MemoryStick"},{"floor":42,"key":"Molten Egg 2"},{"floor":43,"key":"Quantum Egg"}],"event_choices":[{"damage_healed":0.0,"max_hp_gain":0.0,"max_hp_loss":0.0,"gold_gain":175.0,"event_name":"Liars Game","player_choice":"AGREE","floor":2.0,"gold_loss":0.0,"damage_taken":0.0,"cards_obtained":["Doubt"]},{"damage_healed":0.0,"max_hp_gain":0.0,"max_hp_loss":0.0,"gold_gain":0.0,"event_name":"Big Fish","player_choice":"Box","floor":10.0,"gold_loss":0.0,"damage_taken":0.0,"relics_obtained":["vexMod:ConsolationPrize"],"cards_obtained":["Regret"]},{"damage_healed":0,"gold_gain":0,"player_choice":"Obtained Book","damage_taken":16,"max_hp_gain":0,"max_hp_loss":0,"event_name":"Cursed Tome","floor":25,"gold_loss":0},{"damage_healed":0,"gold_gain":0,"player_choice":"Forge","damage_taken":0,"max_hp_gain":0,"max_hp_loss":0,"event_name":"Accursed Blacksmith","floor":31,"gold_loss":0,"cards_upgraded":["REME_ShadowStrike"]},{"damage_healed":0,"gold_gain":0,"player_choice":"Upgraded","damage_taken":0,"max_hp_gain":0,"max_hp_loss":0,"event_name":"Upgrade Shrine","floor":37,"gold_loss":0,"cards_upgraded":["Survivor"]},{"damage_healed":102,"gold_gain":0,"player_choice":"Heal","damage_taken":0,"max_hp_gain":0,"max_hp_loss":15,"event_name":"The Moai Head","floor":41,"gold_loss":0},{"damage_healed":0,"gold_gain":0,"player_choice":"Ignored","damage_taken":0,"max_hp_gain":0,"max_hp_loss":0,"event_name":"NoteForYourself","floor":44,"gold_loss":0},{"damage_healed":0,"gold_gain":0,"cards_transformed":["Defend_G"],"player_choice":"Transformed","damage_taken":0,"max_hp_gain":0,"max_hp_loss":0,"event_name":"Transmorgrifier","floor":47,"gold_loss":0,"cards_obtained":["Endless Agony"]}],"is_beta":false,"boss_relics":[{"not_picked":["Velvet Choker","Abe\u0027s Treasure"],"picked":"Honey Jar"},{"not_picked":["ReplayTheSpireMod:DimensionalGlitch","Philosopher\u0027s Stone"],"picked":"Replay:Grab Bag"},{"not_picked":["vexMod:EndlessSickness","Fusion Hammer"],"picked":"vexMod:DeviousBotling"},{"not_picked":["Coffee Dripper","Runic Dome"],"picked":"vexMod:TanglingVine"},{"not_picked":["Calling Bell","SacredBark"],"picked":"vexMod:ImprovementManual"},{"not_picked":["Snecko Scales","Astrolabe"],"picked":"Tiny House"}],"items_purged_floors":[13,21,21],"is_endless":false,"potions_floor_spawned":[1,8,12,19,20,30,39,40,45],"killed_by":"Time Eater","ascension_level":0}}