{"host":"dt8tt9y5uobrbn6j","time":1608263915,"event":{"mods":["Act Like it!","Aspiration","BaseMod","Better Third Choice","BetterRewards","Card Forge","Colored Powertips","Conspire","Hubris","Infinite Spire","Minty Spire (QoL Compilation)","Quick Restart","Relic Stats","Replay The Spire","Retaliation","Shop Mod","StSLib","vexMod","óô»ðÖ¸ÄÏ"],"gold_per_floor":[113,133,149,159,159,190,190,223,223,223,243,257,257,275,275,350,350,370,385,405,425,13,13,13,48,73,86,120,120,173,209,209,306,306,332,332,368,411,472,532,296,361,361,384,431,472,205,258,258,280,314,314,314,68,127,251],"floor_reached":57,"playtime":4475,"items_purged":["hubris:Disease","hubris:ReadiedAction","Strike_R"],"score":3327,"play_id":"fefc6475-3d97-4310-befa-ffe24fc0b5fd","local_time":"20201218115835","is_ascension_mode":true,"campfire_choices":[{"data":"Armaments","floor":7.0,"key":"SMITH"},{"data":"Dark Embrace","floor":7.0,"key":"SMITH"},{"floor":15.0,"key":"RECALL"},{"floor":23.0,"key":"DIG"},{"data":"DDmod:EasePowerCard","floor":32.0,"key":"SMITH"},{"data":"ReplayTheSpireMod:Strike From Hell","floor":32.0,"key":"SMITH"},{"floor":49.0,"key":"DIG"},{"floor":53,"key":"DIG"}],"circlet_count":0,"master_deck":["AscendersBane","Strike_R","Strike_R","Strike_R","Defend_R","Defend_R","Defend_R","Defend_R","Bash","Armaments+1","Ghostly Armor","Dark Embrace+1","Double Tap+1","Havoc+1","Burning Pact+1","Bloodletting+1","ReplayTheSpireMod:Strike From Hell+1","Insight+1","DDmod:EasePowerCard+1","Shockwave+1","hubris:ReadiedAction+1","Barricade+1","True Grit+1","Replay:Sssssssssshield+1"],"relics":["Burning Blood","Hammer of Thor","Seething Fire","Anvil of the Gods","Pet Ghost","White Beast Statue","conspire:TreasureMap","vexMod:CardConverter","aspiration:Nostalgia","Cracked Core","conspire:Dentures","ReplayTheSpireMod:CursedCoin","Replay:Arrowhead","aspiration:FetidBarrel","Medical Kit","Centennial Puzzle","vexMod:GhostlyGear","Gremlin Horn","hubris:TenFootPole","Golden Egg","Shovel","Toxic Egg 2","Unceasing Top","conspire:RoyalGoblet","hubris:GrandSneckoEye","Counterbalance","Orichalcum","aspiration:Stabinomicon","Mummified Hand","Replay:Bandana","Sozu","Pen Nib","Eternal Feather","aspiration:HiddenCompartment","hubris:CrystalStatue","infinitespire:Joker Card","infinitespire:CheckeredPen","conspire:BottledYoYo","Art of War","infinitespire:Midas Blood","BargainBundle","conspire:DeflatedDodgeball"],"acts_visited":["Exordium","TheCity","TheBeyond","TheEnding"],"potions_floor_usage":[],"damage_taken":[{"damage":0.0,"enemies":"Cultist","floor":1.0,"turns":3.0},{"damage":0.0,"enemies":"conspire:RoseBush","floor":2.0,"turns":4.0},{"damage":0.0,"enemies":"2 Louse","floor":3.0,"turns":2.0},{"damage":3.0,"enemies":"conspire:2 RoseBushes","floor":4.0,"turns":4.0},{"damage":3.0,"enemies":"Lagavulin","floor":6.0,"turns":7.0},{"damage":1.0,"enemies":"Gremlin Nob","floor":8.0,"turns":3.0},{"damage":0.0,"enemies":"3 Louse","floor":11.0,"turns":2.0},{"damage":2.0,"enemies":"Looter","floor":12.0,"turns":3.0},{"damage":8.0,"enemies":"Blue Slaver","floor":14.0,"turns":3.0},{"damage":41.0,"enemies":"The Guardian","floor":16.0,"turns":9.0},{"damage":12.0,"enemies":"2 Thieves","floor":18.0,"turns":3.0},{"damage":17.0,"enemies":"3 Byrds","floor":19.0,"turns":4.0},{"damage":29.0,"enemies":"conspire:HollyBat","floor":20.0,"turns":6.0},{"damage":30.0,"enemies":"Cultist and Chosen","floor":21.0,"turns":6.0},{"damage":20.0,"enemies":"Replay:Snechameleon","floor":25.0,"turns":5.0},{"damage":0.0,"enemies":"Snecko","floor":27.0,"turns":2.0},{"damage":9.0,"enemies":"Book of Stabbing","floor":28.0,"turns":3.0},{"damage":3.0,"enemies":"Sentry and Sphere","floor":30.0,"turns":3.0},{"damage":3.0,"enemies":"conspire:HollyBat","floor":31.0,"turns":2.0},{"damage":12.0,"enemies":"conspire:MysteriousRune","floor":33.0,"turns":1.0},{"damage":4.0,"enemies":"Orb Walker","floor":35.0,"turns":2.0},{"damage":0.0,"enemies":"3 Darklings","floor":37.0,"turns":3.0},{"damage":25.0,"enemies":"Jaw Worm Horde","floor":38.0,"turns":3.0},{"damage":42.0,"enemies":"conspire:MimicChest","floor":39.0,"turns":5.0},{"damage":3.0,"enemies":"R_Hoarder","floor":40.0,"turns":3.0},{"damage":16.0,"enemies":"Reptomancer","floor":42.0,"turns":4.0},{"damage":9.0,"enemies":"Writhing Mass","floor":44.0,"turns":5.0},{"damage":6.0,"enemies":"Mind Bloom Boss Battle","floor":45.0,"turns":2.0},{"damage":17.0,"enemies":"Giant Head","floor":46.0,"turns":2.0},{"damage":3.0,"enemies":"R_Hoarder","floor":48.0,"turns":4.0},{"damage":12.0,"enemies":"Replay:Hell Engine","floor":50.0,"turns":3.0},{"damage":23,"enemies":"Time Eater","floor":51,"turns":4},{"damage":9,"enemies":"Shield and Spear","floor":55,"turns":3},{"damage":121,"enemies":"The Heart","floor":56,"turns":5}],"seed_played":"7392202928008369461","potions_obtained":[{"floor":1.0,"key":"Dexterity Potion"},{"floor":2.0,"key":"infinitespire:BlackPotion"},{"floor":3.0,"key":"Dexterity Potion"},{"floor":4.0,"key":"Elixir"},{"floor":6.0,"key":"FearPotion"},{"floor":8.0,"key":"Adrenaline Potion"},{"floor":11.0,"key":"SkillPotion"},{"floor":12.0,"key":"Death Potion"},{"floor":16.0,"key":"DistilledChaos"},{"floor":18.0,"key":"ColorlessPotion"},{"floor":21.0,"key":"SkillPotion"},{"floor":25.0,"key":"conspire:TimeTravelPotion"},{"floor":28.0,"key":"DuplicationPotion"}],"is_trial":false,"path_per_floor":["M","M","M","M","?","E","R","E","T","?","M","M","AVR","M","R","B",null,"M","M","M","M","$","R","?","E","T","M","E","?","M","M","R","B",null,"M","?","M","M","?","E","R","E","T","M","?","E","$","E","R","B","B",null,"R","$","E","B",null],"character_chosen":"IRONCLAD","items_purchased":["Pet Ghost","White Beast Statue","conspire:TreasureMap","vexMod:CardConverter","aspiration:Nostalgia","conspire:Dentures","ReplayTheSpireMod:CursedCoin","Replay:Arrowhead","aspiration:FetidBarrel","Medical Kit","Centennial Puzzle","vexMod:GhostlyGear","Gremlin Horn","Counterbalance","Barricade","True Grit+1","conspire:BottledYoYo","BargainBundle","Replay:Sssssssssshield+1"],"campfire_rested":0,"item_purchase_floors":[0,0,0,0,0,0,0,0,0,0,0,0,0,22,41,41,47,54,54],"current_hp_per_floor":[30,36,44,49,36,41,41,48,48,48,56,60,60,58,58,25,75,89,88,67,93,93,93,84,89,89,97,96,98,103,103,103,103,103,103,103,103,97,105,107,111,111,111,111,111,111,111,115,115,115,115,115,115,117,117,76],"gold":251,"neow_bonus":"","is_daily":false,"chose_seed":false,"campfire_upgraded":4,"win_rate":0.0,"timestamp":1608263915,"path_taken":["M","M","M","M","?","E","R","E","T","?","M","M","AVR","M","R","BOSS","M","M","?","M","$","R","?","E","T","M","E","?","M","M","R","BOSS","M","?","M","M","?","E","R","E","T","M","?","E","?","E","R","BOSS","BOSS","R","$","E","BOSS"],"items_purchased_type":["Relic","Relic","Relic","Relic","Relic","Relic","Relic","Relic","Relic","Relic","Relic","Relic","Relic","Relic","Card","Card","Relic","Relic","Card"],"build_version":"2020-12-13","purchased_purges":3,"victory":true,"max_hp_per_floor":[79,79,81,83,83,85,85,87,87,87,89,89,89,89,89,91,91,91,91,93,93,93,93,93,95,95,97,99,101,103,103,103,103,103,103,103,103,105,107,107,111,111,111,111,111,111,111,115,115,115,115,115,115,117,117,117],"relic_stats":{"Gremlin Horn":[17,17],"counters":[63,237],"Eternal Feather":0,"Pen Nib":[12],"Orichalcum":[54],"Medical Kit":[62],"Burning Blood":126,"Sozu":10,"Centennial Puzzle":[83],"Shovel":3,"Mummified Hand":[67],"Art of War":[0],"obtain_stats":[{"Golden Egg":5,"Tiny House":34,"hubris:CrystalStatue":43,"Gremlin Horn":0,"conspire:RoyalGoblet":13,"Hammer of Thor":0,"infinitespire:Cubic Diamond":13,"aspiration:Stabinomicon":24,"hubris:MysteriousPyramids":54,"Sozu":34,"Centennial Puzzle":0,"HornCleat":0,"vexMod:CardConverter":0,"Sundial":0,"Toxic Egg 2":2,"conspire:Dentures":0,"MerchantsRug":0,"conspire:TreasureMap":0,"aspiration:Nostalgia":0,"ReplayTheSpireMod:CursedCoin":0,"Counterbalance":22,"Oddly Smooth Stone":47,"Eternal Feather":40,"Pen Nib":39,"aspiration:HiddenCompartment":42,"vexMod:GhostlyGear":0,"OrangePellets":0,"Replay:Baseball":21,"ReplayTheSpireMod:Spearhead":44,"Anvil of the Gods":0,"Bronze Scales":0,"hubris:TenFootPole":0,"conspire:BottledYoYo":47,"aspiration:HatOfInfinitePower":49,"Unceasing Top":25,"infinitespire:PuzzleCube":42,"Pocketwatch":48,"vexMod:PlasmaPancake":0,"Lantern":0,"aspiration:Lifesprig":29,"Singing Bowl":40,"Magic Flower":26,"Blue Doll":0,"Replay:Multitool":8,"Juzu Bracelet":10,"Burning Blood":0,"Pet Ghost":0,"Replay:Rubber Ducky":4,"Dream Catcher":24,"Replay:Bandana":28,"Shovel":6,"Mummified Hand":25,"hubris:Stopwatch":17,"hubris:IronBody":43,"Cracked Core":0,"BargainBundle":54,"aspiration:FetidBarrel":0,"PreservedInsect":5,"infinitespire:Joker Card":45,"Seething Fire":0,"infinitespire:CheckeredPen":46,"Orichalcum":23,"Medical Kit":0,"White Beast Statue":9,"Replay:Arrowhead":0,"Strange Spoon":0,"Ornamental Fan":0,"Ectoplasm":4,"Garlic":53,"hubris:GrandSneckoEye":17,"Art of War":48,"Membership Card":0,"PureWater":0,"conspire:DeflatedDodgeball":55,"ReplayTheSpireMod:Lightbulb":0,"hubris:OldNail":0,"infinitespire:Midas Blood":53},{"Golden Egg":33,"Tiny House":17,"hubris:CrystalStatue":55,"Gremlin Horn":29,"conspire:RoyalGoblet":37,"Hammer of Thor":0,"infinitespire:Cubic Diamond":8,"aspiration:Stabinomicon":43,"hubris:MysteriousPyramids":27,"Sozu":49,"Centennial Puzzle":29,"HornCleat":2,"vexMod:CardConverter":29,"Sundial":2,"Toxic Egg 2":1,"conspire:Dentures":29,"MerchantsRug":0,"conspire:TreasureMap":29,"aspiration:Nostalgia":29,"ReplayTheSpireMod:CursedCoin":29,"Counterbalance":43,"Oddly Smooth Stone":23,"Eternal Feather":54,"Pen Nib":53,"aspiration:HiddenCompartment":55,"vexMod:GhostlyGear":2,"OrangePellets":0,"Replay:Baseball":12,"ReplayTheSpireMod:Spearhead":23,"Anvil of the Gods":0,"Bronze Scales":2,"hubris:TenFootPole":2,"conspire:BottledYoYo":58,"aspiration:HatOfInfinitePower":24,"Unceasing Top":14,"infinitespire:PuzzleCube":22,"Pocketwatch":24,"vexMod:PlasmaPancake":2,"Lantern":2,"aspiration:Lifesprig":16,"Singing Bowl":21,"Magic Flower":14,"Blue Doll":0,"Replay:Multitool":7,"Juzu Bracelet":8,"Burning Blood":0,"Pet Ghost":29,"Replay:Rubber Ducky":1,"Dream Catcher":14,"Replay:Bandana":46,"Shovel":34,"Mummified Hand":44,"hubris:Stopwatch":10,"hubris:IronBody":22,"Cracked Core":29,"BargainBundle":61,"aspiration:FetidBarrel":29,"PreservedInsect":1,"infinitespire:Joker Card":57,"Seething Fire":0,"infinitespire:CheckeredPen":58,"Orichalcum":43,"Medical Kit":2,"White Beast Statue":7,"Replay:Arrowhead":29,"Strange Spoon":2,"Ornamental Fan":2,"Ectoplasm":1,"Garlic":27,"hubris:GrandSneckoEye":39,"Art of War":59,"Membership Card":2,"PureWater":0,"conspire:DeflatedDodgeball":62,"ReplayTheSpireMod:Lightbulb":2,"hubris:OldNail":2,"infinitespire:Midas Blood":61},{"Golden Egg":127,"Tiny House":79,"hubris:CrystalStatue":209,"Gremlin Horn":114,"conspire:RoyalGoblet":142,"Hammer of Thor":0,"infinitespire:Cubic Diamond":39,"aspiration:Stabinomicon":173,"hubris:MysteriousPyramids":105,"Sozu":189,"Centennial Puzzle":114,"HornCleat":13,"vexMod:CardConverter":114,"Sundial":13,"Toxic Egg 2":4,"conspire:Dentures":114,"MerchantsRug":0,"conspire:TreasureMap":114,"aspiration:Nostalgia":114,"ReplayTheSpireMod:CursedCoin":114,"Counterbalance":173,"Oddly Smooth Stone":97,"Eternal Feather":205,"Pen Nib":202,"aspiration:HiddenCompartment":209,"vexMod:GhostlyGear":13,"OrangePellets":0,"Replay:Baseball":51,"ReplayTheSpireMod:Spearhead":97,"Anvil of the Gods":0,"Bronze Scales":13,"hubris:TenFootPole":13,"conspire:BottledYoYo":218,"aspiration:HatOfInfinitePower":98,"Unceasing Top":60,"infinitespire:PuzzleCube":94,"Pocketwatch":98,"vexMod:PlasmaPancake":13,"Lantern":13,"aspiration:Lifesprig":73,"Singing Bowl":93,"Magic Flower":60,"Blue Doll":0,"Replay:Multitool":36,"Juzu Bracelet":39,"Burning Blood":0,"Pet Ghost":114,"Replay:Rubber Ducky":4,"Dream Catcher":60,"Replay:Bandana":183,"Shovel":134,"Mummified Hand":178,"hubris:Stopwatch":46,"hubris:IronBody":94,"Cracked Core":114,"BargainBundle":229,"aspiration:FetidBarrel":114,"PreservedInsect":4,"infinitespire:Joker Card":216,"Seething Fire":0,"infinitespire:CheckeredPen":218,"Orichalcum":173,"Medical Kit":13,"White Beast Statue":36,"Replay:Arrowhead":114,"Strange Spoon":13,"Ornamental Fan":13,"Ectoplasm":4,"Garlic":105,"hubris:GrandSneckoEye":154,"Art of War":222,"Membership Card":13,"PureWater":0,"conspire:DeflatedDodgeball":232,"ReplayTheSpireMod:Lightbulb":13,"hubris:OldNail":13,"infinitespire:Midas Blood":229}],"Unceasing Top":[33]},"card_choices":[{"not_picked":["DDmod:UnstoppableAttack","Shrug It Off"],"picked":"Armaments","floor":1.0},{"not_picked":["Wild Strike","Thunderclap","Defy Death"],"picked":"SKIP","floor":2.0},{"not_picked":["Rupture","DDmod:RapidStrikeAttack"],"picked":"hubris:ReadiedAction","floor":3.0},{"not_picked":["Sword Boomerang","Anger"],"picked":"Ghostly Armor","floor":4.0},{"not_picked":["Uppercut","Flex"],"picked":"Dark Embrace","floor":6.0},{"not_picked":["Cleave","True Grit+1"],"picked":"Double Tap+1","floor":8.0},{"not_picked":["Defy Death+1","DDmod:CallousedSkill+1"],"picked":"Havoc+1","floor":11.0},{"not_picked":["Thunderclap","Cleave","DDmod:ScaleUpSkill+1"],"picked":"SKIP","floor":12.0},{"not_picked":["Replay:Undeath\u0027s Touch","Sword Boomerang","ReplayTheSpireMod:Corrosion Curse+1"],"picked":"SKIP","floor":14.0},{"not_picked":["Exhume+1","Bludgeon"],"picked":"DDmod:RechargeSkill+1","floor":16.0},{"not_picked":["DDmod:ScaleUpSkill+1","Iron Wave","Havoc+1"],"picked":"SKIP","floor":18.0},{"not_picked":["Defy Death+1","infinitespire:OneForAll","Clash+1"],"picked":"SKIP","floor":19.0},{"not_picked":["DDmod:CallousedSkill+1","Cleave"],"picked":"Dual Wield+1","floor":20.0},{"not_picked":["DDmod:CallousedSkill+1","Carnage","Clash"],"picked":"SKIP","floor":21.0},{"not_picked":["Demon Form","Headbutt"],"picked":"Burning Pact+1","floor":25.0},{"not_picked":["Metallicize","Anger"],"picked":"Bloodletting+1","floor":27.0},{"not_picked":["Thunderclap","Fire Breathing"],"picked":"ReplayTheSpireMod:Strike From Hell","floor":28.0},{"not_picked":["Armaments+1","Shrug It Off+1"],"picked":"DDmod:EasePowerCard","floor":30.0},{"not_picked":["Carnage","DDmod:PokeAttack+1","DDmod:UnstoppableAttack"],"picked":"SKIP","floor":31.0},{"not_picked":["Clash","Twin Strike+1","DDmod:EasePowerCard"],"picked":"SKIP","floor":35.0},{"not_picked":["Twin Strike","Ghostly Armor+1","Clash"],"picked":"SKIP","floor":37.0},{"not_picked":["hubris:SharpeningStone+1","Armaments+1"],"picked":"Shockwave+1","floor":38.0},{"not_picked":["Shrug It Off+1","DDmod:CallousedSkill+1"],"picked":"hubris:ReadiedAction+1","floor":39.0},{"not_picked":["Sever Soul","Havoc+1","ReplayTheSpireMod:Stacked+1"],"picked":"SKIP","floor":40.0},{"not_picked":["hubris:ReadiedAction+1","Infernal Blade+1","Barricade"],"picked":"SKIP","floor":42.0},{"not_picked":["Anger","Thunderclap","Rupture"],"picked":"SKIP","floor":44.0},{"not_picked":["Twin Strike","DDmod:CallousedSkill+1","Cleave"],"picked":"SKIP","floor":46.0},{"not_picked":["ReplayTheSpireMod:Strike From Hell+1","Clash","Massacre"],"picked":"SKIP","floor":48.0},{"not_picked":["Combust","DDmod:SpikedSkill+1","Life Link+1"],"picked":"SKIP","floor":55}],"player_experience":790949,"relics_obtained":[{"floor":6.0,"key":"Shovel"},{"floor":8.0,"key":"Toxic Egg 2"},{"floor":9.0,"key":"Unceasing Top"},{"floor":23.0,"key":"Orichalcum"},{"floor":24.0,"key":"aspiration:Stabinomicon"},{"floor":25.0,"key":"Mummified Hand"},{"floor":28.0,"key":"Replay:Bandana"},{"floor":39.0,"key":"Pen Nib"},{"floor":40.0,"key":"Eternal Feather"},{"floor":42.0,"key":"aspiration:HiddenCompartment"},{"floor":43.0,"key":"hubris:CrystalStatue"},{"floor":45.0,"key":"infinitespire:Joker Card"},{"floor":46.0,"key":"infinitespire:CheckeredPen"},{"floor":48.0,"key":"Art of War"},{"floor":53,"key":"infinitespire:Midas Blood"},{"floor":55,"key":"conspire:DeflatedDodgeball"}],"event_choices":[{"damage_healed":0.0,"max_hp_gain":0.0,"max_hp_loss":0.0,"gold_gain":1.0,"event_name":"betterThird:BetterScrap","player_choice":"Relic Relic ","floor":5.0,"gold_loss":0.0,"damage_taken":23.0,"cards_obtained":["SignatureMove"]},{"cards_removed":["Strike_R"],"damage_healed":0.0,"max_hp_gain":0.0,"max_hp_loss":0.0,"gold_gain":0.0,"event_name":"Purifier","player_choice":"Purged","floor":10.0,"gold_loss":0.0,"damage_taken":0.0},{"damage_healed":0.0,"max_hp_gain":0.0,"max_hp_loss":0.0,"gold_gain":0.0,"event_name":"Cursed Tome","player_choice":"Obtained Book","floor":24.0,"gold_loss":0.0,"damage_taken":21.0},{"damage_healed":0.0,"max_hp_gain":0.0,"max_hp_loss":0.0,"gold_gain":0.0,"event_name":"betterThird:BetterWriting","player_choice":"Insight","floor":29.0,"gold_loss":0.0,"damage_taken":0.0,"cards_obtained":["Insight"]},{"cards_removed":["Dual Wield"],"damage_healed":0.0,"max_hp_gain":0.0,"max_hp_loss":0.0,"gold_gain":0.0,"event_name":"Falling","player_choice":"Removed Skill","floor":36.0,"gold_loss":0.0,"damage_taken":0.0},{"damage_healed":0.0,"max_hp_gain":0.0,"max_hp_loss":0.0,"gold_gain":0.0,"event_name":"MindBloom","player_choice":"Fight","floor":45.0,"gold_loss":0.0,"damage_taken":0.0}],"is_beta":false,"boss_relics":[{"not_picked":["Tiny House","conspire:SpecialSausage"],"picked":"hubris:GrandSneckoEye"},{"not_picked":["Black Blood","hubris:VirtuousBlindfold"],"picked":"Sozu"}],"items_purged_floors":[22,41,54],"is_endless":false,"potions_floor_spawned":[1,2,3,4,6,8,11,12,14,16,18,19,20,21,25,27,28,30,31,33,35,37,38,39,40,42,44,45,46,48,55],"ascension_level":20}}