{"host":"atc9njsbcy6dgluf","time":1608282003,"event":{"mods":["BaseMod","Jorbs\u0027s Wanderer Trilogy","Minty Spire (QoL Compilation)","StSLib"],"gold_per_floor":[113,128,128,147,158,191,191,191,191,203,217,237,251,326,326,423,423,443,358,382,382,397,397,422,422,422,422,439,457,485,501,501,616,616,634,646,1645,1698,1717,1746,1746,1746,1746,1780,1780,1780,1245,45,45,45,45,45,10,41,41,41],"floor_reached":55,"playtime":7447,"items_purged":["Pain","Doubt"],"score":844,"play_id":"03f371e6-5135-48ac-b83e-b2619609ba18","local_time":"20201218100003","is_ascension_mode":false,"campfire_choices":[{"data":"stsjorbsmod:FranticSearch","floor":7.0,"key":"SMITH"},{"floor":15.0,"key":"REST"},{"floor":23.0,"key":"RECALL"},{"data":"stsjorbsmod:IvoryTower","floor":25.0,"key":"SMITH"},{"data":"stsjorbsmod:Stalwart","floor":27.0,"key":"SMITH"},{"data":"stsjorbsmod:Mending","floor":32.0,"key":"SMITH"},{"data":"stsjorbsmod:DeathThroes","floor":41,"key":"SMITH"},{"data":"stsjorbsmod:TinyHut","floor":46,"key":"SMITH"},{"data":"stsjorbsmod:FindFamiliar","floor":49,"key":"SMITH"},{"data":"stsjorbsmod:Prestidigitation","floor":52,"key":"SMITH"}],"circlet_count":0,"master_deck":["stsjorbsmod:ForbiddenGrimoire+1","stsjorbsmod:Strike_Wanderer","stsjorbsmod:Strike_Wanderer+1","stsjorbsmod:Strike_Wanderer+1","stsjorbsmod:Defend_Wanderer","stsjorbsmod:Defend_Wanderer","stsjorbsmod:Defend_Wanderer","stsjorbsmod:Defend_Wanderer","stsjorbsmod:FreshAdventure","stsjorbsmod:EyeOfTheStorm","stsjorbsmod:HoldMonster","stsjorbsmod:RayOfFrost","stsjorbsmod:ArcaneWeapon","stsjorbsmod:FranticSearch+1","stsjorbsmod:WanderingMind","stsjorbsmod:Stalwart+1","stsjorbsmod:Feast","stsjorbsmod:MagicMissiles","stsjorbsmod:FaerieFire+1","stsjorbsmod:FlameWard","stsjorbsmod:IvoryTower+1","stsjorbsmod:ArcaneWeapon","stsjorbsmod:ArcaneWeapon","stsjorbsmod:TrueStrike","stsjorbsmod:RefuseToForget","stsjorbsmod:ArcaneWeapon+1","stsjorbsmod:Mending+1","stsjorbsmod:DeathThroes+1","stsjorbsmod:ArcaneWeapon","Normality","Normality","stsjorbsmod:Prestidigitation+1","stsjorbsmod:ScorchingRay","stsjorbsmod:TinyHut+1","stsjorbsmod:HedgeWizard","stsjorbsmod:ArcaneWeapon","stsjorbsmod:FindFamiliar+1","Sadistic Nature","stsjorbsmod:Fireball+1","stsjorbsmod:Mending"],"relics":["stsjorbsmod:GrimoireRelic","Ornamental Fan","stsjorbsmod:MindGlassRelic","Question Card","Cursed Key","Blue Candle","Eternal Feather","Nunchaku","Vajra","Busted Crown","Ginger","Mummified Hand","Bottled Tornado","Toy Ornithopter","Molten Egg 2","Centennial Puzzle","Kunai","Turnip","Sling","Strawberry"],"acts_visited":["Exordium","TheCity","TheBeyond","TheEnding"],"potions_floor_usage":[],"damage_taken":[{"damage":0.0,"enemies":"Jaw Worm","floor":1.0,"turns":3.0},{"damage":0.0,"enemies":"Small Slimes","floor":2.0,"turns":3.0},{"damage":0.0,"enemies":"2 Louse","floor":4.0,"turns":2.0},{"damage":13.0,"enemies":"Large Slime","floor":5.0,"turns":5.0},{"damage":22.0,"enemies":"Gremlin Nob","floor":6.0,"turns":5.0},{"damage":0.0,"enemies":"Looter","floor":10.0,"turns":2.0},{"damage":0.0,"enemies":"Exordium Wildlife","floor":11.0,"turns":4.0},{"damage":11.0,"enemies":"Large Slime","floor":12.0,"turns":3.0},{"damage":3.0,"enemies":"Blue Slaver","floor":13.0,"turns":3.0},{"damage":24.0,"enemies":"Hexaghost","floor":16.0,"turns":9.0},{"damage":9.0,"enemies":"2 Thieves","floor":18.0,"turns":4.0},{"damage":7.0,"enemies":"Shell Parasite","floor":20.0,"turns":5.0},{"damage":21.0,"enemies":"Chosen and Byrds","floor":22.0,"turns":6.0},{"damage":26.0,"enemies":"Book of Stabbing","floor":24.0,"turns":5.0},{"damage":6.0,"enemies":"Snake Plant","floor":28.0,"turns":4.0},{"damage":10.0,"enemies":"Centurion and Healer","floor":29.0,"turns":3.0},{"damage":10.0,"enemies":"Slavers","floor":30.0,"turns":4.0},{"damage":7.0,"enemies":"Cultist and Chosen","floor":31.0,"turns":4.0},{"damage":14.0,"enemies":"Automaton","floor":33.0,"turns":6.0},{"damage":2.0,"enemies":"Orb Walker","floor":35.0,"turns":2.0},{"damage":16.0,"enemies":"3 Shapes","floor":36.0,"turns":3.0},{"damage":35.0,"enemies":"2 Orb Walkers","floor":38.0,"turns":4.0},{"damage":25.0,"enemies":"Writhing Mass","floor":39.0,"turns":5.0},{"damage":60,"enemies":"Reptomancer","floor":40,"turns":6},{"damage":44,"enemies":"Nemesis","floor":44,"turns":5},{"damage":32,"enemies":"Time Eater","floor":50,"turns":5},{"damage":41,"enemies":"Shield and Spear","floor":54,"turns":4},{"damage":103,"enemies":"The Heart","floor":55,"turns":5}],"seed_played":"-6827456350091399613","potions_obtained":[{"floor":2.0,"key":"SneckoOil"},{"floor":11.0,"key":"SkillPotion"},{"floor":12.0,"key":"Dexterity Potion"},{"floor":13.0,"key":"SpeedPotion"},{"floor":16.0,"key":"Explosive Potion"},{"floor":18.0,"key":"FairyPotion"},{"floor":20.0,"key":"DuplicationPotion"},{"floor":28.0,"key":"DuplicationPotion"},{"floor":30.0,"key":"AttackPotion"},{"floor":35.0,"key":"FearPotion"},{"floor":38.0,"key":"Dexterity Potion"},{"floor":44,"key":"GamblersBrew"}],"is_trial":false,"path_per_floor":["M","M","?","M","M","E","R","?","T","M","M","M","M","?","R","B",null,"M","?","M","?","M","R","E","R","T","R","M","M","E","M","R","B",null,"M","M","?","?","M","E","R","?","T","E","?","R","$","$","R","B",null,"R","$","E","B"],"character_chosen":"WANDERER","items_purchased":["Molten Egg 2","Centennial Puzzle","stsjorbsmod:ArcaneWeapon","stsjorbsmod:FindFamiliar","Kunai","Sadistic Nature","Turnip","Sling","stsjorbsmod:Fireball+1","stsjorbsmod:Mending"],"campfire_rested":1,"item_purchase_floors":[47,47,47,48,48,48,48,48,48,53],"current_hp_per_floor":[62,62,62,62,50,30,30,30,30,32,36,31,32,21,42,18,70,68,68,66,66,50,62,39,51,51,66,62,58,57,52,67,61,90,90,83,83,51,34,20,41,41,41,6,87,87,87,87,87,63,89,89,89,66,0,0],"gold":41,"neow_bonus":"THREE_RARE_CARDS","is_daily":false,"chose_seed":false,"campfire_upgraded":8,"win_rate":0.0,"timestamp":1608282003,"path_taken":["M","M","?","M","M","E","R","?","T","M","M","M","M","?","R","BOSS","M","?","M","?","M","R","E","R","T","R","M","M","E","M","R","BOSS","M","M","?","?","?","E","R","?","T","E","?","R","?","$","R","BOSS","R","$","E","BOSS"],"items_purchased_type":["Relic","Relic","Card","Card","Relic","Card","Relic","Relic","Card","Card"],"build_version":"2020-12-13","purchased_purges":2,"victory":false,"max_hp_per_floor":[62,62,62,62,62,62,62,62,62,62,64,68,70,70,70,70,70,74,74,76,76,78,78,80,80,80,80,80,84,90,90,90,90,90,90,96,96,96,98,100,100,100,100,100,87,87,87,87,87,89,89,89,89,98,98,98],"card_choices":[{"not_picked":["stsjorbsmod:Banish","stsjorbsmod:SiphonEnergy"],"picked":"stsjorbsmod:HoldMonster","floor":0.0},{"not_picked":["stsjorbsmod:Hurt","stsjorbsmod:ChatteringStrike"],"picked":"stsjorbsmod:RayOfFrost","floor":1.0},{"not_picked":["stsjorbsmod:AnimateObjects","stsjorbsmod:ParryingBlow"],"picked":"stsjorbsmod:ArcaneWeapon","floor":2.0},{"not_picked":["stsjorbsmod:Message","stsjorbsmod:Index"],"picked":"stsjorbsmod:FranticSearch","floor":4.0},{"not_picked":["stsjorbsmod:WeightOfMemory","stsjorbsmod:RayOfFrost"],"picked":"stsjorbsmod:WanderingMind","floor":5.0},{"not_picked":["stsjorbsmod:ColorSpray","stsjorbsmod:Hurt"],"picked":"stsjorbsmod:Stalwart","floor":6.0},{"not_picked":["stsjorbsmod:FracturedMind","stsjorbsmod:Will","stsjorbsmod:FlameWard"],"picked":"stsjorbsmod:Feast","floor":10.0},{"not_picked":["stsjorbsmod:Message","stsjorbsmod:BurningFlask","stsjorbsmod:WeightOfMemory"],"picked":"stsjorbsmod:MagicMissiles","floor":11.0},{"not_picked":["stsjorbsmod:ChatteringStrike","stsjorbsmod:TollTheDead","stsjorbsmod:FracturedMind"],"picked":"stsjorbsmod:FaerieFire","floor":12.0},{"not_picked":["stsjorbsmod:Hibernate","stsjorbsmod:UnseenServant","stsjorbsmod:RayOfFrost"],"picked":"stsjorbsmod:FlameWard","floor":13.0},{"not_picked":["stsjorbsmod:Fear","stsjorbsmod:PurgeMind","stsjorbsmod:Determination"],"picked":"stsjorbsmod:IvoryTower","floor":16.0},{"not_picked":["stsjorbsmod:Rest","stsjorbsmod:Materialize","stsjorbsmod:TollTheDead","stsjorbsmod:Channel"],"picked":"SKIP","floor":18.0},{"not_picked":["stsjorbsmod:UnseenServant+1","stsjorbsmod:DoubleCheck","stsjorbsmod:LocateObject","stsjorbsmod:DisguiseSelf"],"picked":"SKIP","floor":20.0},{"not_picked":["stsjorbsmod:Firebolt","stsjorbsmod:ChainLightning","stsjorbsmod:RayOfFrost"],"picked":"stsjorbsmod:ArcaneWeapon","floor":22.0},{"not_picked":["stsjorbsmod:MagicMirror","stsjorbsmod:Determination","stsjorbsmod:WanderingMind"],"picked":"stsjorbsmod:ArcaneWeapon","floor":24.0},{"not_picked":["stsjorbsmod:BurningFlask","stsjorbsmod:BlackTentacles","stsjorbsmod:Hibernate"],"picked":"stsjorbsmod:TrueStrike","floor":28.0},{"not_picked":["stsjorbsmod:Prepare","stsjorbsmod:Hibernate","stsjorbsmod:WeightOfMemory"],"picked":"stsjorbsmod:RefuseToForget","floor":29.0},{"not_picked":["stsjorbsmod:Materialize","stsjorbsmod:Introspection","stsjorbsmod:Rest"],"picked":"stsjorbsmod:ArcaneWeapon","floor":30.0},{"not_picked":["stsjorbsmod:WeightOfMemory","stsjorbsmod:MagicMirror","stsjorbsmod:Stalwart+1"],"picked":"stsjorbsmod:Mending","floor":31.0},{"not_picked":["stsjorbsmod:Determination","stsjorbsmod:IvoryTower","stsjorbsmod:GatherPower"],"picked":"stsjorbsmod:DeathThroes","floor":33.0},{"not_picked":["stsjorbsmod:Index"],"picked":"stsjorbsmod:ArcaneWeapon","floor":35.0},{"not_picked":["stsjorbsmod:Firebolt","stsjorbsmod:DoubleCheck+1"],"picked":"SKIP","floor":36.0},{"not_picked":["stsjorbsmod:Counterspell+1"],"picked":"stsjorbsmod:Prestidigitation","floor":38.0},{"not_picked":["stsjorbsmod:Hibernate"],"picked":"stsjorbsmod:ScorchingRay","floor":39.0},{"not_picked":["stsjorbsmod:DisguiseSelf+1"],"picked":"stsjorbsmod:TinyHut","floor":40},{"not_picked":["stsjorbsmod:Rest"],"picked":"stsjorbsmod:HedgeWizard","floor":44},{"not_picked":["stsjorbsmod:Hurt+1","stsjorbsmod:Message+1"],"picked":"SKIP","floor":54}],"player_experience":559693,"relics_obtained":[{"floor":6.0,"key":"Ornamental Fan"},{"floor":9.0,"key":"Question Card"},{"floor":24.0,"key":"Nunchaku"},{"floor":30.0,"key":"Vajra"},{"floor":38.0,"key":"Ginger"},{"floor":40,"key":"Mummified Hand"},{"floor":43,"key":"Bottled Tornado"},{"floor":44,"key":"Toy Ornithopter"},{"floor":54,"key":"Strawberry"}],"event_choices":[{"damage_healed":0.0,"max_hp_gain":0.0,"max_hp_loss":0.0,"gold_gain":0.0,"event_name":"The Cleric","player_choice":"Leave","floor":3.0,"gold_loss":0.0,"damage_taken":0.0},{"damage_healed":0.0,"max_hp_gain":0.0,"max_hp_loss":0.0,"gold_gain":0.0,"event_name":"Dead Adventurer","player_choice":"Searched \u00271\u0027 times","floor":8.0,"gold_loss":0.0,"damage_taken":0.0,"relics_obtained":["stsjorbsmod:MindGlassRelic"]},{"damage_healed":0.0,"max_hp_gain":0.0,"max_hp_loss":0.0,"gold_gain":75.0,"event_name":"World of Goop","player_choice":"Gather Gold","floor":14.0,"gold_loss":0.0,"damage_taken":11.0},{"damage_healed":0.0,"max_hp_gain":0.0,"max_hp_loss":0.0,"gold_gain":0.0,"event_name":"Addict","player_choice":"Obtained Relic","floor":19.0,"gold_loss":85.0,"damage_taken":0.0,"relics_obtained":["Blue Candle"]},{"damage_healed":0.0,"max_hp_gain":0.0,"max_hp_loss":0.0,"gold_gain":0.0,"event_name":"The Mausoleum","player_choice":"Opened","floor":21.0,"gold_loss":0.0,"damage_taken":0.0,"relics_obtained":["Eternal Feather"]},{"damage_healed":0.0,"max_hp_gain":0.0,"max_hp_loss":0.0,"gold_gain":999.0,"event_name":"MindBloom","player_choice":"Gold","floor":37.0,"gold_loss":0.0,"damage_taken":0.0,"cards_obtained":["Normality","Normality"]},{"damage_healed":0.0,"max_hp_gain":0.0,"max_hp_loss":0.0,"gold_gain":0.0,"event_name":"Mysterious Sphere","player_choice":"Fight","floor":38.0,"gold_loss":0.0,"damage_taken":0.0},{"cards_removed":["stsjorbsmod:Strike_Wanderer"],"damage_healed":0,"gold_gain":0,"player_choice":"Removed Attack","damage_taken":0,"max_hp_gain":0,"max_hp_loss":0,"event_name":"Falling","floor":42,"gold_loss":0},{"damage_healed":87,"gold_gain":0,"player_choice":"Heal","damage_taken":0,"max_hp_gain":0,"max_hp_loss":13,"event_name":"The Moai Head","floor":45,"gold_loss":0}],"is_beta":false,"boss_relics":[{"not_picked":["Fusion Hammer","SlaversCollar"],"picked":"Cursed Key"},{"not_picked":["Empty Cage","Tiny House"],"picked":"Busted Crown"}],"items_purged_floors":[47,48],"is_endless":false,"potions_floor_spawned":[2,11,12,13,16,18,20,28,30,35,38,44],"killed_by":"The Heart","ascension_level":0}}