{"host":"ml80p9p157c7xd90","time":1608328199,"event":{"mods":["2.2 Compatiblity","Act Like it!","Ascension Unlocker","Aspiration","BaseMod","Better Altar","Better Match","Better Note","Better Sensory Stone","Better Skull","Better Third Choice","CapriCore","Colored Map","Conspire","Friendly Minions","Gensokyo","Halation","Minty Spire (QoL Compilation)","Pale of the Ancients","Replay The Spire","Shade Mod","StSLib","The Mystic","Wandering Minibosses"],"gold_per_floor":[117,117,117,130,130,156,156,182,182,182,199,199,211,241,241,317,317,327,327,327,341,341,341,341],"floor_reached":23,"playtime":984,"items_purged":[],"score":384,"play_id":"e9d93c9b-b055-4550-9985-0c03db71b288","local_time":"20201218144959","is_ascension_mode":true,"campfire_choices":[{"data":"mysticmod:ComponentsPouch","floor":7,"key":"SMITH"},{"data":"mysticmod:ArcaneDodge","floor":10,"key":"SMITH"},{"floor":12,"key":"REST"},{"data":"mysticmod:Probe","floor":15,"key":"SMITH"}],"circlet_count":0,"master_deck":["AscendersBane","mysticmod:Strike_Mystic","mysticmod:Strike_Mystic","mysticmod:Strike_Mystic","mysticmod:Strike_Mystic","mysticmod:Defend_Mystic","mysticmod:Defend_Mystic","mysticmod:Defend_Mystic","mysticmod:Defend_Mystic","mysticmod:ArcaneDodge+1","mysticmod:ShockingGrasp+1","mysticmod:PowerSlash","Replay:Parry","mysticmod:PowerAttack","mysticmod:ComponentsPouch+1","mysticmod:Probe+1","mysticmod:EarthenWall","mysticmod:GeminiForm","mysticmod:KeenEdge","mysticmod:Probe"],"relics":["mysticmod:SpellBook","halation:PurpleSoulGem","halation:EternalFortune","Boot","Tiny Chest","White Beast Statue","Centennial Puzzle","Replay:Bronze Core","Gensokyo:SongOfSouls","aspiration:HiddenCompartment","Shuriken"],"acts_visited":["Gensokyo:Gensokyo","Gensokyo:Gensokyoer"],"potions_floor_usage":[8,8,16,16,23,23],"damage_taken":[{"damage":8,"enemies":"Gensokyo:Python","floor":1,"turns":3},{"damage":6,"enemies":"Gensokyo:3_Fairies","floor":4,"turns":3},{"damage":20,"enemies":"Gensokyo:Mamizou","floor":6,"turns":8},{"damage":13,"enemies":"Gensokyo:Cirno","floor":8,"turns":5},{"damage":6,"enemies":"Gensokyo:2_Kodama","floor":11,"turns":3},{"damage":6,"enemies":"Gensokyo:VengefulSpirit","floor":13,"turns":4},{"damage":4,"enemies":"Gensokyo:Aya","floor":14,"turns":6},{"damage":14,"enemies":"Gensokyo:Yukari","floor":16,"turns":8},{"damage":6,"enemies":"Gensokyo:AngelMirror","floor":18,"turns":3},{"damage":9,"enemies":"Gensokyo:CosmicMonolith","floor":21,"turns":4},{"damage":18,"enemies":"Gensokyo:Tenshi","floor":23,"turns":5}],"seed_played":"1227680421137234641","potions_obtained":[{"floor":1,"key":"Elixir"},{"floor":4,"key":"LifebloodPotion"},{"floor":11,"key":"Weak Potion"},{"floor":13,"key":"Block Potion"},{"floor":14,"key":"Adrenaline Potion"},{"floor":16,"key":"SneckoOil"},{"floor":18,"key":"Toxic Potion"},{"floor":21,"key":"EssenceOfSteel"}],"is_trial":false,"path_per_floor":["M","?","?","M","?","E","R","E","T","R","M","R","M","E","R","B",null,"M","?","?","M","T","E"],"character_chosen":"MYSTIC_CLASS","items_purchased":[],"campfire_rested":1,"item_purchase_floors":[],"current_hp_per_floor":[57,57,57,51,54,34,34,21,21,21,15,37,31,27,27,13,60,54,54,36,27,27,9,9],"gold":341,"neow_bonus":"UPGRADE_CARD","is_daily":false,"chose_seed":false,"campfire_upgraded":3,"win_rate":0.0,"timestamp":1608328199,"path_taken":["M","?","?","M","?","E","R","E","T","R","M","R","M","E","R","BOSS","M","?","?","?","?","E"],"items_purchased_type":[],"build_version":"2020-12-13","purchased_purges":0,"victory":false,"max_hp_per_floor":[72,72,72,72,75,75,75,75,75,75,75,75,75,75,75,75,75,75,75,75,75,75,75,75],"card_choices":[{"not_picked":["mysticmod:BladeMaster","mysticmod:PunishingArmor"],"picked":"mysticmod:PowerSlash","floor":1},{"not_picked":["Midas Touch","Purity"],"picked":"Replay:Parry","floor":3},{"not_picked":["mysticmod:Dedication","mysticmod:Daze"],"picked":"mysticmod:PowerAttack","floor":4},{"not_picked":["mysticmod:Riposte","mysticmod:PowerAttack"],"picked":"mysticmod:ComponentsPouch","floor":6},{"not_picked":["mysticmod:Daze","mysticmod:Sideswipe","mysticmod:ChargedParry"],"picked":"SKIP","floor":8},{"not_picked":["mysticmod:BladeMaster","mysticmod:VorpalThrust","mysticmod:Dedication"],"picked":"SKIP","floor":11},{"not_picked":["mysticmod:Riposte","mysticmod:BladedDash"],"picked":"mysticmod:Probe","floor":13},{"not_picked":["mysticmod:PowerSlash","mysticmod:LightningBolt"],"picked":"mysticmod:EarthenWall","floor":14},{"not_picked":["mysticmod:KnowledgePool","mysticmod:Disintegrate"],"picked":"mysticmod:GeminiForm","floor":16},{"not_picked":["mysticmod:Probe","mysticmod:CureLightWounds"],"picked":"mysticmod:KeenEdge","floor":18},{"not_picked":["mysticmod:FloatingDisk","mysticmod:BulkUp"],"picked":"mysticmod:Probe","floor":21}],"player_experience":411245,"relics_obtained":[{"floor":6,"key":"Boot"},{"floor":8,"key":"Tiny Chest"},{"floor":9,"key":"White Beast Statue"},{"floor":14,"key":"Centennial Puzzle"},{"floor":22,"key":"Shuriken"}],"event_choices":[{"damage_healed":0,"gold_gain":1,"player_choice":"1","damage_taken":0,"max_hp_gain":0,"max_hp_loss":0,"event_name":"betterStone:BetterStone","floor":3,"gold_loss":0},{"damage_healed":0,"gold_gain":0,"player_choice":"RE ","damage_taken":20,"relics_obtained":["aspiration:HiddenCompartment"],"max_hp_gain":0,"max_hp_loss":0,"event_name":"betterSkull:BetterSkull","floor":20,"gold_loss":0,"cards_upgraded":[]}],"is_beta":false,"boss_relics":[{"not_picked":["halation:PlatinumPhoenix","halation:CatFaceCupcake"],"picked":"Replay:Bronze Core"}],"items_purged_floors":[],"is_endless":false,"potions_floor_spawned":[1,4,11,13,14,16,18,21],"killed_by":"Gensokyo:Tenshi","ascension_level":20}}