{"host":"bbjnqymry46jz0fa","time":1608302353,"event":{"mods":["BaseMod","DeckTracker","Minty Spire (QoL Compilation)","Quick Restart","StSLib","SuperFastMode"],"gold_per_floor":[211,229,229,229,229,229,249,249,296,296,317,356,356,377,377,468,468,481,481,522,26,40,40,40,40,40,55,80,94,19,33,33,33,33],"floor_reached":33,"playtime":1195,"items_purged":["Strike_G"],"score":544,"play_id":"7cdfb775-3f8f-40b5-850c-28d2efca90af","local_time":"20201218233913","is_ascension_mode":true,"campfire_choices":[{"data":"Prepared","floor":6.0,"key":"SMITH"},{"data":"Blade Dance","floor":8.0,"key":"SMITH"},{"floor":13.0,"key":"REST"},{"data":"Calculated Gamble","floor":15.0,"key":"SMITH"},{"floor":23,"key":"REST"},{"data":"Acrobatics","floor":25,"key":"SMITH"},{"floor":32,"key":"REST"}],"circlet_count":0,"master_deck":["AscendersBane","Strike_G","Strike_G","Strike_G","Strike_G","Defend_G","Defend_G","Defend_G","Defend_G","Survivor","Neutralize","Dagger Throw","Prepared+1","Blade Dance+1","PiercingWail","Eviscerate","Calculated Gamble+1","Malaise","After Image","Acrobatics","Acrobatics+1","Well Laid Plans","Venomology","Tactician"],"relics":["Ring of the Snake","Golden Idol","Pen Nib","Toy Ornithopter","Dream Catcher","Philosopher\u0027s Stone","Red Mask","Sundial"],"acts_visited":["Exordium","TheCity"],"potions_floor_usage":[16,16,28,29,29,29,31,31,33],"damage_taken":[{"damage":1.0,"enemies":"Small Slimes","floor":1.0,"turns":4.0},{"damage":12.0,"enemies":"Jaw Worm","floor":2.0,"turns":5.0},{"damage":0.0,"enemies":"2 Louse","floor":7.0,"turns":3.0},{"damage":0.0,"enemies":"Large Slime","floor":11.0,"turns":3.0},{"damage":40.0,"enemies":"3 Sentries","floor":12.0,"turns":11.0},{"damage":0.0,"enemies":"Exordium Wildlife","floor":14.0,"turns":2.0},{"damage":35,"enemies":"Hexaghost","floor":16,"turns":14},{"damage":25,"enemies":"2 Thieves","floor":18,"turns":3},{"damage":8,"enemies":"Masked Bandits","floor":20,"turns":3},{"damage":10,"enemies":"Shell Parasite","floor":22,"turns":3},{"damage":10,"enemies":"Snecko","floor":27,"turns":5},{"damage":3,"enemies":"Centurion and Healer","floor":28,"turns":5},{"damage":28,"enemies":"Chosen and Byrds","floor":29,"turns":9},{"damage":17,"enemies":"Snecko","floor":31,"turns":7},{"damage":26,"enemies":"Collector","floor":33,"turns":5}],"seed_played":"2622084917571458547","potions_obtained":[{"floor":2.0,"key":"Strength Potion"},{"floor":7.0,"key":"SpeedPotion"},{"floor":12.0,"key":"BlessingOfTheForge"},{"floor":16,"key":"Dexterity Potion"},{"floor":20,"key":"Poison Potion"},{"floor":29,"key":"Energy Potion"}],"is_trial":false,"path_per_floor":["M","M","?","?","?","R","M","R","T","?","M","E","R","M","R","B",null,"M","?","?","$","M","R","$","R","T","M","M","M","$","M","R","B"],"character_chosen":"THE_SILENT","items_purchased":["Sundial","After Image","Acrobatics"],"campfire_rested":3,"item_purchase_floors":[21,21,21],"current_hp_per_floor":[58,46,46,20,20,20,20,20,20,40,40,5,23,23,23,8,47,22,22,14,14,4,22,22,22,22,12,14,10,10,3,21,0,0],"gold":33,"neow_bonus":"HUNDRED_GOLD","is_daily":false,"chose_seed":false,"campfire_upgraded":4,"win_rate":0.0,"timestamp":1608302353,"path_taken":["M","M","?","?","?","R","M","R","T","?","M","E","R","?","R","BOSS","M","?","?","$","M","R","?","R","T","M","M","M","$","M","R","BOSS"],"items_purchased_type":["Relic","Card","Card"],"build_version":"2020-12-13","purchased_purges":1,"victory":false,"max_hp_per_floor":[66,66,60,60,60,60,60,60,60,60,60,60,60,60,60,60,60,60,60,60,60,60,60,60,60,60,60,60,60,60,60,60,60,60],"card_choices":[{"not_picked":["Bane","Setup"],"picked":"Dagger Throw","floor":1.0},{"not_picked":["Leg Sweep","Deflect"],"picked":"Prepared","floor":2.0},{"not_picked":["Skewer","Dagger Throw"],"picked":"Blade Dance","floor":7.0},{"not_picked":["Cloak And Dagger","Caltrops"],"picked":"PiercingWail","floor":11.0},{"not_picked":["Deflect","Skewer"],"picked":"Eviscerate","floor":12.0},{"not_picked":["PiercingWail","Dagger Spray"],"picked":"Calculated Gamble","floor":13.0},{"not_picked":["Backflip","Unload","Slice"],"picked":"SKIP","floor":14.0},{"not_picked":["Glass Knife","Wraith Form v2"],"picked":"Malaise","floor":16},{"not_picked":["Outmaneuver","Flying Knee","Backflip"],"picked":"SKIP","floor":18},{"not_picked":["Poisoned Stab","Outmaneuver"],"picked":"Acrobatics","floor":22},{"not_picked":["Backflip","Dash"],"picked":"Well Laid Plans","floor":23},{"not_picked":["Backstab","Blade Dance"],"picked":"Venomology","floor":27},{"not_picked":["Noxious Fumes","Poisoned Stab+1"],"picked":"Tactician","floor":28},{"not_picked":["Bane","Calculated Gamble","Blade Dance+1"],"picked":"SKIP","floor":29},{"not_picked":["Blade Dance","Setup","Backstab"],"picked":"SKIP","floor":31}],"player_experience":714033,"relics_obtained":[{"floor":9.0,"key":"Toy Ornithopter"},{"floor":12.0,"key":"Dream Catcher"},{"floor":20,"key":"Red Mask"}],"event_choices":[{"damage_healed":0.0,"max_hp_gain":0.0,"max_hp_loss":6.0,"gold_gain":0.0,"event_name":"Golden Idol","player_choice":"Lose Max HP","floor":3.0,"gold_loss":0.0,"damage_taken":0.0,"relics_obtained":["Golden Idol"]},{"damage_healed":0.0,"max_hp_gain":0.0,"max_hp_loss":0.0,"gold_gain":0.0,"event_name":"Scrap Ooze","player_choice":"Success","floor":4.0,"gold_loss":0.0,"damage_taken":26.0,"relics_obtained":["Pen Nib"]},{"cards_removed":["Defend_G"],"damage_healed":0.0,"max_hp_gain":0.0,"max_hp_loss":0.0,"gold_gain":0.0,"event_name":"Living Wall","player_choice":"Forget","floor":5.0,"gold_loss":0.0,"damage_taken":0.0},{"damage_healed":20.0,"max_hp_gain":0.0,"max_hp_loss":0.0,"gold_gain":0.0,"event_name":"Big Fish","player_choice":"Banana","floor":10.0,"gold_loss":0.0,"damage_taken":0.0},{"damage_healed":0,"gold_gain":0,"player_choice":"Ignored","damage_taken":0,"max_hp_gain":0,"max_hp_loss":0,"event_name":"Vampires","floor":19,"gold_loss":0},{"damage_healed":0,"gold_gain":0,"player_choice":"Fought Bandits","damage_taken":0,"max_hp_gain":0,"max_hp_loss":0,"event_name":"Masked Bandits","floor":20,"gold_loss":0}],"is_beta":false,"boss_relics":[{"not_picked":["Sozu","Velvet Choker"],"picked":"Philosopher\u0027s Stone"}],"items_purged_floors":[30],"is_endless":false,"potions_floor_spawned":[2,7,12,16,20,22,29],"killed_by":"Collector","ascension_level":20}}