{"host":"qwttrqaysb380yri","time":1608328881,"event":{"mods":["BaseMod","Custom Start","Minty Spire (QoL Compilation)","Permanent Neow","Puzzle Mod","Relic Stats","StSLib","The Cursed","The Hierophant"],"gold_per_floor":[114,124,139,139,139,139,139,139,139,172,193,268,294,322,322,407,407,435,435,462,483,499,499,499,511,511,6,6,26,26,46,46,101,101,121,142,66,0,0,30,30,71,71,71,99,111,137,172,172,148],"floor_reached":51,"playtime":1773,"items_purged":["Writhe"],"score":1532,"play_id":"a3c2d9d4-c551-4740-9961-6b7afc738611","local_time":"20201218230121","is_ascension_mode":true,"campfire_choices":[{"data":"hierophant:HammerAndAnvil","floor":6,"key":"SMITH"},{"data":"hierophant:FlamingChariot","floor":8,"key":"SMITH"},{"data":"hierophant:ChurchCoffers","floor":15,"key":"SMITH"},{"floor":23,"key":"REST"},{"data":"hierophant:Chorus","floor":32,"key":"SMITH"},{"data":"hierophant:MirrorShield","floor":41,"key":"SMITH"},{"data":"hierophant:MirrorShield","floor":44,"key":"SMITH"},{"data":"hierophant:Encroach","floor":49,"key":"SMITH"}],"circlet_count":0,"master_deck":["AscendersBane","hierophant:Strike_Hierophant","hierophant:Strike_Hierophant","hierophant:Punish","hierophant:Defend_Hierophant","hierophant:Defend_Hierophant","hierophant:Defend_Hierophant","hierophant:Defend_Hierophant","hierophant:ChurchCoffers+1","Trip","hierophant:HammerAndAnvil+1","hierophant:Racketeering","hierophant:Zeal","hierophant:FlamingChariot+1","hierophant:Doubloon","hierophant:ConvertCurrency","hierophant:RepressedViolence","hierophant:MirrorShield+1","hierophant:Smite","hierophant:Kindle","hierophant:HammerAndAnvil","hierophant:FlamingChariot+1","hierophant:Shelter","hierophant:Mercenaries","hierophant:MirrorShield+1","hierophant:HammerAndAnvil","hierophant:MirrorShield","hierophant:Chorus+1","hierophant:Glossolalia","hierophant:Encroach","hierophant:Encroach+1"],"relics":["hierophant:PropheticMaskRelic","Bloody Idol","Letter Opener","Incense Burner","Darkstone Periapt","Philosopher\u0027s Stone","Centennial Puzzle","Mercury Hourglass","StoneCalendar","Molten Egg 2","Bag of Marbles","Sozu","Red Mask","Pantograph","Juzu Bracelet","Kunai","Ornamental Fan","Toy Ornithopter"],"acts_visited":["Exordium","TheCity","TheBeyond"],"potions_floor_usage":[13,16,16,25,25,33,50],"damage_taken":[{"damage":4,"enemies":"Jaw Worm","floor":1,"turns":3},{"damage":2,"enemies":"2 Louse","floor":2,"turns":3},{"damage":6,"enemies":"Small Slimes","floor":3,"turns":3},{"damage":6,"enemies":"Looter","floor":7,"turns":2},{"damage":0,"enemies":"Lagavulin","floor":10,"turns":3},{"damage":9,"enemies":"Exordium Thugs","floor":11,"turns":4},{"damage":0,"enemies":"3 Sentries","floor":13,"turns":1},{"damage":0,"enemies":"3 Louse","floor":14,"turns":2},{"damage":3,"enemies":"Slime Boss","floor":16,"turns":7},{"damage":12,"enemies":"3 Byrds","floor":18,"turns":2},{"damage":13,"enemies":"Shell Parasite","floor":20,"turns":2},{"damage":20,"enemies":"Cultist and Chosen","floor":21,"turns":5},{"damage":12,"enemies":"Sentry and Sphere","floor":22,"turns":3},{"damage":7,"enemies":"Slavers","floor":25,"turns":3},{"damage":1,"enemies":"Centurion and Healer","floor":29,"turns":4},{"damage":0,"enemies":"Shelled Parasite and Fungi","floor":31,"turns":4},{"damage":33,"enemies":"Collector","floor":33,"turns":7},{"damage":8,"enemies":"3 Shapes","floor":35,"turns":2},{"damage":2,"enemies":"3 Darklings","floor":36,"turns":4},{"damage":41,"enemies":"Nemesis","floor":40,"turns":5},{"damage":0,"enemies":"Reptomancer","floor":42,"turns":3},{"damage":9,"enemies":"Giant Head","floor":45,"turns":5},{"damage":0,"enemies":"Writhing Mass","floor":46,"turns":4},{"damage":0,"enemies":"4 Shapes","floor":47,"turns":3},{"damage":3,"enemies":"Nemesis","floor":48,"turns":3},{"damage":34,"enemies":"Awakened One","floor":50,"turns":6}],"seed_played":"4757094174986365098","potions_obtained":[{"floor":2,"key":"ColorlessPotion"},{"floor":3,"key":"DistilledChaos"},{"floor":13,"key":"DistilledChaos"},{"floor":20,"key":"Dexterity Potion"},{"floor":22,"key":"AttackPotion"},{"floor":31,"key":"Swift Potion"},{"floor":33,"key":"Dexterity Potion"}],"is_trial":false,"path_per_floor":["M","M","M","?","?","R","M","R","T","E","M","?","E","M","R","B",null,"M","?","M","M","M","R","?","E","T","$","?","M","?","M","R","B",null,"M","M","$","?","?","E","R","E","T","R","E","M","M","E","R","B",null],"character_chosen":"HIEROPHANT","items_purchased":["hierophant:HammerAndAnvil","Molten Egg 2","Bag of Marbles","hierophant:Glossolalia"],"campfire_rested":1,"item_purchase_floors":[27,27,27,37],"current_hp_per_floor":[64,62,56,56,56,56,50,50,50,50,41,30,30,30,30,27,58,46,46,33,13,1,21,27,20,20,20,20,29,29,39,39,11,58,60,68,68,68,68,32,32,42,42,42,38,43,53,60,60,40],"gold":148,"neow_bonus":"RANDOM_COLORLESS","is_daily":false,"chose_seed":false,"campfire_upgraded":7,"win_rate":0.0,"timestamp":1608328881,"path_taken":["M","M","M","?","?","R","M","R","T","E","M","?","E","M","R","BOSS","M","?","?","M","M","R","?","E","T","$","?","M","?","M","R","BOSS","M","?","$","?","?","E","R","E","T","R","E","M","M","E","R","BOSS"],"items_purchased_type":["Card","Relic","Relic","Card"],"build_version":"2020-12-13","purchased_purges":1,"victory":true,"max_hp_per_floor":[75,75,75,68,68,68,68,68,68,68,68,68,68,68,68,68,68,68,68,68,68,68,68,74,74,74,74,74,74,74,74,74,74,74,74,74,74,74,74,74,74,74,74,74,74,74,74,74,74,74],"relic_stats":{"Darkstone Periapt":6,"counters":[26,93],"StoneCalendar":[52],"Juzu Bracelet":0,"Letter Opener":[241],"Mercury Hourglass":[192],"Sozu":4,"Centennial Puzzle":[27],"Ornamental Fan":[8],"Bloody Idol":90,"Pantograph":14,"Kunai":[3],"obtain_stats":[{"Darkstone Periapt":13,"Golden Idol":4,"hierophant:PropheticMaskRelic":0,"StoneCalendar":26,"Incense Burner":10,"Juzu Bracelet":42,"Letter Opener":9,"Mercury Hourglass":25,"Sozu":34,"Centennial Puzzle":24,"Ornamental Fan":45,"Bloody Idol":28,"Pantograph":40,"Philosopher\u0027s Stone":17,"Molten Egg 2":27,"Bag of Marbles":27,"Red Mask":38,"Kunai":43,"Toy Ornithopter":48},{"Darkstone Periapt":7,"Golden Idol":3,"hierophant:PropheticMaskRelic":0,"StoneCalendar":14,"Incense Burner":5,"Juzu Bracelet":21,"Letter Opener":4,"Mercury Hourglass":14,"Sozu":17,"Centennial Puzzle":13,"Ornamental Fan":22,"Bloody Idol":14,"Pantograph":20,"Philosopher\u0027s Stone":9,"Molten Egg 2":14,"Bag of Marbles":14,"Red Mask":19,"Kunai":21,"Toy Ornithopter":25},{"Darkstone Periapt":19,"Golden Idol":9,"hierophant:PropheticMaskRelic":0,"StoneCalendar":43,"Incense Burner":14,"Juzu Bracelet":72,"Letter Opener":11,"Mercury Hourglass":43,"Sozu":58,"Centennial Puzzle":40,"Ornamental Fan":77,"Bloody Idol":43,"Pantograph":69,"Philosopher\u0027s Stone":28,"Molten Egg 2":43,"Bag of Marbles":43,"Red Mask":64,"Kunai":72,"Toy Ornithopter":87}],"Toy Ornithopter":0},"card_choices":[{"not_picked":["Blind","Enlightenment"],"picked":"Trip","floor":0},{"not_picked":["hierophant:HolyVerse","hierophant:Zeal"],"picked":"hierophant:HammerAndAnvil","floor":1},{"not_picked":["hierophant:RecallFunds","hierophant:Sermon"],"picked":"hierophant:Racketeering","floor":2},{"not_picked":["hierophant:CoinFling","hierophant:FieryStrike"],"picked":"hierophant:Zeal","floor":3},{"not_picked":["hierophant:Empathy","hierophant:Exaltation"],"picked":"hierophant:FlamingChariot","floor":7},{"not_picked":["hierophant:Blessing","hierophant:OrnateJavelin"],"picked":"hierophant:ConvertCurrency","floor":10},{"not_picked":["hierophant:RecallFunds","hierophant:MorningPrayer"],"picked":"hierophant:RepressedViolence","floor":11},{"not_picked":["hierophant:Patience","hierophant:CoinFling"],"picked":"hierophant:MirrorShield","floor":13},{"not_picked":["hierophant:FlamingChariot","hierophant:Remorse"],"picked":"hierophant:Smite","floor":14},{"not_picked":["hierophant:Generosity","hierophant:LocustPlague"],"picked":"hierophant:Kindle","floor":16},{"not_picked":["hierophant:Mercenaries","hierophant:SecretStash"],"picked":"hierophant:HammerAndAnvil","floor":18},{"not_picked":["hierophant:HolyVerse","hierophant:Smite+1"],"picked":"hierophant:FlamingChariot+1","floor":20},{"not_picked":["hierophant:SealAway","hierophant:TollTheBells"],"picked":"hierophant:Shelter","floor":21},{"not_picked":["hierophant:Bribe","hierophant:Doubloon"],"picked":"hierophant:Mercenaries","floor":22},{"not_picked":["hierophant:Sermon","hierophant:Empathy"],"picked":"hierophant:MirrorShield","floor":25},{"not_picked":["hierophant:FaithHealing","hierophant:Mercenaries+1"],"picked":"hierophant:MirrorShield","floor":29},{"not_picked":["hierophant:HammerAndAnvil","hierophant:Martyrdom","hierophant:RustyCrate+1"],"picked":"SKIP","floor":31},{"not_picked":["hierophant:PassingBell+1","hierophant:Doubloon","hierophant:Martyrdom"],"picked":"SKIP","floor":35},{"not_picked":["hierophant:RepressedViolence+1","hierophant:EyeForCoin","hierophant:ThreeLashes+1"],"picked":"SKIP","floor":36},{"not_picked":["hierophant:Dazzle+1","hierophant:HammerAndAnvil","hierophant:OrnateBuckler+1"],"picked":"SKIP","floor":40},{"not_picked":["hierophant:Determination","hierophant:Martyrdom+1"],"picked":"hierophant:Encroach","floor":42},{"not_picked":["hierophant:Remorse+1","hierophant:TollTheBells","hierophant:FieryStrike+1"],"picked":"SKIP","floor":45},{"not_picked":["hierophant:Zeal+1","hierophant:AuricBeam+1","hierophant:PristineSoul"],"picked":"SKIP","floor":46},{"not_picked":["hierophant:Zeal+1","hierophant:FaithHealing"],"picked":"hierophant:Encroach","floor":47},{"not_picked":["hierophant:Prophecy+1","hierophant:ThreeLashes+1","hierophant:Martyrdom"],"picked":"SKIP","floor":48}],"player_experience":1884084,"relics_obtained":[{"floor":9,"key":"Letter Opener"},{"floor":10,"key":"Incense Burner"},{"floor":13,"key":"Darkstone Periapt"},{"floor":25,"key":"Mercury Hourglass"},{"floor":26,"key":"StoneCalendar"},{"floor":40,"key":"Pantograph"},{"floor":42,"key":"Juzu Bracelet"},{"floor":43,"key":"Kunai"},{"floor":45,"key":"Ornamental Fan"},{"floor":48,"key":"Toy Ornithopter"}],"event_choices":[{"damage_healed":0,"gold_gain":0,"player_choice":"Lose Max HP","damage_taken":0,"relics_obtained":["Golden Idol"],"max_hp_gain":0,"max_hp_loss":7,"event_name":"Golden Idol","floor":4,"gold_loss":0},{"damage_healed":0,"gold_gain":0,"player_choice":"Ignored","damage_taken":0,"max_hp_gain":0,"max_hp_loss":0,"event_name":"Liars Game","floor":5,"gold_loss":0},{"damage_healed":0,"gold_gain":75,"player_choice":"Gather Gold","damage_taken":11,"max_hp_gain":0,"max_hp_loss":0,"event_name":"World of Goop","floor":12,"gold_loss":0},{"cards_removed":["hierophant:Strike_Hierophant"],"damage_healed":0,"gold_gain":0,"player_choice":"Card Removal","damage_taken":0,"max_hp_gain":0,"max_hp_loss":0,"event_name":"Wheel of Change","floor":19,"gold_loss":0},{"damage_healed":0,"gold_gain":0,"player_choice":"Opened","damage_taken":0,"relics_obtained":["Centennial Puzzle"],"max_hp_gain":0,"max_hp_loss":0,"event_name":"The Mausoleum","floor":24,"gold_loss":0,"cards_obtained":["Writhe"]},{"damage_healed":0,"gold_gain":0,"player_choice":"Gave Idol","damage_taken":0,"relics_obtained":["Bloody Idol"],"max_hp_gain":0,"max_hp_loss":0,"event_name":"Forgotten Altar","floor":28,"relics_lost":["Golden Idol"],"gold_loss":0},{"damage_healed":0,"gold_gain":0,"cards_transformed":["hierophant:Strike_Hierophant"],"player_choice":"Transformed","damage_taken":0,"max_hp_gain":0,"max_hp_loss":0,"event_name":"Transmorgrifier","floor":30,"gold_loss":0,"cards_obtained":["hierophant:Chorus"]},{"damage_healed":0,"gold_gain":0,"player_choice":"Paid","damage_taken":0,"relics_obtained":["Red Mask"],"max_hp_gain":0,"max_hp_loss":0,"event_name":"Tomb of Lord Red Mask","floor":38,"gold_loss":66},{"damage_healed":0,"gold_gain":0,"player_choice":"Ignored","damage_taken":0,"max_hp_gain":0,"max_hp_loss":0,"event_name":"SecretPortal","floor":39,"gold_loss":0}],"is_beta":false,"boss_relics":[{"not_picked":["Velvet Choker","Black Star"],"picked":"Philosopher\u0027s Stone"},{"not_picked":["Coffee Dripper","SacredBark"],"picked":"Sozu"}],"items_purged_floors":[27],"is_endless":false,"potions_floor_spawned":[2,3,11,13,14,20,22,31,33,35,36,46,47],"ascension_level":15}}