{"host":"hvwa7s69zr612rn1","time":1608252677,"event":{"mods":["BaseMod","Colored Map","Colored Powertips","Downfall","Minty Spire (QoL Compilation)","StSLib"],"gold_per_floor":[99,118,136,136,155,155,179,179,208,208,221,236,250,85,100,100,100],"floor_reached":16,"playtime":1253,"items_purged":["champ:Strike"],"score":104,"play_id":"bb27a46c-06c8-4ccb-be3a-eec56e2bec5a","local_time":"20201218115117","is_ascension_mode":false,"campfire_choices":[{"data":"champ:Taunt","floor":1,"key":"SMITH"},{"data":"champ:Execute","floor":4,"key":"SMITH"},{"data":"champ:PreciseThrust","floor":6,"key":"SMITH"},{"data":"champ:FocusedGladiator","floor":10,"key":"SMITH"}],"circlet_count":0,"master_deck":["champ:Strike","champ:Strike","champ:Strike","champ:Defend","champ:Defend","champ:Defend","champ:Defend","champ:Execute+1","champ:Taunt+1","champ:FaceSlap","champ:FocusedGladiator+1","champ:PreciseThrust+1","champ:GladiatorStyle","champ:PreciseThrust","champ:Riposte","champ:StrikeOfGenius","champ:IronFortress"],"relics":["champ:ChampionCrown","Ancient Tea Set","Art of War"],"acts_visited":["Exordium"],"potions_floor_usage":[14,16,16],"damage_taken":[{"damage":5,"enemies":"Small Slimes","floor":2,"turns":3},{"damage":5,"enemies":"Cultist","floor":3,"turns":3},{"damage":15,"enemies":"Jaw Worm","floor":5,"turns":4},{"damage":25,"enemies":"Lagavulin","floor":9,"turns":8},{"damage":3,"enemies":"2 Fungi Beasts","floor":11,"turns":4},{"damage":12,"enemies":"Exordium Wildlife","floor":12,"turns":5},{"damage":6,"enemies":"Large Slime","floor":13,"turns":6},{"damage":7,"enemies":"downfall:FleeingMerchant","floor":14,"turns":4},{"damage":13,"enemies":"2 Fungi Beasts","floor":15,"turns":4},{"damage":60,"enemies":"downfall:Defect","floor":16,"turns":6}],"seed_played":"-3821878802041338281","potions_obtained":[{"floor":3,"key":"Weak Potion"},{"floor":9,"key":"Slimebound:ThreeZeroPotion"},{"floor":11,"key":"Swift Potion"}],"is_trial":false,"path_per_floor":["R","M","M","R","M","R","T","?","E","R","M","M","M","$","M","B"],"character_chosen":"THE_CHAMP","items_purchased":["champ:IronFortress"],"campfire_rested":0,"item_purchase_floors":[14],"current_hp_per_floor":[99,99,99,99,89,89,89,84,74,74,71,59,58,56,43,0,0],"gold":100,"neow_bonus":"TEN_PERCENT_HP_BONUS","is_daily":false,"chose_seed":false,"campfire_upgraded":4,"win_rate":0.0,"timestamp":1608252677,"path_taken":["R","M","M","R","M","R","T","?","E","R","M","?","M","?","M","BOSS"],"items_purchased_type":["Card"],"build_version":"2020-12-13","purchased_purges":1,"victory":false,"max_hp_per_floor":[99,99,99,99,99,99,99,99,99,99,99,99,99,99,99,99,99],"card_choices":[{"not_picked":["champ:Shatter","champ:TornadoPunch"],"picked":"champ:FaceSlap","floor":2},{"not_picked":["champ:BerserkerStyle","champ:AdrenalArmor"],"picked":"champ:FocusedGladiator","floor":3},{"not_picked":["champ:CrookedStrike","champ:Haymaker"],"picked":"champ:PreciseThrust","floor":5},{"not_picked":["champ:RapidStrikes","champ:BringItOn"],"picked":"champ:GladiatorStyle","floor":9},{"not_picked":["champ:GutPunch","champ:CrookedStrike"],"picked":"champ:PreciseThrust","floor":11},{"not_picked":["champ:GutPunch","champ:Circumvent","champ:Backstep"],"picked":"SKIP","floor":12},{"not_picked":["champ:FaceSlap","champ:BerserkersShout"],"picked":"champ:Riposte","floor":13},{"not_picked":["champ:DefensiveShout","champ:CrookedStrike"],"picked":"champ:StrikeOfGenius","floor":14},{"not_picked":["champ:BerserkerStyle","champ:Shatter","champ:BerserkersShout"],"picked":"SKIP","floor":15}],"player_experience":375630,"relics_obtained":[{"floor":7,"key":"Ancient Tea Set"},{"floor":9,"key":"Art of War"}],"event_choices":[],"is_beta":false,"boss_relics":[],"items_purged_floors":[14],"is_endless":false,"potions_floor_spawned":[3,9,11,12],"killed_by":"downfall:Defect","ascension_level":0}}