{"host":"nieu49hsh1dm9v6n","time":1608319480,"event":{"mods":["Aspiration","BaseMod","Better Third Choice","Hubris","Minty Spire (QoL Compilation)","StSLib","vexMod"],"gold_per_floor":[116,47,47,64,14,44,44,63,88,88,88,131,153,197,197,278,278,300,275,298,20,20,20,58,79,106,106,106,46,46,80,80,117,117,236,258,282,310,334,334,376,376,385,417,417,417,417,436,436,436,436],"floor_reached":50,"playtime":3606,"items_purged":["Strike_B"],"score":1030,"play_id":"a3806868-70ac-4309-9eec-007db931e749","local_time":"20201218202440","is_ascension_mode":true,"campfire_choices":[{"data":"Dualcast","floor":7,"key":"SMITH"},{"data":"White Noise","floor":10,"key":"SMITH"},{"floor":15,"key":"REST"},{"floor":23,"key":"REST"},{"floor":28,"key":"REST"},{"floor":32,"key":"REST"},{"data":"Defragment","floor":40,"key":"SMITH"},{"data":"Echo Form","floor":46,"key":"SMITH"},{"data":"Rainbow","floor":49,"key":"SMITH"}],"circlet_count":0,"master_deck":["AscendersBane","Strike_B","Strike_B","Defend_B","Defend_B","Defend_B","Defend_B","Zap+1","Dualcast+1","Sweeping Beam","Hyperbeam","Ball Lightning","Chill","White Noise+1","Leap","Conserve Battery","Echo Form+1","Creative AI","aspiration:Polymerization","Ball Lightning","Glacier","Chill","Defragment+1","hubris:PowerSurge","Conserve Battery+1","Rainbow+1","Chaos+1","Hologram+1","Hologram+1","Defragment+1","BootSequence","Hologram+1","hubris:Disease"],"relics":["Cracked Core","NeowsBlessing","hubris:BottledRain","CeramicFish","hubris:Icosahedron","hubris:SlimyHat","Omamori","Cursed Key","DataDisk","hubris:PeanutButter","Boot","Nilry\u0027s Codex","aspiration:EnhancedActuators","vexMod:MysteryBossChallenge","vexMod:BigBerry","aspiration:Headhunter","Toy Ornithopter","Art of War"],"acts_visited":["Exordium","TheCity","TheBeyond"],"potions_floor_usage":[12,12,12,18,18,31,50,50],"damage_taken":[{"damage":0,"enemies":"Cultist","floor":1,"turns":1},{"damage":0,"enemies":"2 Louse","floor":4,"turns":1},{"damage":0,"enemies":"Lagavulin","floor":6,"turns":1},{"damage":2,"enemies":"Jaw Worm","floor":8,"turns":2},{"damage":15,"enemies":"Gremlin Nob","floor":12,"turns":3},{"damage":11,"enemies":"Looter","floor":13,"turns":2},{"damage":9,"enemies":"3 Sentries","floor":14,"turns":4},{"damage":22,"enemies":"Hexaghost","floor":16,"turns":9},{"damage":7,"enemies":"Chosen","floor":18,"turns":4},{"damage":23,"enemies":"Spheric Guardian","floor":20,"turns":6},{"damage":1,"enemies":"Gremlin Leader","floor":24,"turns":7},{"damage":13,"enemies":"Snake Plant","floor":25,"turns":5},{"damage":0,"enemies":"Book of Stabbing","floor":31,"turns":7},{"damage":22,"enemies":"Champ","floor":33,"turns":10},{"damage":1,"enemies":"3 Shapes","floor":35,"turns":6},{"damage":3,"enemies":"Orb Walker","floor":36,"turns":3},{"damage":6,"enemies":"Sphere and 2 Shapes","floor":37,"turns":6},{"damage":6,"enemies":"Maw","floor":38,"turns":6},{"damage":4,"enemies":"Spire Growth","floor":39,"turns":6},{"damage":22,"enemies":"Nemesis","floor":41,"turns":8},{"damage":32,"enemies":"Giant Head","floor":44,"turns":13},{"damage":30,"enemies":"Jaw Worm Horde","floor":48,"turns":5},{"damage":73,"enemies":"hubris:GrandSnecko","floor":50,"turns":13}],"seed_played":"706273559390948037","potions_obtained":[{"floor":4,"key":"EssenceOfSteel"},{"floor":6,"key":"EntropicBrew"},{"floor":12,"key":"Dexterity Potion"},{"floor":18,"key":"Fruit Juice"},{"floor":25,"key":"AttackPotion"},{"floor":31,"key":"FocusPotion"}],"is_trial":false,"path_per_floor":["M","$","?","M","?","E","R","M","T","R","?","E","M","E","R","B",null,"M","?","M","$","?","R","E","M","T","?","R","$","$","E","R","B",null,"M","M","M","M","M","R","E","?","T","E","?","R","?","M","R","B"],"character_chosen":"DEFECT","items_purchased":["Hyperbeam","DataDisk","Glacier","hubris:PowerSurge"],"campfire_rested":4,"item_purchase_floors":[2,21,21,29],"current_hp_per_floor":[64,64,64,64,64,64,64,62,62,62,62,47,36,27,48,26,60,58,58,35,35,9,31,30,17,17,1,23,23,23,23,45,23,93,92,103,100,94,90,90,68,68,68,36,93,93,88,58,58,0,0],"gold":436,"neow_bonus":"THREE_ENEMY_KILL","is_daily":false,"chose_seed":false,"campfire_upgraded":5,"win_rate":0.0,"timestamp":1608319480,"path_taken":["M","?","?","M","?","E","R","M","T","R","?","E","M","E","R","BOSS","M","?","M","$","?","R","E","M","T","?","R","?","$","E","R","BOSS","M","M","M","M","M","R","E","?","T","E","?","R","?","M","R","BOSS"],"items_purchased_type":["Card","Relic","Card","Card"],"build_version":"2020-12-13","purchased_purges":1,"victory":false,"max_hp_per_floor":[71,71,71,71,71,71,71,71,71,71,71,71,71,71,71,71,71,76,76,76,76,76,76,76,76,76,76,76,76,76,76,76,76,106,106,106,106,106,106,106,106,106,106,106,93,93,88,88,88,88,88],"card_choices":[{"not_picked":["Beam Cell","Auto Shields"],"picked":"Sweeping Beam","floor":1},{"not_picked":["Turbo","Hologram"],"picked":"Ball Lightning","floor":4},{"not_picked":["Compile Driver","Go for the Eyes"],"picked":"Chill","floor":6},{"not_picked":["Go for the Eyes","Rebound"],"picked":"White Noise","floor":8},{"not_picked":["Reinforced Body","Recycle"],"picked":"Leap","floor":12},{"not_picked":["Scrape","aspiration:Polymerization"],"picked":"Conserve Battery","floor":13},{"not_picked":["FTL","Coolheaded"],"picked":"Echo Form","floor":14},{"not_picked":["hubris:Prefetch","Hyperbeam"],"picked":"Creative AI","floor":16},{"not_picked":["Redo","Aggregate"],"picked":"aspiration:Polymerization","floor":18},{"not_picked":["Beam Cell","Doom and Gloom"],"picked":"Ball Lightning","floor":20},{"not_picked":["Gash","Conserve Battery"],"picked":"Chill","floor":24},{"not_picked":["Leap","Consume"],"picked":"Defragment","floor":25},{"not_picked":["Sweeping Beam","aspiration:Polymerization+1"],"picked":"Conserve Battery+1","floor":31},{"not_picked":["Biased Cognition","Buffer"],"picked":"Rainbow","floor":33},{"not_picked":["Rebound+1","Blizzard"],"picked":"Chaos+1","floor":35},{"not_picked":["Conserve Battery","Steam"],"picked":"Hologram+1","floor":36},{"not_picked":["Lockon","Aggregate"],"picked":"Hologram+1","floor":37},{"not_picked":["hubris:PowerSurge","Cold Snap"],"picked":"Defragment+1","floor":38},{"not_picked":["Self Repair","Turbo"],"picked":"BootSequence","floor":39},{"not_picked":["Barrage+1","Reprogram"],"picked":"Hologram+1","floor":41},{"not_picked":["Compile Driver","Hologram","Scrape"],"picked":"SKIP","floor":44},{"not_picked":["Melter","Rebound","Cold Snap"],"picked":"SKIP","floor":48}],"player_experience":212809,"relics_obtained":[{"floor":6,"key":"hubris:BottledRain"},{"floor":9,"key":"CeramicFish"},{"floor":12,"key":"hubris:SlimyHat"},{"floor":14,"key":"Omamori"},{"floor":24,"key":"hubris:PeanutButter"},{"floor":26,"key":"Boot"},{"floor":27,"key":"Nilry\u0027s Codex"},{"floor":31,"key":"aspiration:EnhancedActuators"},{"floor":41,"key":"aspiration:Headhunter"},{"floor":43,"key":"Toy Ornithopter"},{"floor":44,"key":"Art of War"}],"event_choices":[{"cards_removed":["Strike_B"],"damage_healed":0,"gold_gain":0,"player_choice":"Card Removal","damage_taken":0,"max_hp_gain":0,"max_hp_loss":0,"event_name":"The Cleric","floor":5,"gold_loss":50},{"damage_healed":0,"gold_gain":0,"player_choice":"Obtained Book","damage_taken":16,"max_hp_gain":0,"max_hp_loss":0,"event_name":"Cursed Tome","floor":27,"gold_loss":0},{"damage_healed":93,"gold_gain":0,"player_choice":"Heal","damage_taken":0,"max_hp_gain":0,"max_hp_loss":13,"event_name":"The Moai Head","floor":45,"gold_loss":0},{"damage_healed":0,"gold_gain":0,"player_choice":"Max HP","damage_taken":0,"max_hp_gain":0,"max_hp_loss":5,"event_name":"Winding Halls","floor":47,"gold_loss":0}],"is_beta":false,"boss_relics":[{"not_picked":["hubris:TerracottaHorce","aspiration:Stellarator"],"picked":"Cursed Key"},{"not_picked":["vexMod:TanglingVine","Fusion Hammer"],"picked":"vexMod:MysteryBossChallenge"}],"items_purged_floors":[21],"is_endless":false,"potions_floor_spawned":[4,6,12,13,14,18,25,31,39,41,44],"killed_by":"hubris:GrandSnecko","ascension_level":14}}