{"host":"Teixeira","time":1608309772,"event":{"mods":["2.2 Compatiblity","Aspiration","BaseMod","Better Third Choice","Colored Map","Colored Powertips","Hermit","Minty Spire (QoL Compilation)","Permanent Neow","Rare Cards Sparkle","Relic Filter","Replay The Spire","Spicy Shops","StSLib","SuperFastMode"],"gold_per_floor":[185,185,201,211,211,211,243,254,309,321,321,339,373,126,126,230,230,241,261,461,165,165,192,192,221,221,221,241,241,272,26,26,126,126,136,147,158,58,58,85,85,143,143,172,172,185,185,216,216,216,216],"floor_reached":50,"playtime":5480,"items_purged":["Heavy Blade","Battle Trance","Strike_R","Dual Wield+1"],"score":944,"play_id":"836ce248-ccb3-4c4a-bcc4-e8997ce5d6b6","local_time":"20201218134252","is_ascension_mode":true,"campfire_choices":[{"data":"Armaments","floor":6,"key":"SMITH"},{"data":"Rampage","floor":11,"key":"SMITH"},{"data":"Double Tap","floor":15,"key":"SMITH"},{"data":"True Grit","floor":24,"key":"SMITH"},{"data":"Violence","floor":27,"key":"SMITH"},{"data":"Battle Trance","floor":29,"key":"SMITH"},{"data":"Dual Wield","floor":32,"key":"SMITH"},{"data":"Berserk","floor":41,"key":"SMITH"},{"data":"Pot Of Greed","floor":45,"key":"SMITH"},{"data":"Pot Of Greed","floor":47,"key":"SMITH"},{"floor":49,"key":"REST"}],"circlet_count":0,"master_deck":["Strike_R","Strike_R","Strike_R","Defend_R","Defend_R","Defend_R","Bash","True Grit+1","Armaments+1","Rampage+1","Double Tap+1","Battle Trance+1","Violence+1","Shrug It Off+1","Berserk+1","CurseOfTheBell","Worship","Demon Form","Madness","Madness","Pot Of Greed+1","Pot Of Greed+1","Crescendo+1"],"relics":["Burning Blood","Toy Ornithopter","ReplayTheSpireMod:Ninjato","Replay:Mystery Machine","Letter Opener","Juzu Bracelet","aspiration:SecretTechniqueScroll","Blue Doll","ReplayTheSpireMod:Ring of Challenge","Ring of Panic","Ancient Tea Set","Darkstone Periapt","Question Card","PreservedInsect","Replay:Grab Bag","aspiration:FutureDiary","Philosopher\u0027s Stone","aspiration:WatcherSkillbook","Calling Bell","Nunchaku","aspiration:FetidBarrel","Ginger","Gremlin Horn","Grinning Jar","Divine Protection","Replay:Wax Seal","King of Hearts"],"acts_visited":["Exordium","TheCity","TheBeyond"],"potions_floor_usage":[10,13,33,33,37,40,44,50,50],"damage_taken":[{"damage":5.0,"enemies":"Small Slimes","floor":1.0,"turns":5.0},{"damage":6,"enemies":"Cultist","floor":3,"turns":3},{"damage":6,"enemies":"Jaw Worm","floor":4,"turns":3},{"damage":26,"enemies":"Replay:BlueRogue","floor":7,"turns":5},{"damage":19,"enemies":"Gremlin Gang","floor":8,"turns":6},{"damage":0,"enemies":"Large Slime","floor":10,"turns":4},{"damage":13,"enemies":"2 Fungi Beasts","floor":12,"turns":4},{"damage":15,"enemies":"Lagavulin","floor":13,"turns":5},{"damage":42,"enemies":"Fading Forest","floor":16,"turns":11},{"damage":6,"enemies":"Chosen","floor":18,"turns":3},{"damage":20,"enemies":"2 Thieves","floor":19,"turns":3},{"damage":6,"enemies":"Gremlin Leader","floor":23,"turns":3},{"damage":0,"enemies":"Book of Stabbing","floor":25,"turns":3},{"damage":12,"enemies":"3 Cultists","floor":28,"turns":4},{"damage":12,"enemies":"Cultist and Chosen","floor":30,"turns":5},{"damage":23,"enemies":"Pondfish","floor":33,"turns":11},{"damage":19,"enemies":"3 Shapes","floor":35,"turns":4},{"damage":6,"enemies":"Orb Walker","floor":36,"turns":3},{"damage":0,"enemies":"Transient","floor":37,"turns":5},{"damage":29,"enemies":"R_Hoarder","floor":40,"turns":5},{"damage":36,"enemies":"Reptomancer","floor":44,"turns":5},{"damage":9,"enemies":"3 Darklings","floor":46,"turns":3},{"damage":0,"enemies":"R_Hoarder","floor":48,"turns":5},{"damage":83,"enemies":"Awakened One","floor":50,"turns":5}],"seed_played":"9001039969093385771","potions_obtained":[{"floor":3,"key":"Swift Potion"},{"floor":4,"key":"DistilledChaos"},{"floor":12,"key":"Languid Potion"},{"floor":18,"key":"Fire Potion"},{"floor":23,"key":"Strength Potion"},{"floor":36,"key":"FearPotion"},{"floor":37,"key":"Adrenaline Potion"},{"floor":40,"key":"Ancient Potion"},{"floor":42,"key":"Toxic Potion"}],"is_trial":false,"path_per_floor":["M","?","M","M","T","R","E","M","T","M","R","M","E","$","R","B",null,"M","M","?","$","?","E","R","E","T","R","M","R","M","$","R","B",null,"M","M","M","$","?","E","R","?","T","E","R","M","R","E","R","B"],"character_chosen":"IRONCLAD","items_purchased":["Juzu Bracelet","Battle Trance","Blue Doll","Violence","PreservedInsect","Shrug It Off+1"],"campfire_rested":1,"item_purchase_floors":[14,14,21,21,31,31],"current_hp_per_floor":[80,80,80,80,80,80,60,47,47,58,58,51,47,47,47,21,80,80,66,66,66,66,66,66,72,72,72,66,66,60,60,60,53,86,73,73,84,84,73,55,55,55,55,30,30,27,27,33,58,0,0],"gold":216,"neow_bonus":"REMOVE_CARD","is_daily":false,"chose_seed":false,"campfire_upgraded":10,"win_rate":0.0,"timestamp":1608309772,"path_taken":["M","?","?","M","?","R","E","M","T","M","R","M","E","$","R","BOSS","M","M","?","$","?","E","R","E","T","R","M","R","M","$","R","BOSS","M","M","M","$","?","E","R","?","T","E","R","M","R","E","R","BOSS"],"items_purchased_type":["Relic","Card","Relic","Card","Relic","Card"],"build_version":"2020-11-17","purchased_purges":4,"victory":false,"max_hp_per_floor":[80,80,80,80,80,80,80,80,80,80,80,80,80,80,80,80,80,80,80,80,80,80,80,80,80,80,80,80,80,80,80,80,80,86,86,86,86,86,86,86,86,86,86,86,86,86,86,86,86,86,86],"card_choices":[{"not_picked":["Pommel Strike","Second Wind"],"picked":"Heavy Blade","floor":1},{"not_picked":["Headbutt","True Grit"],"picked":"Armaments","floor":3},{"not_picked":["Iron Wave","Anger"],"picked":"Rampage","floor":4},{"not_picked":["Bloodletting","Ghostly Armor"],"picked":"Double Tap","floor":7},{"not_picked":["Second Wind","Bloodletting","Heavy Blade"],"picked":"SKIP","floor":8},{"not_picked":["Heavy Blade","Cleave","Combust"],"picked":"SKIP","floor":10},{"not_picked":["Iron Wave","Flame Barrier","Dark Embrace"],"picked":"SKIP","floor":12},{"not_picked":["True Grit","Cleave","Armaments"],"picked":"SKIP","floor":13},{"not_picked":["Armaments+1","Infernal Blade","Clothesline+1"],"picked":"SKIP","floor":18},{"not_picked":["Feel No Pain","Clash+1","Second Wind+1"],"picked":"SKIP","floor":19},{"not_picked":["Shrug It Off","Clothesline","Rupture"],"picked":"SKIP","floor":23},{"not_picked":["Uppercut","Headbutt","Flame Barrier"],"picked":"SKIP","floor":25},{"not_picked":["Sword Boomerang","Flame Barrier","Thunderclap","Cleave"],"picked":"SKIP","floor":28},{"not_picked":["Sword Boomerang","Flame Barrier","Thunderclap","Cleave"],"picked":"SKIP","floor":28},{"not_picked":["Body Slam+1","Infernal Blade","Shrug It Off"],"picked":"Dual Wield","floor":30},{"not_picked":["Fiend Fire","Bludgeon","Corruption"],"picked":"Berserk","floor":33},{"not_picked":["FlurryOfBlows","CrushJoints+1","Meditate","Iron Wave"],"picked":"Worship","floor":35},{"not_picked":["Replay:BluntJabs+1","Anger+1","WaveOfTheHand+1","EmptyBody"],"picked":"Demon Form","floor":36},{"not_picked":["Heavy Blade+1","JustLucky+1","EmptyBody+1","Pummel+1","Perfected Strike"],"picked":"SKIP","floor":37},{"not_picked":["Evaluate","Corruption","Disarm","Prostrate","FollowUp+1"],"picked":"SKIP","floor":40},{"not_picked":["Metallicize","Iron Wave","Protect","FearNoEvil","EmptyFist+1"],"picked":"SKIP","floor":44},{"not_picked":["FollowUp","Metallicize","Iron Wave+1","Replay:BluntJabs"],"picked":"Crescendo+1","floor":46},{"not_picked":["Sword Boomerang+1","CarveReality+1","Replay:AllIn","Heavy Blade+1","Halt"],"picked":"SKIP","floor":48}],"player_experience":6476,"relics_obtained":[{"floor":5,"key":"Toy Ornithopter"},{"floor":7,"key":"ReplayTheSpireMod:Ninjato"},{"floor":9,"key":"Replay:Mystery Machine"},{"floor":13,"key":"Letter Opener"},{"floor":22,"key":"ReplayTheSpireMod:Ring of Challenge"},{"floor":22,"key":"Ring of Panic"},{"floor":23,"key":"Ancient Tea Set"},{"floor":25,"key":"Darkstone Periapt"},{"floor":26,"key":"Question Card"},{"floor":34,"key":"Nunchaku"},{"floor":34,"key":"aspiration:FetidBarrel"},{"floor":34,"key":"Ginger"},{"floor":40,"key":"Gremlin Horn"},{"floor":42,"key":"Grinning Jar"},{"floor":43,"key":"Divine Protection"},{"floor":44,"key":"Replay:Wax Seal"},{"floor":48,"key":"King of Hearts"}],"event_choices":[{"damage_healed":0,"gold_gain":0,"cards_transformed":["Defend_R"],"player_choice":"Transformed","damage_taken":0,"max_hp_gain":0,"max_hp_loss":0,"event_name":"Transmorgrifier","floor":2,"gold_loss":0,"cards_obtained":["True Grit"]},{"damage_healed":0,"gold_gain":250,"player_choice":"Bet on Owner","damage_taken":0,"max_hp_gain":0,"max_hp_loss":0,"event_name":"The Joust","floor":20,"gold_loss":50},{"damage_healed":0,"gold_gain":0,"player_choice":"Embrace Madness","damage_taken":11,"max_hp_gain":0,"max_hp_loss":0,"event_name":"Winding Halls","floor":39,"gold_loss":0,"cards_obtained":["Madness","Madness"]}],"is_beta":true,"boss_relics":[{"not_picked":["Painkiller Herb","Replay:Drink Me"],"picked":"aspiration:SecretTechniqueScroll"},{"not_picked":["Sozu","Runic Cube"],"picked":"Replay:Grab Bag"},{"not_picked":["ReplayTheSpireMod:Onyx Gauntlets","Replay:Bronze Core"],"picked":"aspiration:FutureDiary"},{"not_picked":["Ooze Armor","Cursed Key"],"picked":"Philosopher\u0027s Stone"},{"not_picked":["aspiration:RunicSpoon","aspiration:RitualDagger"],"picked":"aspiration:WatcherSkillbook"},{"not_picked":["Kintsugi","aspiration:PoetsPen"],"picked":"Calling Bell"}],"items_purged_floors":[14,21,31,38],"is_endless":false,"potions_floor_spawned":[3,4,12,18,23,30,36,37,40],"killed_by":"Awakened One","ascension_level":1}}