{"host":"lpze9ywvzk5bsxql","time":1608283920,"event":{"mods":["2.2 Compatiblity","BaseMod","Bestiary","Better Third Choice","Colored Map","Downfall","Ironclad Rager","Minty Spire (QoL Compilation)","Replay The Spire","StSLib"],"gold_per_floor":[116,129,129,145,145,145,171,171,171,171,203,48,98,114,114,213,213,200,220,237,237,137,137,171,171,222,248,268,98,117,58,58,157,207,226,246,246,246,270,270,305,321,321,347,364,383,72,72,72,72,72,72,72,98,98],"floor_reached":56,"playtime":8631,"items_purged":["Strike_P","Strike_P"],"score":1078,"play_id":"1c03be6f-0b7a-410e-9093-454a9c31fe30","local_time":"20201218103200","is_ascension_mode":false,"campfire_choices":[{"floor":6,"key":"REST"},{"floor":8,"key":"REST"},{"floor":15,"key":"REST"},{"data":"WindmillStrike","floor":23,"key":"SMITH"},{"data":"Crescendo","floor":25,"key":"SMITH"},{"floor":32,"key":"REST"},{"floor":40,"key":"RECALL"},{"floor":49,"key":"REST"},{"data":"Judgement","floor":52,"key":"SMITH"}],"circlet_count":0,"master_deck":["Strike_P","Strike_P","Defend_P","Defend_P","Defend_P","Eruption","Vigilance","ThirdEye","LikeWater","Replay:Anticipation+1","Ghostly Armor","TalkToTheHand","Replay:Vibes","Prostrate","Nirvana","Replay:AtTheReady","BowlingBash","BowlingBash","Halt","DeceiveReality","Pray","Judgement+1","CutThroughFate","Crescendo+1","Sanctity","Worship+1","WindmillStrike+1","JustLucky","DevaForm","DevaForm","FlurryOfBlows","FollowUp","Weave+1","FearNoEvil","Magnetism","Meditate","Prostrate+1","EmptyBody","FollowUp+1","FollowUp+1","Tantrum+1","ReachHeaven"],"relics":["HolyWater","ReplayTheSpireMod:Ninjato","The Courier","Shuriken","White Beast Statue","BargainBundle","Replay:Ringing Soul","Replay:Grab Bag","Busted Crown","Painkiller Herb","VioletLotus","Pen Nib","Blood Vial","Tiny House","Ring of Peace","Dream Catcher","Replay:Wax Seal","Golden Egg","Replay:Bottled Snecko","HornCleat","Quantum Egg"],"acts_visited":["Exordium","TheCity","TheBeyond","TheEnding"],"potions_floor_usage":[7,18,20,24,30,30,33,35,36,41,41,44,45,46,46,50,50,50,55],"damage_taken":[{"damage":5,"enemies":"Small Slimes","floor":1,"turns":3},{"damage":0,"enemies":"2 Louse","floor":2,"turns":5},{"damage":0,"enemies":"Jaw Worm","floor":4,"turns":2},{"damage":17,"enemies":"3 Sentries","floor":7,"turns":18},{"damage":2,"enemies":"Replay:BlueRogue","floor":11,"turns":10},{"damage":2,"enemies":"Large Slime","floor":14,"turns":9},{"damage":8,"enemies":"Slime Boss","floor":16,"turns":15},{"damage":5,"enemies":"2 Thieves","floor":18,"turns":4},{"damage":0,"enemies":"Spheric Guardian","floor":19,"turns":1},{"damage":12,"enemies":"Cultist and Chosen","floor":20,"turns":9},{"damage":8,"enemies":"Slavers","floor":24,"turns":3},{"damage":11,"enemies":"Book of Stabbing","floor":27,"turns":5},{"damage":0,"enemies":"Centurion and Healer","floor":28,"turns":5},{"damage":0,"enemies":"Snake Plant","floor":30,"turns":1},{"damage":9,"enemies":"Automaton","floor":33,"turns":5},{"damage":4,"enemies":"Orb Walker","floor":35,"turns":4},{"damage":12,"enemies":"3 Darklings","floor":36,"turns":5},{"damage":54,"enemies":"Reptomancer","floor":41,"turns":6},{"damage":3,"enemies":"Sphere and 2 Shapes","floor":42,"turns":4},{"damage":39,"enemies":"Nemesis","floor":44,"turns":5},{"damage":39,"enemies":"4 Shapes","floor":45,"turns":4},{"damage":0,"enemies":"Maw","floor":46,"turns":7},{"damage":0,"enemies":"Replay:Hell Engine","floor":50,"turns":7},{"damage":38,"enemies":"Shield and Spear","floor":54,"turns":7},{"damage":56,"enemies":"The Heart","floor":55,"turns":7}],"seed_played":"-6580384733380843852","potions_obtained":[{"floor":1,"key":"hexamod:EctoCoolerPotion"},{"floor":13,"key":"StancePotion"},{"floor":14,"key":"Languid Potion"},{"floor":16,"key":"FairyPotion"},{"floor":18,"key":"champ:CounterPotion"},{"floor":19,"key":"Cursed Concoction"},{"floor":20,"key":"Swift Potion"},{"floor":24,"key":"Swift Potion"},{"floor":27,"key":"Explosive Potion"},{"floor":28,"key":"hexamod:EctoCoolerPotion"},{"floor":30,"key":"AttackPotion"},{"floor":33,"key":"Cursed Concoction"},{"floor":34,"key":"Toxic Potion"},{"floor":35,"key":"Dexterity Potion"},{"floor":36,"key":"Block Potion"},{"floor":41,"key":"Energy Potion"},{"floor":42,"key":"champ:CounterPotion"},{"floor":44,"key":"SkillPotion"},{"floor":45,"key":"Flashbang"},{"floor":46,"key":"ColorlessPotion"},{"floor":48,"key":"DuplicationPotion"},{"floor":48,"key":"Block Potion"},{"floor":48,"key":"Energy Potion"},{"floor":54,"key":"SkillPotion"}],"is_trial":false,"path_per_floor":["M","M","?","M","?","R","E","R","T","?","E","$","?","M","R","B",null,"?","?","?","?","T","T","E","T","T","E","?","T","?","T","T","B",null,"?","?","?","?","T","T","E","?","T","E","?","?","T","?","T","B",null,"T","T","E","B",null],"character_chosen":"WATCHER","items_purchased":["BargainBundle","Nirvana","Replay:AtTheReady","BowlingBash","Halt","Worship+1","WindmillStrike","DevaForm","FlurryOfBlows","FollowUp","FearNoEvil","FollowUp","HornCleat"],"campfire_rested":5,"item_purchase_floors":[12,12,12,12,12,22,22,29,29,29,31,47,47],"current_hp_per_floor":[67,67,55,55,55,72,55,72,72,72,70,70,45,46,69,64,81,79,79,70,73,76,76,71,71,71,60,62,65,70,73,104,96,110,106,96,96,99,99,99,50,49,49,15,16,21,24,24,64,66,128,128,128,93,39],"gold":98,"neow_bonus":"THREE_CARDS","is_daily":false,"chose_seed":false,"campfire_upgraded":3,"win_rate":0.0,"timestamp":1608283920,"path_taken":["M","M","?","M","?","R","E","R","T","?","E","$","?","M","R","BOSS","?","?","?","?","T","T","E","T","T","E","?","?","?","T","T","BOSS","?","?","?","?","?","T","E","?","T","E","?","?","T","?","T","BOSS","T","T","E","BOSS"],"items_purchased_type":["Relic","Card","Card","Card","Card","Card","Card","Card","Card","Card","Card","Card","Relic"],"build_version":"2020-12-13","purchased_purges":2,"victory":true,"max_hp_per_floor":[72,72,72,72,72,72,72,72,72,72,72,72,75,78,78,81,81,84,84,87,90,93,93,96,96,96,96,96,99,102,105,105,105,110,110,110,110,113,113,113,116,116,116,119,119,122,125,125,128,128,128,128,128,131,131],"card_choices":[{"not_picked":["Replay:DivineShield","ClearTheMind"],"picked":"ThirdEye","floor":0},{"not_picked":["FlurryOfBlows","Conclude"],"picked":"LikeWater","floor":1},{"not_picked":["Replay:Cycle","Consecrate"],"picked":"Replay:Anticipation","floor":2},{"not_picked":["Conclude","Swivel"],"picked":"TalkToTheHand","floor":4},{"not_picked":["Halt","EmptyFist"],"picked":"Replay:Vibes","floor":7},{"not_picked":["Adaptation","Replay:LoomingThreat"],"picked":"Prostrate","floor":11},{"not_picked":["Replay:BluntJabs","WaveOfTheHand"],"picked":"DeceiveReality","floor":13},{"not_picked":["ThirdEye","Replay:Anticipation"],"picked":"Pray","floor":14},{"not_picked":["MasterReality","Establishment"],"picked":"Judgement","floor":16},{"not_picked":[],"picked":"CutThroughFate","floor":18},{"not_picked":["Adaptation"],"picked":"SKIP","floor":19},{"not_picked":[],"picked":"Crescendo","floor":20},{"not_picked":[],"picked":"JustLucky","floor":24},{"not_picked":["LikeWater"],"picked":"SKIP","floor":27},{"not_picked":["Conclude"],"picked":"SKIP","floor":28},{"not_picked":[],"picked":"Weave+1","floor":30},{"not_picked":["JustLucky"],"picked":"SKIP","floor":35},{"not_picked":["Collect"],"picked":"SKIP","floor":36},{"not_picked":[],"picked":"Magnetism","floor":38},{"not_picked":[],"picked":"Meditate","floor":41},{"not_picked":["Evaluate"],"picked":"SKIP","floor":42},{"not_picked":[],"picked":"Prostrate+1","floor":44},{"not_picked":["CrushJoints+1"],"picked":"SKIP","floor":45},{"not_picked":[],"picked":"EmptyBody","floor":46},{"not_picked":[],"picked":"Tantrum+1","floor":49},{"not_picked":[],"picked":"ReachHeaven","floor":54}],"player_experience":244330,"relics_obtained":[{"floor":7,"key":"The Courier"},{"floor":9,"key":"Shuriken"},{"floor":11,"key":"White Beast Statue"},{"floor":13,"key":"Replay:Ringing Soul"},{"floor":24,"key":"Pen Nib"},{"floor":27,"key":"Blood Vial"},{"floor":37,"key":"Ring of Peace"},{"floor":39,"key":"Dream Catcher"},{"floor":41,"key":"Replay:Wax Seal"},{"floor":43,"key":"Golden Egg"},{"floor":44,"key":"Replay:Bottled Snecko"},{"floor":54,"key":"Quantum Egg"}],"event_choices":[{"damage_healed":55,"gold_gain":0,"player_choice":"Embrace Burn","damage_taken":0,"max_hp_gain":0,"max_hp_loss":72,"event_name":"betterThird:BetterShining","floor":5,"gold_loss":0},{"cards_removed":["Burn"],"damage_healed":0,"gold_gain":0,"player_choice":"Forget","damage_taken":0,"max_hp_gain":0,"max_hp_loss":0,"event_name":"Living Wall","floor":10,"gold_loss":0},{"damage_healed":0,"gold_gain":0,"cards_transformed":["Defend_P"],"player_choice":"Transformed","damage_taken":0,"max_hp_gain":0,"max_hp_loss":0,"event_name":"Transmorgrifier","floor":21,"gold_loss":0,"cards_obtained":["Sanctity"]},{"damage_healed":0,"gold_gain":0,"player_choice":"Memory 1","damage_taken":0,"max_hp_gain":0,"max_hp_loss":0,"event_name":"SensoryStone","floor":38,"gold_loss":0},{"damage_healed":0,"gold_gain":0,"player_choice":"Got Potions","damage_taken":0,"max_hp_gain":0,"max_hp_loss":0,"event_name":"Lab","floor":48,"gold_loss":0}],"is_beta":false,"boss_relics":[{"not_picked":["Runic Dome","Calling Bell"],"picked":"Replay:Grab Bag"},{"not_picked":["Philosopher\u0027s Stone","Sozu"],"picked":"Busted Crown"},{"not_picked":["Coffee Dripper","Cursed Key"],"picked":"Painkiller Herb"},{"not_picked":["Empty Cage","Replay:Drink Me"],"picked":"VioletLotus"},{"not_picked":["SlaversCollar","Astrolabe"],"picked":"HolyWater"},{"not_picked":["Velvet Choker","ReplayTheSpireMod:DimensionalGlitch"],"picked":"Tiny House"}],"items_purged_floors":[12,47],"is_endless":false,"potions_floor_spawned":[1,14,16,18,19,20,24,27,28,30,33,35,36,41,42,44,45,46,54],"ascension_level":0}}