{"host":"7krnriczr1b2ou5r","time":1608295285,"event":{"mods":["BaseMod","Keyboard Shortcuts","Minty Spire (QoL Compilation)","Relic Stats","StSLib","The Dragon Tamer","The Poker Player"],"gold_per_floor":[114,114,39,50,69,69,104,194,219,219,219,233,233,246,246,345,345,360,360,360,377,387,387,416,416,416,443,459,459,486,504,504,602,602,622,622,641,641,641,674,674,707,731,731,731,751,778,778,778,778,778,778,58,89,89],"floor_reached":56,"playtime":2023,"items_purged":["DTMod:Strike","DTMod:TargetDefense+1","DTMod:Strike+1"],"score":2303,"play_id":"98d0181b-ca04-40f2-bb50-1a00fccff9ba","local_time":"20201218214125","is_ascension_mode":true,"metric_token":479,"campfire_choices":[{"data":"DTMod:SealedStrike+4","floor":6,"key":"SMITH"},{"floor":10,"key":"DIG"},{"floor":13,"key":"DIG"},{"floor":15,"key":"DIG"},{"floor":23,"key":"DIG"},{"floor":25,"key":"DIG"},{"floor":32,"key":"DIG"},{"floor":41,"key":"RECALL"},{"floor":44,"key":"DIG"},{"floor":49,"key":"DIG"},{"floor":52,"key":"DIG"}],"dtmod_dragon_data":[56,58,3,0,10,0],"circlet_count":0,"master_deck":["DTMod:Strike+1","DTMod:DoubleHit+1","DTMod:TargetDefense+1","DTMod:TargetDefense+1","DTMod:SwitchingTactic+1","DTMod:TagTeam+1","DTMod:SealedStrike+5","DTMod:HeatWave+1","DTMod:CrossStep+1","DTMod:ResonanceForm+1","DTMod:Harmonize+1","DTMod:MagiciansMark+1","DTMod:ComboAttack+1","DTMod:ComboAttack+1","DTMod:RepeatStrike+1","DTMod:BizarreTactic+1","DTMod:QuickFly+1","DTMod:HeadStart+1","DTMod:RunningTactic+1","DTMod:Haste+1","DTMod:OpeningTactic+1","Panacea+1","DTMod:HeadStart+1","DTMod:MasterPlan+1","DTMod:ShadowImage+1","DTMod:Safeguard+1","DTMod:Coolant+1","DTMod:Cover+1"],"relics":["DTMod:PactStone","Shovel","PreservedInsect","Toxic Egg 2","Frozen Egg 2","Molten Egg 2","Darkstone Periapt","Membership Card","The Courier","Akabeko","Shuriken","Ancient Tea Set","Black Star","Bottled Tornado","Blood Vial","DTMod:TheChair","Mummified Hand","Boot","Unceasing Top","HornCleat","Letter Opener","Juzu Bracelet","Dream Catcher","MutagenicStrength","Pantograph","Nunchaku","Bottled Lightning","Anchor","Sozu","Ornamental Fan","Smiling Mask","DTMod:TacticalNote","Molten Egg 2","Whetstone","Bag of Preparation","Vajra","Lizard Tail","InkBottle","Kunai","Bronze Scales","Bag of Marbles","DTMod:DragonFood","Strawberry","Centennial Puzzle","Toy Ornithopter","Sundial","War Paint","DTMod:AncientBone","Thread and Needle","Pen Nib","Art of War","StrikeDummy","White Beast Statue","Calipers","DTMod:BasicTextbook","Lantern","Eternal Feather","Pear","Bottled Tornado","Blue Candle","Incense Burner","Gremlin Horn","Du-Vu Doll","DTMod:SolidMemories","Mango","DTMod:BindingString"],"acts_visited":["Exordium","TheCity","TheBeyond","TheEnding"],"potions_floor_usage":[55,55,55],"damage_taken":[{"damage":4,"enemies":"Jaw Worm","floor":1,"turns":4},{"damage":0,"enemies":"Small Slimes","floor":4,"turns":5},{"damage":0,"enemies":"2 Louse","floor":5,"turns":3},{"damage":0,"enemies":"Gremlin Nob","floor":7,"turns":3},{"damage":0,"enemies":"2 Fungi Beasts","floor":12,"turns":2},{"damage":0,"enemies":"Looter","floor":14,"turns":2},{"damage":12,"enemies":"Slime Boss","floor":16,"turns":6},{"damage":0,"enemies":"Chosen","floor":18,"turns":3},{"damage":0,"enemies":"Spheric Guardian","floor":21,"turns":3},{"damage":0,"enemies":"Centurion and Healer","floor":22,"turns":3},{"damage":0,"enemies":"Slavers","floor":24,"turns":3},{"damage":0,"enemies":"Gremlin Leader","floor":27,"turns":3},{"damage":0,"enemies":"3 Cultists","floor":28,"turns":3},{"damage":0,"enemies":"Slavers","floor":30,"turns":3},{"damage":0,"enemies":"Shelled Parasite and Fungi","floor":31,"turns":3},{"damage":0,"enemies":"Collector","floor":33,"turns":6},{"damage":0,"enemies":"3 Shapes","floor":35,"turns":1},{"damage":0,"enemies":"Orb Walker","floor":37,"turns":1},{"damage":0,"enemies":"Reptomancer","floor":40,"turns":2},{"damage":0,"enemies":"Nemesis","floor":42,"turns":1},{"damage":0,"enemies":"Spire Growth","floor":46,"turns":1},{"damage":0,"enemies":"Giant Head","floor":47,"turns":1},{"damage":0,"enemies":"Awakened One","floor":50,"turns":4},{"damage":0,"enemies":"Shield and Spear","floor":54,"turns":1},{"damage":0,"enemies":"The Heart","floor":55,"turns":4}],"seed_played":"-7946403235455846201","potions_obtained":[{"floor":12,"key":"LiquidBronze"},{"floor":16,"key":"LiquidMemories"},{"floor":24,"key":"Block Potion"}],"is_trial":false,"path_per_floor":["M","?","$","M","M","R","E","$","T","R","?","M","R","M","R","B",null,"M","?","?","M","M","R","E","R","T","E","M","?","E","M","R","B",null,"M","?","M","?","?","E","R","E","T","R","?","M","E","?","R","B",null,"R","$","E","B",null],"character_chosen":"THE_DT","items_purchased":["DTMod:Harmonize+1","DTMod:MagiciansMark+1","Bronze Scales","Bag of Marbles","DTMod:DragonFood","Strawberry","Centennial Puzzle","Toy Ornithopter","Sundial","War Paint","DTMod:AncientBone","Thread and Needle","Pen Nib","Art of War","StrikeDummy","White Beast Statue","Calipers","DTMod:BasicTextbook","Lantern","Eternal Feather","Pear","Bottled Tornado","Blue Candle","Incense Burner","Gremlin Horn","DTMod:Safeguard+1","Du-Vu Doll","DTMod:SolidMemories","DTMod:Coolant+1"],"campfire_rested":0,"item_purchase_floors":[8,8,53,53,53,53,53,53,53,53,53,53,53,53,53,53,53,53,53,53,53,53,53,53,53,53,53,53,53],"current_hp_per_floor":[37,37,37,37,37,37,37,37,37,37,30,30,30,30,30,20,39,41,41,41,43,45,45,45,45,45,45,45,45,45,45,45,45,45,45,45,45,45,45,45,45,45,45,45,40,42,44,43,43,43,43,43,60,74,74],"gold":89,"neow_bonus":"ONE_RARE_RELIC","is_daily":false,"chose_seed":false,"campfire_upgraded":1,"win_rate":0.0,"timestamp":1608295285,"path_taken":["M","?","$","M","M","R","E","$","T","R","?","M","R","M","R","BOSS","M","?","?","M","M","R","E","R","T","E","M","?","E","M","R","BOSS","M","?","M","?","?","E","R","E","T","R","?","M","E","?","R","BOSS","R","$","E","BOSS"],"items_purchased_type":["Card","Card","Relic","Relic","Relic","Relic","Relic","Relic","Relic","Relic","Relic","Relic","Relic","Relic","Relic","Relic","Relic","Relic","Relic","Relic","Relic","Relic","Relic","Relic","Relic","Card","Relic","Relic","Card"],"build_version":"2020-12-13","purchased_purges":3,"victory":true,"max_hp_per_floor":[45,45,45,45,45,45,45,45,45,45,45,45,45,45,45,45,45,45,45,45,45,45,45,45,45,45,45,45,45,45,45,45,45,45,45,45,45,45,45,45,45,45,45,45,45,45,45,43,43,43,43,43,60,74,74],"relic_stats":{"Darkstone Periapt":0,"Gremlin Horn":[1,1],"Juzu Bracelet":1,"Bag of Preparation":[3],"Whetstone":[],"Boot":[0],"Smiling Mask":0,"Blood Vial":12,"Sozu":3,"Dream Catcher":0,"Nunchaku":[13],"Lizard Tail":0,"Centennial Puzzle":[0],"Shovel":9,"Mummified Hand":[62],"Sundial":[0],"Pantograph":0,"Kunai":[8],"InkBottle":[12],"counters":[25,71],"Blue Candle":[0],"Eternal Feather":0,"PreservedInsect":446,"Pen Nib":[3],"Letter Opener":[159],"War Paint":[],"Shuriken":[53],"Ornamental Fan":[100],"Bronze Scales":[48],"Black Star":7,"Art of War":[0],"obtain_stats":[{"Calipers":53,"Gremlin Horn":53,"Vajra":47,"Whetstone":43,"Bottled Tornado":14,"Boot":23,"Blood Vial":15,"Sozu":34,"Lizard Tail":47,"Centennial Puzzle":53,"HornCleat":24,"DTMod:TacticalNote":42,"Sundial":53,"Strawberry":53,"DTMod:BindingString":54,"Kunai":52,"Toxic Egg 2":6,"Pear":53,"Blue Candle":53,"Eternal Feather":53,"Pen Nib":53,"Letter Opener":25,"War Paint":53,"Akabeko":9,"Du-Vu Doll":53,"Shuriken":10,"MutagenicStrength":29,"Bronze Scales":53,"Molten Egg 2":6,"Black Star":14,"StrikeDummy":53,"Unceasing Top":24,"Darkstone Periapt":7,"Lantern":53,"DTMod:SolidMemories":53,"DTMod:AncientBone":53,"Mango":54,"DTMod:TheChair":17,"Juzu Bracelet":27,"Bag of Preparation":44,"Incense Burner":53,"Ancient Tea Set":13,"Smiling Mask":40,"Dream Catcher":27,"Nunchaku":30,"Shovel":0,"Mummified Hand":18,"Pantograph":30,"DTMod:DragonFood":53,"InkBottle":49,"Thread and Needle":53,"PreservedInsect":2,"The Courier":8,"Frozen Egg 2":6,"White Beast Statue":53,"Anchor":32,"DTMod:PactStone":0,"Ornamental Fan":40,"DTMod:BasicTextbook":53,"Bag of Marbles":53,"Art of War":53,"Membership Card":8,"Bottled Lightning":31,"Toy Ornithopter":53},{"Calipers":23,"Gremlin Horn":23,"Vajra":22,"Whetstone":20,"Bottled Tornado":6,"Boot":10,"Blood Vial":6,"Sozu":16,"Lizard Tail":22,"Centennial Puzzle":23,"HornCleat":11,"DTMod:TacticalNote":20,"Sundial":23,"Strawberry":23,"DTMod:BindingString":24,"Kunai":23,"Toxic Egg 2":3,"Pear":23,"Blue Candle":23,"Eternal Feather":23,"Pen Nib":23,"Letter Opener":11,"War Paint":23,"Akabeko":4,"Du-Vu Doll":23,"Shuriken":4,"MutagenicStrength":13,"Bronze Scales":23,"Molten Egg 2":3,"Black Star":6,"StrikeDummy":23,"Unceasing Top":11,"Darkstone Periapt":4,"Lantern":23,"DTMod:SolidMemories":23,"DTMod:AncientBone":23,"Mango":24,"DTMod:TheChair":7,"Juzu Bracelet":12,"Bag of Preparation":20,"Incense Burner":23,"Ancient Tea Set":5,"Smiling Mask":19,"Dream Catcher":12,"Nunchaku":14,"Shovel":0,"Mummified Hand":8,"Pantograph":14,"DTMod:DragonFood":23,"InkBottle":22,"Thread and Needle":23,"PreservedInsect":1,"The Courier":4,"Frozen Egg 2":3,"White Beast Statue":23,"Anchor":15,"DTMod:PactStone":0,"Ornamental Fan":19,"DTMod:BasicTextbook":23,"Bag of Marbles":23,"Art of War":23,"Membership Card":4,"Bottled Lightning":15,"Toy Ornithopter":23},{"Calipers":66,"Gremlin Horn":66,"Vajra":62,"Whetstone":60,"Bottled Tornado":19,"Boot":34,"Blood Vial":19,"Sozu":55,"Lizard Tail":62,"Centennial Puzzle":66,"HornCleat":37,"DTMod:TacticalNote":60,"Sundial":66,"Strawberry":66,"DTMod:BindingString":67,"Kunai":66,"Toxic Egg 2":12,"Pear":66,"Blue Candle":66,"Eternal Feather":66,"Pen Nib":66,"Letter Opener":37,"War Paint":66,"Akabeko":15,"Du-Vu Doll":66,"Shuriken":15,"MutagenicStrength":43,"Bronze Scales":66,"Molten Egg 2":12,"Black Star":19,"StrikeDummy":66,"Unceasing Top":37,"Darkstone Periapt":15,"Lantern":66,"DTMod:SolidMemories":66,"DTMod:AncientBone":66,"Mango":67,"DTMod:TheChair":25,"Juzu Bracelet":40,"Bag of Preparation":60,"Incense Burner":66,"Ancient Tea Set":17,"Smiling Mask":59,"Dream Catcher":40,"Nunchaku":46,"Shovel":0,"Mummified Hand":26,"Pantograph":46,"DTMod:DragonFood":66,"InkBottle":62,"Thread and Needle":66,"PreservedInsect":4,"The Courier":15,"Frozen Egg 2":12,"White Beast Statue":66,"Anchor":49,"DTMod:PactStone":0,"Ornamental Fan":59,"DTMod:BasicTextbook":66,"Bag of Marbles":66,"Art of War":66,"Membership Card":15,"Bottled Lightning":49,"Toy Ornithopter":66}],"Unceasing Top":[36],"Toy Ornithopter":0},"card_choices":[{"not_picked":["DTMod:BurningEnergy","DTMod:Overwhelm"],"picked":"DTMod:TagTeam","floor":1},{"not_picked":["DTMod:BizarreTactic","DTMod:Adaptation"],"picked":"DTMod:HeatWave","floor":4},{"not_picked":["DTMod:Weaken","DTMod:FlameSlash"],"picked":"DTMod:CrossStep","floor":5},{"not_picked":["DTMod:BreakAttack+1","DTMod:Coolant+1"],"picked":"DTMod:ResonanceForm+1","floor":7},{"not_picked":["DTMod:BurningEnergy+1","DTMod:Training+1"],"picked":"DTMod:ComboAttack+1","floor":12},{"not_picked":["DTMod:OpeningTactic+1","DTMod:Punisher+1"],"picked":"DTMod:ComboAttack+1","floor":14},{"not_picked":["DTMod:ExcessFootwork+1","DTMod:SealedStrike+1"],"picked":"DTMod:RepeatStrike+1","floor":16},{"not_picked":["DTMod:BlazingStrike+1","DTMod:Weaken+1","DTMod:BurningForce+1"],"picked":"SKIP","floor":18},{"not_picked":["DTMod:CleansingStrike+1","DTMod:Conduct+1"],"picked":"DTMod:BizarreTactic+1","floor":21},{"not_picked":["DTMod:Hide+1","DTMod:BurningEnergy+1"],"picked":"DTMod:QuickFly+1","floor":22},{"not_picked":["DTMod:ForkedFire+1","DTMod:FlameSlash+1"],"picked":"DTMod:HeadStart+1","floor":24},{"not_picked":["DTMod:BreakAttack+1","DTMod:HeatWave+1"],"picked":"DTMod:RunningTactic+1","floor":27},{"not_picked":["DTMod:BlazingStrike+1","DTMod:Hide+1","DTMod:Cover+1"],"picked":"SKIP","floor":28},{"not_picked":["DTMod:BlueScale+1","DTMod:SealedStrike+1","DTMod:BlazingStrike+1"],"picked":"SKIP","floor":30},{"not_picked":["DTMod:CrossStep+1","DTMod:BreakAttack+1"],"picked":"DTMod:Haste+1","floor":31},{"not_picked":["DTMod:ShadowImage+1","DTMod:Prediction+1"],"picked":"DTMod:OpeningTactic+1","floor":33},{"not_picked":["DTMod:CleansingStrike+1","DTMod:BizarreTactic+1","DTMod:Dissolve+1"],"picked":"SKIP","floor":35},{"not_picked":["DTMod:Punisher+1","DTMod:BlueScale+1","DTMod:Hide+1"],"picked":"SKIP","floor":37},{"not_picked":["DTMod:Conduct+1","DTMod:BuildUp+1"],"picked":"DTMod:HeadStart+1","floor":40},{"not_picked":["DTMod:DragonDance+1","DTMod:RepeatStrike+1"],"picked":"DTMod:MasterPlan+1","floor":42},{"not_picked":["DTMod:Punisher+1","DTMod:ShieldDrain+1","DTMod:Threaten+1"],"picked":"SKIP","floor":46},{"not_picked":["DTMod:HeadStart+1","DTMod:BreakAttack+1"],"picked":"DTMod:ShadowImage+1","floor":47},{"not_picked":["DTMod:FlameSlash+1","DTMod:Training+1"],"picked":"DTMod:Cover+1","floor":54}],"player_experience":1113571,"relics_obtained":[{"floor":7,"key":"Darkstone Periapt"},{"floor":9,"key":"Akabeko"},{"floor":10,"key":"Shuriken"},{"floor":13,"key":"Ancient Tea Set"},{"floor":15,"key":"Blood Vial"},{"floor":23,"key":"Boot"},{"floor":24,"key":"Unceasing Top"},{"floor":24,"key":"HornCleat"},{"floor":25,"key":"Letter Opener"},{"floor":27,"key":"Juzu Bracelet"},{"floor":27,"key":"Dream Catcher"},{"floor":30,"key":"Pantograph"},{"floor":30,"key":"Nunchaku"},{"floor":32,"key":"Anchor"},{"floor":40,"key":"Ornamental Fan"},{"floor":40,"key":"Smiling Mask"},{"floor":42,"key":"DTMod:TacticalNote"},{"floor":42,"key":"Molten Egg 2"},{"floor":43,"key":"Whetstone"},{"floor":44,"key":"Bag of Preparation"},{"floor":47,"key":"Vajra"},{"floor":47,"key":"Lizard Tail"},{"floor":49,"key":"InkBottle"},{"floor":52,"key":"Kunai"},{"floor":54,"key":"Mango"},{"floor":54,"key":"DTMod:BindingString"}],"event_choices":[{"damage_healed":0,"gold_gain":0,"player_choice":"Box","damage_taken":0,"relics_obtained":["PreservedInsect"],"max_hp_gain":0,"max_hp_loss":0,"event_name":"Big Fish","floor":2,"gold_loss":0,"cards_obtained":["Regret"]},{"cards_removed":["DTMod:Strike"],"damage_healed":0,"gold_gain":0,"player_choice":"Card Removal","damage_taken":7,"max_hp_gain":0,"max_hp_loss":0,"event_name":"Golden Wing","floor":11,"gold_loss":0},{"damage_healed":0,"gold_gain":0,"player_choice":"Ignored","damage_taken":0,"max_hp_gain":0,"max_hp_loss":0,"event_name":"Vampires","floor":19,"gold_loss":0},{"damage_healed":0,"gold_gain":0,"player_choice":"Ignored","damage_taken":0,"max_hp_gain":0,"max_hp_loss":0,"event_name":"Ghosts","floor":20,"gold_loss":0},{"damage_healed":0,"gold_gain":0,"player_choice":"Inject Mutagens","damage_taken":0,"relics_obtained":["MutagenicStrength"],"max_hp_gain":0,"max_hp_loss":0,"event_name":"Drug Dealer","floor":29,"gold_loss":0},{"damage_healed":0,"gold_gain":0,"player_choice":"Ignored","damage_taken":0,"max_hp_gain":0,"max_hp_loss":0,"event_name":"Tomb of Lord Red Mask","floor":36,"gold_loss":0},{"damage_healed":0,"gold_gain":0,"player_choice":"1 cards matched","damage_taken":0,"max_hp_gain":0,"max_hp_loss":0,"event_name":"Match and Keep!","floor":38,"gold_loss":0,"cards_obtained":["Panacea"]},{"cards_removed":["DTMod:TargetDefense"],"damage_healed":0,"gold_gain":0,"player_choice":"Removed Skill","damage_taken":0,"max_hp_gain":0,"max_hp_loss":0,"event_name":"Falling","floor":39,"gold_loss":0},{"damage_healed":0,"gold_gain":0,"player_choice":"Memory 2","damage_taken":5,"max_hp_gain":0,"max_hp_loss":0,"event_name":"SensoryStone","floor":45,"gold_loss":0},{"damage_healed":0,"gold_gain":0,"player_choice":"Max HP","damage_taken":0,"max_hp_gain":0,"max_hp_loss":2,"event_name":"Winding Halls","floor":48,"gold_loss":0}],"is_beta":false,"boss_relics":[{"not_picked":["Ectoplasm","Snecko Eye"],"picked":"DTMod:TheChair"},{"not_picked":["Astrolabe","Runic Dome"],"picked":"Sozu"}],"items_purged_floors":[3,8,53],"is_endless":false,"potions_floor_spawned":[12,16,24,27,28,33,37,40,46,54],"ascension_level":7}}