{"host":"fflyk188z5ncxlup","time":1608328956,"event":{"mods":["AchievementEnabler","BaseMod","Bestiary","Better Third Choice","Block Reminder","Colored Map","Colored Powertips","DeckTracker","Googly Eyes","Minty Spire (QoL Compilation)","StSLib","SuperFastMode"],"gold_per_floor":[116,116,116,191,210,243,243,255,282,282,316,160,160,173,173,173,247,247,261,281,297,36,36,54,54,54,101,179,191,191,201,201,215,215,215,289,289,303,303,122,140,140,140,140],"floor_reached":43,"playtime":1518,"items_purged":["Strike_B"],"score":763,"play_id":"a6bc4fdb-7965-4651-a225-d563946fb02f","local_time":"20201219070236","is_ascension_mode":true,"campfire_choices":[{"data":"Glacier","floor":7,"key":"SMITH"},{"data":"Dualcast","floor":10,"key":"SMITH"},{"data":"Doom and Gloom","floor":15,"key":"SMITH"},{"floor":16,"key":"REST"},{"floor":26,"key":"REST"},{"data":"Self Repair","floor":30,"key":"SMITH"},{"floor":32,"key":"REST"},{"data":"Storm","floor":34,"key":"SMITH"},{"floor":35,"key":"REST"}],"circlet_count":0,"master_deck":["AscendersBane","Zap+1","Dualcast+1","Skim","Conserve Battery","Glacier+1","Auto Shields","Coolheaded","Rainbow","Doom and Gloom+1","Buffer+1","Gash+1","Self Repair+1","Chill+1","Capacitor","Storm+1","Echo Form","Fusion","Static Discharge","Static Discharge","Echo Form","Force Field","Seek","Reinforced Body","Cold Snap","Apotheosis","Glacier"],"relics":["FrozenCore","NeowsBlessing","Bronze Scales","Pen Nib","Letter Opener","Mummified Hand","Blood Vial","Sundial","Pandora\u0027s Box"],"acts_visited":["Exordium","TheCity","TheBeyond"],"potions_floor_usage":[11,24,36],"damage_taken":[{"damage":0,"enemies":"2 Louse","floor":1,"turns":1},{"damage":0,"enemies":"Small Slimes","floor":5,"turns":1},{"damage":0,"enemies":"Lagavulin","floor":6,"turns":1},{"damage":0,"enemies":"Jaw Worm","floor":8,"turns":4},{"damage":10,"enemies":"3 Sentries","floor":11,"turns":8},{"damage":9,"enemies":"Lots of Slimes","floor":14,"turns":3},{"damage":33,"enemies":"The Guardian","floor":17,"turns":14},{"damage":15,"enemies":"Shell Parasite","floor":19,"turns":5},{"damage":2,"enemies":"Chosen","floor":20,"turns":4},{"damage":18,"enemies":"Shelled Parasite and Fungi","floor":21,"turns":6},{"damage":0,"enemies":"Sentry and Sphere","floor":24,"turns":3},{"damage":6,"enemies":"Centurion and Healer","floor":29,"turns":9},{"damage":28,"enemies":"Cultist and Chosen","floor":31,"turns":8},{"damage":18,"enemies":"Sentry and Sphere","floor":33,"turns":6},{"damage":58,"enemies":"Collector","floor":36,"turns":13},{"damage":29,"enemies":"Orb Walker","floor":38,"turns":5},{"damage":25,"enemies":"3 Darklings","floor":41,"turns":5},{"damage":72,"enemies":"Nemesis","floor":43,"turns":10}],"seed_played":"5551350020804927988","potions_obtained":[{"floor":1,"key":"DistilledChaos"},{"floor":11,"key":"DuplicationPotion"},{"floor":14,"key":"SpeedPotion"},{"floor":29,"key":"Regen Potion"},{"floor":31,"key":"LiquidMemories"},{"floor":36,"key":"Dexterity Potion"}],"is_trial":false,"path_per_floor":["M","?","?","?","M","E","R","M","T","R","E","$","?","M","R","R","B",null,"M","M","M","$","?","M","$","R","T","T","M","R","M","R","M","R","R","B",null,"M","?","$","M","?","E"],"character_chosen":"DEFECT","items_purchased":["Rainbow","Mummified Hand","Apotheosis"],"campfire_rested":4,"item_purchase_floors":[12,22,40],"current_hp_per_floor":[64,64,69,58,58,58,58,58,58,58,48,48,48,39,39,61,28,64,49,47,29,29,29,29,29,51,51,51,54,54,38,60,54,54,76,28,64,47,47,47,44,44,0,0],"gold":140,"neow_bonus":"THREE_ENEMY_KILL","is_daily":false,"chose_seed":false,"campfire_upgraded":5,"win_rate":0.0,"timestamp":1608328956,"path_taken":["M","?","?","?","?","E","R","M","T","R","E","?","?","M","R","R","BOSS","M","M","M","$","?","M","$","R","T","T","M","R","?","R","M","R","R","BOSS","M","?","$","M","?","E"],"items_purchased_type":["Card","Relic","Card"],"build_version":"2020-12-13","purchased_purges":1,"victory":false,"max_hp_per_floor":[71,71,76,76,76,76,76,76,76,76,76,76,76,76,76,76,76,76,76,76,76,76,76,76,76,76,76,76,76,76,76,76,76,76,76,76,76,76,72,72,72,72,72,72],"card_choices":[{"not_picked":["Hello World","Compile Driver"],"picked":"Skim","floor":1},{"not_picked":["Darkness","Leap"],"picked":"Conserve Battery","floor":5},{"not_picked":["Steam","All For One"],"picked":"Glacier","floor":6},{"not_picked":["Reprogram","Static Discharge"],"picked":"Auto Shields","floor":8},{"not_picked":["Conserve Battery","Hologram"],"picked":"Coolheaded","floor":11},{"not_picked":["Leap","Rip and Tear"],"picked":"Doom and Gloom","floor":14},{"not_picked":["Seek","Reboot"],"picked":"Buffer","floor":17},{"not_picked":["Cold Snap","Recycle"],"picked":"Gash+1","floor":19},{"not_picked":["Loop","Turbo+1"],"picked":"Self Repair","floor":20},{"not_picked":["Fusion","Sweeping Beam","Coolheaded"],"picked":"SKIP","floor":21},{"not_picked":["Sweeping Beam","Auto Shields"],"picked":"Chill+1","floor":24},{"not_picked":["Meteor Strike","Turbo","Blizzard"],"picked":"SKIP","floor":29},{"not_picked":["Hologram","Steam"],"picked":"Capacitor","floor":31},{"not_picked":["Hello World","Conserve Battery"],"picked":"Storm","floor":33},{"not_picked":["Rainbow","Multi-Cast"],"picked":"Echo Form","floor":36},{"not_picked":["Aggregate","Compile Driver"],"picked":"Cold Snap","floor":38},{"not_picked":["Ball Lightning+1","Conserve Battery"],"picked":"Glacier","floor":41}],"player_experience":369511,"relics_obtained":[{"floor":6,"key":"Bronze Scales"},{"floor":9,"key":"Pen Nib"},{"floor":11,"key":"Letter Opener"},{"floor":27,"key":"Blood Vial"},{"floor":28,"key":"Sundial"}],"event_choices":[{"damage_healed":0,"gold_gain":0,"player_choice":"Grow","damage_taken":0,"max_hp_gain":0,"max_hp_loss":0,"event_name":"Living Wall","floor":2,"gold_loss":0,"cards_upgraded":["Zap"]},{"damage_healed":0,"gold_gain":0,"player_choice":"Donut","damage_taken":0,"max_hp_gain":5,"max_hp_loss":0,"event_name":"Big Fish","floor":3,"gold_loss":0},{"damage_healed":0,"gold_gain":75,"player_choice":"Gold","damage_taken":11,"max_hp_gain":0,"max_hp_loss":0,"event_name":"betterThird:BetterGoop","floor":4,"gold_loss":0},{"damage_healed":0,"gold_gain":0,"player_choice":"Ignored","damage_taken":160,"max_hp_gain":0,"max_hp_loss":0,"event_name":"betterThird:BetterSerpent","floor":13,"gold_loss":0},{"damage_healed":0,"gold_gain":0,"player_choice":"Upgraded","damage_taken":0,"max_hp_gain":0,"max_hp_loss":0,"event_name":"Upgrade Shrine","floor":23,"gold_loss":0,"cards_upgraded":["Buffer"]},{"damage_healed":0,"gold_gain":0,"player_choice":"Max HP","damage_taken":0,"max_hp_gain":0,"max_hp_loss":4,"event_name":"Winding Halls","floor":39,"gold_loss":0},{"damage_healed":0,"gold_gain":0,"player_choice":"Ignored","damage_taken":0,"max_hp_gain":0,"max_hp_loss":0,"event_name":"Tomb of Lord Red Mask","floor":42,"gold_loss":0}],"is_beta":false,"boss_relics":[{"not_picked":["SacredBark","Philosopher\u0027s Stone"],"picked":"FrozenCore"},{"not_picked":["Tiny House","Coffee Dripper"],"picked":"Pandora\u0027s Box"}],"items_purged_floors":[12],"is_endless":false,"potions_floor_spawned":[1,11,14,17,19,29,31,33,36,41],"killed_by":"Nemesis","ascension_level":15}}