{"host":"2lrkmsuh7nz013qb","time":1608273103,"event":{"mods":["BaseMod","Colored Map","DeckTracker","Minty Spire (QoL Compilation)","SuperFastMode","everything is the same but u backflip on backflip"],"gold_per_floor":[10,10,33,57,72,72,222,222,270,346,122,146,170,170,170],"floor_reached":14,"playtime":724,"items_purged":["Doubt"],"score":164,"play_id":"17b736c1-78cd-4e3b-8d87-3c5cdb20561e","local_time":"20201218153143","is_ascension_mode":true,"campfire_choices":[{"data":"Cloak And Dagger","floor":6,"key":"SMITH"},{"data":"Neutralize","floor":8,"key":"SMITH"}],"circlet_count":0,"master_deck":["AscendersBane","Strike_G","Strike_G","Strike_G","Strike_G","Strike_G","Defend_G","Defend_G","Defend_G","Defend_G","Defend_G","Survivor","Neutralize+1","Malaise","Underhanded Strike","Unload","Cloak And Dagger+1","Prepared"],"relics":["Ring of the Snake","Golden Idol","MawBank"],"acts_visited":["Exordium"],"potions_floor_usage":[],"damage_taken":[{"damage":0,"enemies":"2 Louse","floor":1,"turns":4},{"damage":0,"enemies":"Small Slimes","floor":3,"turns":4},{"damage":2,"enemies":"Jaw Worm","floor":4,"turns":5},{"damage":10,"enemies":"Large Slime","floor":5,"turns":11},{"damage":0,"enemies":"Exordium Thugs","floor":12,"turns":4},{"damage":5,"enemies":"3 Louse","floor":13,"turns":5},{"damage":14,"enemies":"Lagavulin","floor":14,"turns":8}],"seed_played":"-428846810493503531","potions_obtained":[{"floor":5,"key":"Ancient Potion"}],"is_trial":false,"path_per_floor":["M","?","M","M","M","R","?","R","T","?","$","M","M","E"],"character_chosen":"THE_SILENT","items_purchased":["EntropicBrew","PowerPotion"],"campfire_rested":0,"item_purchase_floors":[11,11],"current_hp_per_floor":[59,36,36,34,24,24,24,24,24,24,24,24,19,5,5],"gold":170,"neow_bonus":"THREE_RARE_CARDS","is_daily":false,"chose_seed":false,"campfire_upgraded":2,"win_rate":0.0,"timestamp":1608273103,"path_taken":["M","?","M","M","M","R","?","R","T","?","$","M","M","E"],"items_purchased_type":["Potion","Potion"],"build_version":"2020-12-13","purchased_purges":1,"victory":false,"max_hp_per_floor":[66,66,66,66,66,66,66,66,66,66,66,66,66,66,66],"card_choices":[{"not_picked":["Tools of the Trade","Bullet Time"],"picked":"Malaise","floor":0},{"not_picked":["Dodge and Roll","Deflect"],"picked":"Underhanded Strike","floor":1},{"not_picked":["Sucker Punch","PiercingWail","Accuracy"],"picked":"SKIP","floor":3},{"not_picked":["Outmaneuver","PiercingWail"],"picked":"Unload","floor":4},{"not_picked":["Escape Plan","Backflip"],"picked":"Cloak And Dagger","floor":5},{"not_picked":["Dodge and Roll","All Out Attack","Blur"],"picked":"SKIP","floor":12},{"not_picked":["Quick Slash","Dodge and Roll"],"picked":"Prepared","floor":13}],"player_experience":673468,"relics_obtained":[{"floor":9,"key":"MawBank"}],"event_choices":[{"damage_healed":0,"gold_gain":0,"player_choice":"Take Damage","damage_taken":23,"relics_obtained":["Golden Idol"],"max_hp_gain":0,"max_hp_loss":0,"event_name":"Golden Idol","floor":2,"gold_loss":0},{"damage_healed":0,"gold_gain":150,"player_choice":"AGREE","damage_taken":0,"max_hp_gain":0,"max_hp_loss":0,"event_name":"Liars Game","floor":7,"gold_loss":0,"cards_obtained":["Doubt"]},{"damage_healed":0,"gold_gain":64,"player_choice":"Gained Gold","damage_taken":0,"max_hp_gain":0,"max_hp_loss":0,"event_name":"Golden Wing","floor":10,"gold_loss":0}],"is_beta":false,"boss_relics":[],"items_purged_floors":[11],"is_endless":false,"potions_floor_spawned":[5,12,13],"killed_by":"Lagavulin","ascension_level":20}}