{"host":"cz3p2o9n3b1gdmkz","time":1608279381,"event":{"mods":["AchievementEnabler","BaseMod","CapriCore","GungeonMod","Hermit","Lobotomy","Minty Spire (QoL Compilation)","Replay The Spire","Shop Mod","StSLib","SuperFastMode","The Cursed","The Dragon Tamer","The Gatherer","The Jungle","The Poker Player","The Runesmith"],"gold_per_floor":[128,78,111,37,37,37,100,100,100,161,196,196,196,44,44,148,148,144,172,27,27,53,53,152,178,178,178,211,222,95,106,106,106,106],"floor_reached":33,"playtime":1906,"items_purged":[],"score":420,"play_id":"ee4b7b19-354e-4300-83bd-3f4e082c49be","local_time":"20201218171621","is_ascension_mode":true,"campfire_choices":[{"data":"hermit:Maintenance","floor":6.0,"key":"SMITH"},{"floor":8.0,"key":"REST"},{"data":"hermit:Defend_Hermit","floor":13.0,"key":"SMITH"},{"floor":15.0,"key":"DIG"},{"data":"hermit:BlackWind","floor":23.0,"key":"SMITH"},{"data":"hermit:Dissolve","floor":32,"key":"SMITH"}],"circlet_count":0,"master_deck":["AscendersBane","hermit:Strike_Hermit+1","hermit:Strike_Hermit+1","hermit:Strike_Hermit+1","hermit:Defend_Hermit+1","hermit:Defend_Hermit+1","hermit:Snapshot","hermit:Covet","hermit:DeadOrAlive","hermit:FinalCanter","hermit:Gambit","hermit:Maintenance+1","hermit:Deadeye","hermit:BlackWind+1","hermit:Quickdraw+1","hermit:GhostlyPresence","hermit:GhostlyPresence","hermit:Dissolve+1","hermit:Brawl+1","hermit:ShadowCloak+1"],"relics":["hermit:Momento","Letter Opener","DemoMod:DecoyRelic","DemoMod:Bottle","Replay:Ringing Soul","TheAbacus","Divine Protection","Membership Card","Pantograph","Orrery"],"acts_visited":["Exordium","TheCity"],"potions_floor_usage":[33,33,33],"damage_taken":[{"damage":0.0,"enemies":"Small Slimes","floor":1.0,"turns":3.0},{"damage":2.0,"enemies":"Jaw Worm","floor":3.0,"turns":2.0},{"damage":31.0,"enemies":"3 Sentries","floor":7.0,"turns":8.0},{"damage":5.0,"enemies":"Lagavulin","floor":10.0,"turns":6.0},{"damage":2.0,"enemies":"Cultist","floor":11.0,"turns":4.0},{"damage":20.0,"enemies":"Hexaghost","floor":16.0,"turns":9.0},{"damage":25.0,"enemies":"2 Thieves","floor":18.0,"turns":4.0},{"damage":0.0,"enemies":"Chosen","floor":19.0,"turns":3.0},{"damage":17.0,"enemies":"Shelled Parasite and Fungi","floor":22.0,"turns":4.0},{"damage":0.0,"enemies":"Snecko","floor":25.0,"turns":3.0},{"damage":0.0,"enemies":"Snake Plant","floor":28.0,"turns":2.0},{"damage":0.0,"enemies":"Cultist and Chosen","floor":29.0,"turns":6.0},{"damage":0.0,"enemies":"3 Cultists","floor":31.0,"turns":5.0},{"damage":76,"enemies":"Champ","floor":33,"turns":12}],"seed_played":"2637947233995467576","potions_obtained":[{"floor":3.0,"key":"PowerPotion"},{"floor":10.0,"key":"AttackPotion"},{"floor":22.0,"key":"ColorlessPotion"},{"floor":25.0,"key":"GamblersBrew"},{"floor":29.0,"key":"SteroidPotion"}],"is_trial":false,"path_per_floor":["M","?","M","$","?","R","E","R","T","E","M","?","R","$","R","B",null,"M","M","$","?","M","R","?","M","T","?","M","M","$","M","R","B"],"character_chosen":"HERMIT","items_purchased":["hermit:Maintenance","TheAbacus","Membership Card","Orrery","ColorlessPotion","SkillPotion"],"campfire_rested":1,"item_purchase_floors":[4,14,20,30,30,30],"current_hp_per_floor":[50,50,48,48,48,48,17,39,39,34,32,32,32,32,32,15,62,40,40,40,40,23,23,23,26,26,29,32,32,35,41,41,0,0],"gold":106,"neow_bonus":"TRANSFORM_TWO_CARDS","is_daily":false,"chose_seed":false,"campfire_upgraded":4,"win_rate":0.0,"timestamp":1608279381,"path_taken":["M","?","M","$","?","R","E","R","T","E","?","?","R","$","R","BOSS","M","?","?","?","M","R","?","M","T","?","?","M","$","M","R","BOSS"],"items_purchased_type":["Card","Relic","Relic","Relic","Potion","Potion"],"build_version":"2020-12-13","purchased_purges":0,"victory":false,"max_hp_per_floor":[75,75,75,75,75,75,75,75,75,75,75,75,75,75,75,78,78,81,81,81,81,81,81,81,84,84,87,90,90,93,93,93,93,93],"card_choices":[{"not_picked":["hermit:HighCaliber","hermit:TrackingShot"],"picked":"hermit:Gambit","floor":1.0},{"not_picked":["hermit:LowProfile","hermit:Malice","hermit:HighCaliber"],"picked":"SKIP","floor":3.0},{"not_picked":["hermit:GoldenBullet","hermit:LowProfile","hermit:Vantage"],"picked":"SKIP","floor":7.0},{"not_picked":["hermit:FullyLoaded","hermit:LowProfile"],"picked":"hermit:Deadeye","floor":10.0},{"not_picked":["hermit:Roulette","hermit:Snipe","hermit:TrackingShot"],"picked":"SKIP","floor":11.0},{"not_picked":["hermit:Magnum","hermit:EternalForm"],"picked":"hermit:BlackWind","floor":16.0},{"not_picked":["hermit:PistolWhip+1","hermit:Glare"],"picked":"hermit:Quickdraw+1","floor":18.0},{"not_picked":["hermit:FullyLoaded","hermit:Coalescence","hermit:FatalDesire"],"picked":"SKIP","floor":19.0},{"not_picked":["hermit:Feint+1","hermit:Dive","hermit:GoldenBullet"],"picked":"SKIP","floor":22.0},{"not_picked":["hermit:Grudge","hermit:ItchyTrigger"],"picked":"hermit:GhostlyPresence","floor":25.0},{"not_picked":["hermit:DeadMansHand","hermit:Headshot"],"picked":"hermit:Dissolve","floor":28.0},{"not_picked":["hermit:Roulette","hermit:Midnight","hermit:Malice"],"picked":"SKIP","floor":29.0},{"not_picked":["hermit:Snipe+1","hermit:LowProfile"],"picked":"hermit:Brawl+1","floor":30.0},{"not_picked":["hermit:Headshot","hermit:Coalescence"],"picked":"hermit:ShadowCloak+1","floor":30.0},{"not_picked":["hermit:FromBeyond","hermit:Headshot+1","hermit:Roulette"],"picked":"SKIP","floor":31.0}],"player_experience":970328,"relics_obtained":[{"floor":7.0,"key":"Letter Opener"},{"floor":9.0,"key":"DemoMod:DecoyRelic"},{"floor":10.0,"key":"DemoMod:Bottle"},{"floor":12.0,"key":"Replay:Ringing Soul"},{"floor":15.0,"key":"Divine Protection"},{"floor":26.0,"key":"Pantograph"}],"event_choices":[{"cards_removed":["hermit:Defend_Hermit"],"damage_healed":0.0,"max_hp_gain":0.0,"max_hp_loss":0.0,"gold_gain":0.0,"event_name":"The Cleric","player_choice":"Card Removal","floor":2.0,"gold_loss":50.0,"damage_taken":0.0},{"damage_healed":0.0,"max_hp_gain":0.0,"max_hp_loss":0.0,"gold_gain":0.0,"event_name":"Liars Game","player_choice":"Ignored","floor":5.0,"gold_loss":0.0,"damage_taken":0.0},{"damage_healed":0.0,"max_hp_gain":0.0,"max_hp_loss":0.0,"gold_gain":0.0,"event_name":"Wheel of Change","player_choice":"Relic","floor":12.0,"gold_loss":0.0,"damage_taken":0.0},{"damage_healed":0.0,"max_hp_gain":0.0,"max_hp_loss":0.0,"gold_gain":0.0,"event_name":"Back to Basics","player_choice":"Simplicity","floor":21.0,"gold_loss":0.0,"damage_taken":0.0,"cards_upgraded":["hermit:Strike_Hermit","hermit:Strike_Hermit","hermit:Strike_Hermit","hermit:Defend_Hermit"]},{"damage_healed":0.0,"max_hp_gain":0.0,"max_hp_loss":0.0,"gold_gain":99.0,"event_name":"Nest","player_choice":"Stole From Cult","floor":24.0,"gold_loss":0.0,"damage_taken":0.0},{"damage_healed":0.0,"max_hp_gain":0.0,"max_hp_loss":0.0,"gold_gain":0.0,"event_name":"The Library","player_choice":"Read","floor":27.0,"gold_loss":0.0,"damage_taken":0.0,"cards_obtained":["hermit:GhostlyPresence"]}],"is_beta":false,"boss_relics":[{"not_picked":["Fusion Hammer","Replay:Wanted Poster","Honey Jar"]}],"items_purged_floors":[],"is_endless":false,"potions_floor_spawned":[3,10,22,25,29],"killed_by":"Champ","ascension_level":11}}