{"host":"fuszjwm6fqgjjp4d","time":1608277605,"event":{"mods":["BaseMod","Bestiary","Colored Map","DeckTracker","Minty Spire (QoL Compilation)","Permanent Neow","Relic Sorter","Relic Stats","StSLib"],"gold_per_floor":[117,42,95,109,119,43,43,43,43],"floor_reached":8,"playtime":162,"items_purged":[],"score":92,"play_id":"c632d75c-2fe0-40aa-9315-17ecf2c881d0","local_time":"20201218014645","is_ascension_mode":true,"campfire_choices":[{"data":"Defragment","floor":7.0,"key":"SMITH"}],"circlet_count":0,"master_deck":["AscendersBane","Strike_B","Strike_B","Strike_B","Defend_B","Defend_B","Defend_B","Defend_B","Zap","Dualcast","Biased Cognition","Hologram","Defragment+1","Storm"],"relics":["Cracked Core","Smiling Mask"],"acts_visited":["Exordium"],"potions_floor_usage":[8,8],"damage_taken":[{"damage":4.0,"enemies":"Jaw Worm","floor":1.0,"turns":4.0},{"damage":3.0,"enemies":"Cultist","floor":4.0,"turns":3.0},{"damage":4.0,"enemies":"Small Slimes","floor":5.0,"turns":3.0},{"damage":81,"enemies":"Gremlin Nob","floor":8,"turns":5}],"seed_played":"2549740851888372103","potions_obtained":[{"floor":1.0,"key":"Dexterity Potion"},{"floor":5.0,"key":"Regen Potion"}],"is_trial":false,"path_per_floor":["M","?","T","M","M","$","R","E"],"character_chosen":"DEFECT","items_purchased":["Storm"],"campfire_rested":0,"item_purchase_floors":[6],"current_hp_per_floor":[60,60,60,57,53,53,53,0,0],"gold":43,"neow_bonus":"ONE_RANDOM_RARE_CARD","is_daily":false,"chose_seed":false,"campfire_upgraded":1,"win_rate":0.0,"timestamp":1608277605,"path_taken":["M","?","?","M","M","$","R","E"],"items_purchased_type":["Card"],"build_version":"2020-12-13","purchased_purges":0,"victory":false,"max_hp_per_floor":[71,71,71,71,71,71,71,71,71],"relic_stats":{"counters":[4,15],"Smiling Mask":0,"obtain_stats":[{"Cracked Core":0,"Smiling Mask":3},{"Cracked Core":0,"Smiling Mask":1},{"Cracked Core":0,"Smiling Mask":4}]},"card_choices":[{"not_picked":["Blizzard","Steam"],"picked":"Hologram","floor":1.0},{"not_picked":["Sunder","Go for the Eyes","Stack"],"picked":"SKIP","floor":4.0},{"not_picked":["Barrage","Steam"],"picked":"Defragment","floor":5.0}],"player_experience":1171175,"relics_obtained":[{"floor":3.0,"key":"Smiling Mask"}],"event_choices":[{"cards_removed":["Strike_B"],"damage_healed":0.0,"max_hp_gain":0.0,"max_hp_loss":0.0,"gold_gain":0.0,"event_name":"The Cleric","player_choice":"Card Removal","floor":2.0,"gold_loss":75.0,"damage_taken":0.0}],"is_beta":false,"boss_relics":[],"items_purged_floors":[],"is_endless":false,"potions_floor_spawned":[1,5],"killed_by":"Gremlin Nob","ascension_level":20}}