{"host":"ayxh4kux2sct7fpu","time":1608319517,"event":{"mods":["Act Like it!","BaseMod","Downfall","Hero for Fun","Highlight Path","Minty Spire (QoL Compilation)","MostiFishMod","Prisma Mod","Shop Mod","StSLib","The Animator","The Cursed","The Hayseed","The Hierophant"],"gold_per_floor":[117,117,42,68,78,74,74],"floor_reached":6,"playtime":149,"items_purged":["hierophant:Strike_Hierophant"],"score":36,"play_id":"b74c8955-1d80-4081-bb8b-68489c1c48dd","local_time":"20201218172517","is_ascension_mode":false,"campfire_choices":[],"circlet_count":0,"master_deck":["hierophant:Strike_Hierophant","hierophant:Strike_Hierophant","hierophant:Strike_Hierophant","hierophant:Punish","hierophant:Defend_Hierophant","hierophant:Defend_Hierophant","hierophant:Defend_Hierophant","hierophant:Defend_Hierophant","hierophant:ChurchCoffers","hierophant:Doubloon","hierophant:Charity"],"relics":["hierophant:PropheticMaskRelic","DaveBox","NeowsBlessing","Question Card","PrismaticShard"],"acts_visited":["Exordium"],"potions_floor_usage":[],"damage_taken":[{"damage":0,"enemies":"2 Louse","floor":1,"turns":1},{"damage":0,"enemies":"Cultist","floor":4,"turns":1},{"damage":0,"enemies":"Small Slimes","floor":5,"turns":1},{"damage":25,"enemies":"3 Sentries","floor":6,"turns":5}],"seed_played":"-5457128326701345401","potions_obtained":[{"floor":4,"key":"hexamod:EctoCoolerPotion"}],"is_trial":false,"path_per_floor":["M","?","$","M","M","E"],"character_chosen":"HIEROPHANT","items_purchased":[],"campfire_rested":0,"item_purchase_floors":[],"current_hp_per_floor":[75,75,75,75,75,50,50],"gold":74,"neow_bonus":"THREE_ENEMY_KILL","is_daily":false,"chose_seed":false,"campfire_upgraded":0,"win_rate":0.0,"timestamp":1608319517,"path_taken":["M","?","$","M","?","E"],"items_purchased_type":[],"build_version":"2020-12-13","purchased_purges":1,"victory":false,"max_hp_per_floor":[75,75,75,75,75,75,75],"card_choices":[{"not_picked":["hierophant:DisplayOfPower","hierophant:FieryStrike"],"picked":"hierophant:Charity","floor":1},{"not_picked":["Combust","Dagger Spray","animator:OrikoMikuni","champ:AdrenalArmor"],"picked":"SKIP","floor":4},{"not_picked":["SashWhip","hexamod:Again","Cleave","MostiFishMod:PerfectStrikeMKII"],"picked":"SKIP","floor":5}],"player_experience":318310,"relics_obtained":[{"floor":1,"key":"Question Card"},{"floor":1,"key":"PrismaticShard"}],"event_choices":[{"damage_healed":0,"gold_gain":0,"player_choice":"Ignored","damage_taken":0,"max_hp_gain":0,"max_hp_loss":0,"event_name":"NoteForYourself","floor":2,"gold_loss":0}],"is_beta":false,"boss_relics":[],"items_purged_floors":[3],"is_endless":false,"potions_floor_spawned":[4],"killed_by":"3 Sentries","ascension_level":0}}