{"host":"llpusn9usp8rznkj","time":1608322328,"event":{"mods":["2.2 Compatiblity","BaseMod","Colored Map","Colored Powertips","Conspire","Downfall","Hubris","Minty Spire (QoL Compilation)","Rare Cards Sparkle","Replay The Spire","StSLib","The Cursed"],"gold_per_floor":[118,43,43,56,56,81,99,128,204,239,256,256,256,256,256,327,327,327],"floor_reached":17,"playtime":1118,"items_purged":[],"score":396,"play_id":"76029fb6-4d24-4e5b-a225-a9479e4c4931","local_time":"20201218151208","is_ascension_mode":true,"campfire_choices":[{"data":"Armaments","floor":13,"key":"SMITH"},{"data":"Bash","floor":15,"key":"SMITH"}],"circlet_count":0,"master_deck":["AscendersBane","Bash+1","Armaments+1","Immolate+1","Run Through+1","Inflame+1","Metallicize","Corruption","Searing Blow","Run Through","hubris:SharpeningStone","Bloodletting","Dark Embrace","ReplayTheSpireMod:Corrosion Curse","Rage"],"relics":["Burning Blood","NeowsBlessing","Lantern","PreservedInsect","Blue Doll","Pandora\u0027s Box"],"acts_visited":["Exordium","TheCity"],"potions_floor_usage":[7,8,16],"damage_taken":[{"damage":0.0,"enemies":"2 Louse","floor":1.0,"turns":1.0},{"damage":0,"enemies":"Jaw Worm","floor":4,"turns":1},{"damage":0,"enemies":"Gremlin Nob","floor":6,"turns":1},{"damage":0,"enemies":"Small Slimes","floor":7,"turns":2},{"damage":15,"enemies":"Lagavulin","floor":8,"turns":4},{"damage":8,"enemies":"Gremlin Nob","floor":10,"turns":3},{"damage":4,"enemies":"2 Fungi Beasts","floor":11,"turns":3},{"damage":48,"enemies":"Slime Boss","floor":16,"turns":7}],"seed_played":"-8073344733879992642","potions_obtained":[{"floor":1.0,"key":"champ:CounterPotion"},{"floor":4,"key":"Explosive Potion"},{"floor":7,"key":"Explosive Potion"}],"is_trial":false,"path_per_floor":["M","?","?","M","$","E","M","E","T","E","M","?","R","?","R_BF","B",null],"character_chosen":"IRONCLAD","items_purchased":[],"campfire_rested":0,"item_purchase_floors":[],"current_hp_per_floor":[74,74,74,75,75,75,75,66,66,64,66,66,66,66,66,24,62,62],"gold":327,"neow_bonus":"THREE_ENEMY_KILL","is_daily":false,"chose_seed":false,"campfire_upgraded":2,"win_rate":0.0,"timestamp":1608322328,"path_taken":["M","?","?","M","$","E","M","E","T","E","M","?","R","?","R_BF","BOSS"],"items_purchased_type":[],"build_version":"2020-12-13","purchased_purges":0,"victory":false,"max_hp_per_floor":[75,75,75,75,75,75,75,75,75,75,75,75,75,75,75,75,75,75],"card_choices":[{"not_picked":["Rage","Entrench"],"picked":"Armaments","floor":1.0},{"not_picked":["Entrench","Second Wind","Rupture"],"picked":"SKIP","floor":4},{"not_picked":["Abandon","Anger","Flex"],"picked":"SKIP","floor":6},{"not_picked":["Armaments","Clash"],"picked":"Run Through","floor":7},{"not_picked":["Body Slam","Anger"],"picked":"Inflame","floor":8},{"not_picked":["Rampage","Offering"],"picked":"Metallicize","floor":10},{"not_picked":["Entrench","Wild Strike","Clothesline"],"picked":"SKIP","floor":11},{"not_picked":["Offering","hubris:StunningStrike"],"picked":"Corruption","floor":16}],"player_experience":1081185,"relics_obtained":[{"floor":6,"key":"Lantern"},{"floor":8,"key":"PreservedInsect"},{"floor":10,"key":"Blue Doll"}],"event_choices":[{"cards_removed":["Strike_R"],"damage_healed":0.0,"max_hp_gain":0.0,"max_hp_loss":0.0,"gold_gain":0.0,"event_name":"The Cleric","player_choice":"Card Removal","floor":2.0,"gold_loss":75.0,"damage_taken":0.0},{"damage_healed":0,"gold_gain":0,"player_choice":"Forge","damage_taken":0,"max_hp_gain":0,"max_hp_loss":0,"event_name":"Accursed Blacksmith","floor":14,"gold_loss":0,"cards_upgraded":["Inflame"]}],"is_beta":false,"boss_relics":[{"not_picked":["Velvet Choker","hubris:BlackHole"],"picked":"Pandora\u0027s Box"}],"items_purged_floors":[],"is_endless":false,"potions_floor_spawned":[1,4,7],"ascension_level":20}}