{"host":"15dd7v8o90xso62x","time":1608294223,"event":{"mods":["BaseMod","Minty Spire (QoL Compilation)","Quick Restart","StSLib"],"gold_per_floor":[119,119,129,54,69,102,102,152,152,152,165,165,184,184,184],"floor_reached":14,"playtime":253,"items_purged":["Strike_G"],"score":180,"play_id":"2c753fda-8890-4a01-be3f-4d8c21f9d2a8","local_time":"20201218212343","is_ascension_mode":true,"campfire_choices":[{"data":"Bouncing Flask","floor":7,"key":"SMITH"},{"data":"Crippling Poison","floor":10,"key":"SMITH"},{"data":"Caltrops","floor":12,"key":"SMITH"}],"circlet_count":0,"master_deck":["AscendersBane","Strike_G","Strike_G","Strike_G","Defend_G","Defend_G","Defend_G","Defend_G","Defend_G","Survivor","Neutralize","Crippling Poison+1","Skewer","Bouncing Flask+1","Caltrops+1","Escape Plan","Corpse Explosion"],"relics":["Ring of the Snake","NeowsBlessing","Mummified Hand","InkBottle"],"acts_visited":["Exordium"],"potions_floor_usage":[14],"damage_taken":[{"damage":0,"enemies":"Cultist","floor":1,"turns":1},{"damage":0,"enemies":"Small Slimes","floor":3,"turns":1},{"damage":0,"enemies":"2 Louse","floor":5,"turns":1},{"damage":26,"enemies":"Lagavulin","floor":6,"turns":7},{"damage":10,"enemies":"Exordium Wildlife","floor":11,"turns":4},{"damage":3,"enemies":"Exordium Thugs","floor":13,"turns":5},{"damage":21,"enemies":"3 Sentries","floor":14,"turns":2}],"seed_played":"403283294489456723","potions_obtained":[{"floor":1,"key":"Energy Potion"},{"floor":6,"key":"SpeedPotion"}],"is_trial":false,"path_per_floor":["M","?","M","$","M","E","R","?","T","R","M","R","M","E"],"character_chosen":"THE_SILENT","items_purchased":[],"campfire_rested":0,"item_purchase_floors":[],"current_hp_per_floor":[59,59,59,59,59,33,33,33,33,33,23,23,20,0,0],"gold":184,"neow_bonus":"THREE_ENEMY_KILL","is_daily":false,"chose_seed":false,"campfire_upgraded":3,"win_rate":0.0,"timestamp":1608294223,"path_taken":["M","?","?","$","?","E","R","?","T","R","?","R","M","E"],"items_purchased_type":[],"build_version":"2020-12-13","purchased_purges":1,"victory":false,"max_hp_per_floor":[66,66,66,66,66,66,66,66,66,66,66,66,66,66,66],"card_choices":[{"not_picked":["Infinite Blades","Backflip"],"picked":"Crippling Poison","floor":1},{"not_picked":["Slice","Outmaneuver"],"picked":"Bouncing Flask","floor":3},{"not_picked":["Dash","Sucker Punch","Backflip"],"picked":"SKIP","floor":5},{"not_picked":["Prepared","Bouncing Flask"],"picked":"Caltrops","floor":6},{"not_picked":["Bouncing Flask","Well Laid Plans"],"picked":"Escape Plan","floor":11},{"not_picked":["Escape Plan","Prepared"],"picked":"Corpse Explosion","floor":13}],"player_experience":921947,"relics_obtained":[{"floor":6,"key":"Mummified Hand"},{"floor":9,"key":"InkBottle"}],"event_choices":[{"damage_healed":0,"gold_gain":0,"cards_transformed":["Strike_G"],"player_choice":"Transformed","damage_taken":0,"max_hp_gain":0,"max_hp_loss":0,"event_name":"Transmorgrifier","floor":2,"gold_loss":0,"cards_obtained":["Skewer"]},{"damage_healed":0,"gold_gain":50,"player_choice":"Pray","damage_taken":0,"max_hp_gain":0,"max_hp_loss":0,"event_name":"Golden Shrine","floor":8,"gold_loss":0}],"is_beta":false,"boss_relics":[],"items_purged_floors":[4],"is_endless":false,"potions_floor_spawned":[1,6,11],"killed_by":"3 Sentries","ascension_level":20}}