{"host":"Kdaddybrian","time":1608253700,"event":{"mods":["AchievementEnabler","BaseMod","Bestiary","Colored Powertips","Minty Spire (QoL Compilation)","Potion Indicator Mod","Quick Restart","Rare Cards Sparkle","Relic Stats","StSLib","Uncapped"],"gold_per_floor":[116,36,36,48,26,58,58,75,101,131,131,131,157,172,172,269,269,286,301,301,314,314,314,340,340,364,30,30,46,46,46,46],"floor_reached":31,"playtime":924,"items_purged":["Decay"],"score":429,"play_id":"87dccd35-e634-4184-9fea-14cbf0c96125","local_time":"20201217200820","is_ascension_mode":true,"campfire_choices":[{"data":"Darkness","floor":7,"key":"SMITH"},{"floor":12,"key":"REST"},{"floor":15,"key":"REST"},{"floor":23,"key":"REST"},{"floor":25,"key":"REST"},{"data":"Darkness","floor":28,"key":"SMITH"},{"data":"Biased Cognition","floor":30,"key":"SMITH"}],"circlet_count":0,"master_deck":["AscendersBane","Strike_B","Strike_B","Strike_B","Strike_B","Defend_B","Defend_B","Defend_B","Defend_B+1","Zap","Dualcast","Rip and Tear","Darkness+1","Undo+1","Redo","Redo+1","Capacitor","Scrape","Darkness+1","Redo","Biased Cognition+1","Coolheaded+1","Go for the Eyes","Undo","Coolheaded+1","Self Repair","Consume","Glacier"],"relics":["Cracked Core","NeowsBlessing","Toy Ornithopter","Mercury Hourglass","MealTicket","War Paint","Odd Mushroom","Cursed Key","Regal Pillow","Omamori","Potion Belt"],"acts_visited":["Exordium","TheCity"],"potions_floor_usage":[13],"damage_taken":[{"damage":0,"enemies":"Jaw Worm","floor":1,"turns":1},{"damage":0,"enemies":"Small Slimes","floor":4,"turns":1},{"damage":0,"enemies":"3 Sentries","floor":6,"turns":1},{"damage":9,"enemies":"2 Louse","floor":8,"turns":3},{"damage":25,"enemies":"Lagavulin","floor":10,"turns":6},{"damage":10,"enemies":"The Mushroom Lair","floor":13,"turns":3},{"damage":0,"enemies":"Large Slime","floor":14,"turns":3},{"damage":28,"enemies":"Slime Boss","floor":16,"turns":4},{"damage":25,"enemies":"Shell Parasite","floor":18,"turns":4},{"damage":7,"enemies":"3 Byrds","floor":19,"turns":3},{"damage":14,"enemies":"Shelled Parasite and Fungi","floor":21,"turns":4},{"damage":38,"enemies":"Slavers","floor":24,"turns":6},{"damage":19,"enemies":"Snake Plant","floor":29,"turns":3},{"damage":95,"enemies":"Cultist and Chosen","floor":31,"turns":7}],"seed_played":"6908724212001773258","potions_obtained":[{"floor":1,"key":"Fire Potion"},{"floor":13,"key":"BlessingOfTheForge"},{"floor":14,"key":"Strength Potion"},{"floor":21,"key":"Energy Potion"},{"floor":29,"key":"FocusPotion"}],"is_trial":false,"path_per_floor":["M","$","?","M","$","E","R","M","T","E","?","R","?","M","R","B",null,"M","M","?","M","?","R","E","R","T","$","R","M","R","M"],"character_chosen":"DEFECT","items_purchased":["Darkness","Redo","FairyPotion","Self Repair","Consume"],"campfire_rested":4,"item_purchase_floors":[2,5,27,27,27],"current_hp_per_floor":[68,68,56,56,56,56,56,47,47,22,22,44,39,39,61,33,65,40,33,33,19,19,56,18,55,55,70,70,51,51,0,0],"gold":46,"neow_bonus":"THREE_ENEMY_KILL","is_daily":false,"chose_seed":false,"campfire_upgraded":3,"win_rate":0.0,"timestamp":1608253700,"path_taken":["M","$","?","M","$","E","R","M","T","E","?","R","?","M","R","BOSS","M","M","?","M","?","R","E","R","T","$","R","M","R","M"],"items_purchased_type":["Card","Card","Potion","Card","Card"],"build_version":"2020-12-17","purchased_purges":1,"victory":false,"max_hp_per_floor":[75,75,75,75,75,75,75,75,75,75,75,75,75,75,75,75,75,75,75,75,75,75,75,75,75,75,75,75,75,75,75,75],"relic_stats":{"Regal Pillow":30,"counters":[14,48],"MealTicket":15,"War Paint":["Undo","Defend_B"],"Cursed Key":1,"obtain_stats":[{"Potion Belt":26,"Regal Pillow":22,"NeowsBlessing":0,"MealTicket":9,"Omamori":24,"War Paint":10,"Odd Mushroom":13,"Cracked Core":0,"Cursed Key":17,"Toy Ornithopter":3,"Mercury Hourglass":6},{"Potion Belt":12,"Regal Pillow":11,"NeowsBlessing":0,"MealTicket":4,"Omamori":12,"War Paint":5,"Odd Mushroom":6,"Cracked Core":0,"Cursed Key":8,"Toy Ornithopter":1,"Mercury Hourglass":3},{"Potion Belt":38,"Regal Pillow":32,"NeowsBlessing":0,"MealTicket":5,"Omamori":38,"War Paint":11,"Odd Mushroom":14,"Cracked Core":0,"Cursed Key":21,"Toy Ornithopter":1,"Mercury Hourglass":3}],"Toy Ornithopter":5,"Mercury Hourglass":[192]},"card_choices":[{"not_picked":["Blizzard","Heatsinks"],"picked":"Rip and Tear","floor":1},{"not_picked":["Cold Snap","Rebound"],"picked":"Undo","floor":4},{"not_picked":["Beam Cell","Turbo"],"picked":"Redo","floor":6},{"not_picked":["Steam Power","Barrage"],"picked":"Capacitor","floor":8},{"not_picked":["Force Field","Turbo"],"picked":"Scrape","floor":10},{"not_picked":["Capacitor","Streamline"],"picked":"Darkness","floor":13},{"not_picked":["Barrage","Streamline"],"picked":"Redo","floor":14},{"not_picked":["Amplify","Creative AI"],"picked":"Biased Cognition","floor":16},{"not_picked":["Lockon","Gash"],"picked":"Coolheaded+1","floor":18},{"not_picked":["Conserve Battery","Beam Cell"],"picked":"Go for the Eyes","floor":19},{"not_picked":["Sweeping Beam","Reprogram"],"picked":"Undo","floor":21},{"not_picked":["Gash","Cold Snap"],"picked":"Coolheaded+1","floor":24},{"not_picked":["BootSequence+1","Ball Lightning"],"picked":"Glacier","floor":29}],"player_experience":2871561,"relics_obtained":[{"floor":6,"key":"Mercury Hourglass"},{"floor":9,"key":"MealTicket"},{"floor":10,"key":"War Paint"},{"floor":13,"key":"Odd Mushroom"},{"floor":24,"key":"Omamori"},{"floor":26,"key":"Potion Belt"}],"event_choices":[{"damage_healed":0,"gold_gain":0,"player_choice":"Success","damage_taken":12,"relics_obtained":["Toy Ornithopter"],"max_hp_gain":0,"max_hp_loss":0,"event_name":"Scrap Ooze","floor":3,"gold_loss":0},{"damage_healed":0,"gold_gain":0,"player_choice":"Grow","damage_taken":0,"max_hp_gain":0,"max_hp_loss":0,"event_name":"Living Wall","floor":11,"gold_loss":0,"cards_upgraded":["Redo"]},{"damage_healed":0,"gold_gain":0,"player_choice":"Fought Mushrooms","damage_taken":0,"max_hp_gain":0,"max_hp_loss":0,"event_name":"Mushrooms","floor":13,"gold_loss":0},{"damage_healed":0,"gold_gain":0,"player_choice":"Smashed Altar","damage_taken":0,"max_hp_gain":0,"max_hp_loss":0,"event_name":"Forgotten Altar","floor":20,"gold_loss":0,"cards_obtained":["Decay"]},{"damage_healed":0,"gold_gain":0,"player_choice":"Opened","damage_taken":0,"relics_obtained":["Regal Pillow"],"max_hp_gain":0,"max_hp_loss":0,"event_name":"The Mausoleum","floor":22,"gold_loss":0}],"is_beta":true,"boss_relics":[{"not_picked":["Runic Pyramid","Tiny House"],"picked":"Cursed Key"}],"items_purged_floors":[27],"is_endless":false,"potions_floor_spawned":[1,13,14,21,29],"killed_by":"Cultist and Chosen","ascension_level":10}}