{"host":"63howft1cojq0ioc","time":1608273391,"event":{"mods":["Act Like it!","Aspiration","BaseMod","DeckTracker","Downfall","Infinite Spire","Minty Spire (QoL Compilation)","Quick Restart","Relic Stats","Replay The Spire","StSLib","SuperFastMode","The Jungle"],"gold_per_floor":[110,123,123,123,140,140,174,174,200,213,213,288,305,320,320,320,320],"floor_reached":16,"playtime":382,"items_purged":[],"score":122,"play_id":"2153f427-681a-4504-9cd6-22e182207cc8","local_time":"20201218043631","is_ascension_mode":true,"campfire_choices":[{"data":"Clash","floor":6.0,"key":"SMITH"},{"floor":8.0,"key":"REST"},{"data":"Carnage","floor":11.0,"key":"SMITH"},{"floor":15.0,"key":"DIG"}],"circlet_count":0,"master_deck":["Strike_R","Strike_R","Strike_R+1","Strike_R","Defend_R","Defend_R","Defend_R","Defend_R","Bash","Clash+1","Carnage+1","Battle Trance","Thunderclap"],"relics":["Burning Blood","NeowsBlessing","TungstenRod","Replay:Rubber Ducky","Blue Doll"],"acts_visited":["Exordium"],"potions_floor_usage":[16],"damage_taken":[{"damage":0.0,"enemies":"Small Slimes","floor":1.0,"turns":1.0},{"damage":0.0,"enemies":"Cultist","floor":2.0,"turns":1.0},{"damage":0.0,"enemies":"2 Louse","floor":5.0,"turns":1.0},{"damage":30.0,"enemies":"Gremlin Nob","floor":7.0,"turns":4.0},{"damage":4.0,"enemies":"Exordium Thugs","floor":10.0,"turns":4.0},{"damage":2.0,"enemies":"Exordium Wildlife","floor":13.0,"turns":2.0},{"damage":37.0,"enemies":"Large Slime","floor":14.0,"turns":10.0},{"damage":56,"enemies":"Fading Forest","floor":16,"turns":9}],"seed_played":"-4535684074080608458","potions_obtained":[{"floor":2.0,"key":"SteroidPotion"},{"floor":5.0,"key":"BloodPotion"},{"floor":10.0,"key":"LifebloodPotion"},{"floor":13.0,"key":"Block Potion"}],"is_trial":false,"path_per_floor":["M","M","?","?","M","R","E","R","T","M","R","?","M","M","R","B"],"character_chosen":"IRONCLAD","items_purchased":[],"campfire_rested":1,"item_purchase_floors":[],"current_hp_per_floor":[80,80,80,80,80,80,56,80,80,80,80,70,74,43,59,11,11],"gold":320,"neow_bonus":"THREE_ENEMY_KILL","is_daily":false,"chose_seed":false,"campfire_upgraded":2,"win_rate":0.0,"timestamp":1608273391,"path_taken":["M","M","?","?","?","R","E","R","T","M","R","?","M","M","R","BOSS"],"items_purchased_type":[],"build_version":"2020-12-13","purchased_purges":0,"victory":false,"max_hp_per_floor":[80,80,80,80,80,80,80,80,80,80,80,80,80,80,80,80,80],"relic_stats":{"counters":[8,32],"obtain_stats":[{"NeowsBlessing":0,"Blue Doll":15,"Burning Blood":0,"TungstenRod":7,"Replay:Rubber Ducky":9},{"NeowsBlessing":0,"Blue Doll":7,"Burning Blood":0,"TungstenRod":4,"Replay:Rubber Ducky":4},{"NeowsBlessing":0,"Blue Doll":23,"Burning Blood":0,"TungstenRod":7,"Replay:Rubber Ducky":7}],"Burning Blood":22,"TungstenRod":15},"card_choices":[{"not_picked":["Whirlwind","Wild Strike","Dual Wield"],"picked":"SKIP","floor":1.0},{"not_picked":["Reckless Charge","Replay:Undeath\u0027s Touch","Iron Wave"],"picked":"SKIP","floor":2.0},{"not_picked":["Armaments","ReplayTheSpireMod:Strike From Hell"],"picked":"Clash","floor":5.0},{"not_picked":["Shrug It Off","ReplayTheSpireMod:Strike From Hell","Juggernaut"],"picked":"SKIP","floor":7.0},{"not_picked":["Fire Breathing","Whirlwind"],"picked":"Carnage","floor":10.0},{"not_picked":["Shockwave","Clash"],"picked":"Battle Trance","floor":13.0},{"not_picked":["True Grit","Clothesline"],"picked":"Thunderclap","floor":14.0}],"player_experience":91062,"relics_obtained":[{"floor":7.0,"key":"TungstenRod"},{"floor":9.0,"key":"Replay:Rubber Ducky"},{"floor":15.0,"key":"Blue Doll"}],"event_choices":[{"cards_removed":["Strike_R"],"damage_healed":0.0,"max_hp_gain":0.0,"max_hp_loss":0.0,"gold_gain":0.0,"event_name":"Bonfire Elementals","player_choice":"Offered Basic","floor":4.0,"gold_loss":0.0,"damage_taken":0.0},{"damage_healed":0.0,"max_hp_gain":0.0,"max_hp_loss":0.0,"gold_gain":75.0,"event_name":"World of Goop","player_choice":"Gather Gold","floor":12.0,"gold_loss":0.0,"damage_taken":11.0}],"is_beta":false,"boss_relics":[],"items_purged_floors":[],"is_endless":false,"potions_floor_spawned":[2,5,10,13],"killed_by":"Fading Forest","ascension_level":4}}