{"host":"14itbdr21u872c1w","time":1608285240,"event":{"mods":["AchievementEnabler","BaseMod","Minty Spire (QoL Compilation)","StSLib","SuperFastMode","everything is the same but u backflip on backflip"],"gold_per_floor":[119,136,147,45,64,95,95,45,116,147,147,163,178,178,178,178,178],"floor_reached":16,"playtime":383,"items_purged":["Strike_R"],"score":190,"play_id":"f1f50338-d4ae-4a91-9b99-0a6a15b91467","local_time":"20201218185400","is_ascension_mode":true,"campfire_choices":[{"floor":15.0,"key":"REST"}],"circlet_count":0,"master_deck":["AscendersBane","Strike_R","Strike_R+1","Defend_R+1","Defend_R","Defend_R","Defend_R","Bash","Bludgeon","Shockwave","Shrug It Off","Armaments","Spot Weakness","Rage"],"relics":["Burning Blood","FossilizedHelix","Orichalcum"],"acts_visited":[],"potions_floor_usage":[],"damage_taken":[{"damage":2.0,"enemies":"Small Slimes","floor":1.0,"turns":3.0},{"damage":12.0,"enemies":"Jaw Worm","floor":2.0,"turns":3.0},{"damage":0.0,"enemies":"2 Louse","floor":3.0,"turns":3.0},{"damage":14.0,"enemies":"Red Slaver","floor":5.0,"turns":3.0},{"damage":40.0,"enemies":"3 Sentries","floor":6.0,"turns":10.0},{"damage":16.0,"enemies":"Gremlin Nob","floor":10.0,"turns":4.0},{"damage":0.0,"enemies":"Blue Slaver","floor":12.0,"turns":3.0},{"damage":3.0,"enemies":"Lots of Slimes","floor":13.0,"turns":7.0},{"damage":30,"enemies":"Hexaghost","floor":16,"turns":11}],"seed_played":"4632644029686120888","potions_obtained":[{"floor":2.0,"key":"Swift Potion"},{"floor":10.0,"key":"LiquidMemories"}],"is_trial":false,"path_per_floor":["M","M","M","$","M","E","$","?","T","E","?","M","M","?","R","B"],"character_chosen":"IRONCLAD","items_purchased":["Shrug It Off"],"campfire_rested":1,"item_purchase_floors":[4],"current_hp_per_floor":[68,62,68,68,60,26,26,26,26,16,2,8,11,4,24,0,0],"gold":178,"neow_bonus":"THREE_RARE_CARDS","is_daily":false,"chose_seed":false,"campfire_upgraded":0,"win_rate":0.0,"timestamp":1608285240,"path_taken":["M","M","M","$","M","E","$","?","T","E","?","M","M","?","R","BOSS"],"items_purchased_type":["Card"],"build_version":"2020-12-13","purchased_purges":1,"victory":false,"max_hp_per_floor":[68,68,68,68,68,68,68,68,68,68,68,68,68,68,68,68,68],"card_choices":[{"not_picked":["Impervious","Double Tap"],"picked":"Bludgeon","floor":0.0},{"not_picked":["Anger","Sword Boomerang","Perfected Strike"],"picked":"SKIP","floor":1.0},{"not_picked":["Wild Strike","Headbutt"],"picked":"Shockwave","floor":2.0},{"not_picked":["Perfected Strike","Flex","Rampage"],"picked":"SKIP","floor":3.0},{"not_picked":["Anger","Dark Embrace"],"picked":"Armaments","floor":5.0},{"not_picked":["Twin Strike","Sever Soul","Anger"],"picked":"SKIP","floor":6.0},{"not_picked":["Dual Wield","Heavy Blade"],"picked":"Spot Weakness","floor":10.0},{"not_picked":["Berserk","Thunderclap","Searing Blow"],"picked":"SKIP","floor":12.0},{"not_picked":["Iron Wave","Clash"],"picked":"Rage","floor":13.0}],"player_experience":340770,"relics_obtained":[{"floor":6.0,"key":"FossilizedHelix"},{"floor":10.0,"key":"Orichalcum"}],"event_choices":[{"cards_removed":["Strike_R"],"damage_healed":0.0,"max_hp_gain":0.0,"max_hp_loss":0.0,"gold_gain":0.0,"event_name":"The Cleric","player_choice":"Card Removal","floor":8.0,"gold_loss":50.0,"damage_taken":0.0},{"damage_healed":0.0,"max_hp_gain":0.0,"max_hp_loss":0.0,"gold_gain":0.0,"event_name":"Shining Light","player_choice":"Entered Light","floor":11.0,"gold_loss":0.0,"damage_taken":14.0,"cards_upgraded":["Defend_R","Strike_R"]},{"cards_removed":["Strike_R"],"damage_healed":0.0,"max_hp_gain":0.0,"max_hp_loss":0.0,"gold_gain":0.0,"event_name":"Golden Wing","player_choice":"Card Removal","floor":14.0,"gold_loss":0.0,"damage_taken":7.0}],"is_beta":false,"boss_relics":[],"items_purged_floors":[4],"is_endless":false,"potions_floor_spawned":[2,10,12],"killed_by":"Hexaghost","ascension_level":14}}