{"host":"j85m7jj09j2pgi00","time":1608270484,"event":{"mods":["AchievementEnabler","Aspiration","BaseMod","Beaked The Cultist","BetterRewards","Colored Map","Colored Powertips","Conspire","Defuse TimeMaze Blight","Downfall","Energized Spire","Friendly Minions","GifTheSpireLib","Googly Eyes","Gremlin Mod","Halation","Highlight Path","Hubris","Infinite Spire","Marisa????????","Minty Spire (QoL Compilation)","Quick Restart","RatMod","Relic Sorter","Replay The Spire","Somnambulant","StSLib","Stuff the Spire","SuperFastMode","The Blackbeard","The Bug Knight","The Construct","The Disciple","The Factory","The Hierophant","The Jungle","The Mystic","The Necromancer","The Servant 0.9.4","Trackpad","UnlockEverythingMod","vexMod"],"gold_per_floor":[99,116,150,192,192,222,222,222,249,174,174,186,203,214,226,327,327,327,327,327],"floor_reached":19,"playtime":1008,"items_purged":[],"score":185,"play_id":"913f0528-48f1-42bf-aa0e-ba545865963c","local_time":"20201217234804","is_ascension_mode":false,"campfire_choices":[{"data":"champ:Taunt","floor":1,"key":"SMITH"},{"data":"champ:Duel","floor":5,"key":"SMITH"},{"data":"champ:Execute","floor":8,"key":"SMITH"},{"data":"champ:EndlessRage","floor":10,"key":"SMITH"},{"floor":18,"key":"RECALL"}],"circlet_count":0,"master_deck":["champ:Strike","champ:Strike","champ:Strike","champ:Strike","champ:Defend","champ:Defend","champ:Defend","champ:Defend","champ:Execute+1","champ:Taunt+1","champ:Duel+1","champ:EndlessRage+1","champ:FanOfKnives"],"relics":["hubris:Backtick","hubris:IronBody","aspiration:TomeofQuesting","hubris:FunFungus","Simple Rune","infinitespire:Lychee Nut","Vajra","downfall:HeartBlessingGreen","aspiration:WatcherSkillbook"],"acts_visited":["Exordium","TheCity"],"potions_floor_usage":[4,12,15,16,19],"damage_taken":[{"damage":0,"enemies":"conspire:RoseBush","floor":2,"turns":4},{"damage":55,"enemies":"HollowMod:MossKnight","floor":3,"turns":17},{"damage":16,"enemies":"conspire:MimicChest","floor":4,"turns":9},{"damage":14,"enemies":"Gremlin Nob","floor":6,"turns":4},{"damage":44,"enemies":"3 Sentries","floor":9,"turns":12},{"damage":17,"enemies":"Jaw Worm","floor":12,"turns":4},{"damage":5,"enemies":"Small Slimes","floor":13,"turns":3},{"damage":9,"enemies":"Red Slaver","floor":14,"turns":4},{"damage":23,"enemies":"Lots of Slimes","floor":15,"turns":6},{"damage":60,"enemies":"downfall:Ironclad","floor":16,"turns":12},{"damage":70,"enemies":"Gremlin Leader","floor":19,"turns":7}],"seed_played":"-4311138839372205683","potions_obtained":[{"floor":2,"key":"Swift Potion"},{"floor":6,"key":"Milkshake"},{"floor":11,"key":"champ:CounterPotion"},{"floor":11,"key":"Languid Potion"},{"floor":12,"key":"Dexterity Potion"},{"floor":16,"key":"sneckomod:MuddlingPotion"}],"is_trial":false,"path_per_floor":["R_BF","M","E","?","R","E","T","R","E","R","?","M","M","M","M","B",null,"R","E"],"character_chosen":"THE_CHAMP","items_purchased":[],"campfire_rested":0,"item_purchase_floors":[],"current_hp_per_floor":[90,90,63,58,58,49,49,49,37,37,37,41,41,50,55,43,67,67,0,0],"gold":327,"neow_bonus":"BOSS_RELIC","is_daily":false,"chose_seed":false,"campfire_upgraded":4,"win_rate":0.0,"timestamp":1608270484,"path_taken":["R_BF","M","E","?","R","E","T","R","E","R","?","M","M","M","M","BOSS","R","E"],"items_purchased_type":[],"build_version":"2020-12-13","purchased_purges":0,"victory":false,"max_hp_per_floor":[90,90,90,90,90,90,67,67,67,67,67,67,67,67,67,67,67,67,67,67],"card_choices":[{"not_picked":["champ:ShieldSigil","champ:BringItOn"],"picked":"champ:Duel","floor":2},{"not_picked":["champ:StanceDance","champ:DefensiveStyle","champ:FlashCut"],"picked":"SKIP","floor":3},{"not_picked":["champ:TornadoPunch","champ:Backstep","champ:DefensiveShout"],"picked":"SKIP","floor":6},{"not_picked":["champ:Haymaker","champ:Balance"],"picked":"champ:EndlessRage","floor":9},{"not_picked":["champ:GladiatorsShout","champ:FlashCut","champ:StanceDance"],"picked":"SKIP","floor":12},{"not_picked":["champ:CrookedStrike","champ:CalledShot","champ:FocusedDefense"],"picked":"SKIP","floor":13},{"not_picked":["champ:DefensiveShout","champ:Balance","champ:SkillfulDodge"],"picked":"SKIP","floor":14},{"not_picked":["champ:DefensiveShout","champ:FocusedGladiator"],"picked":"champ:FanOfKnives","floor":15}],"player_experience":1553508,"relics_obtained":[{"floor":3,"key":"aspiration:TomeofQuesting"},{"floor":4,"key":"hubris:FunFungus"},{"floor":6,"key":"Simple Rune"},{"floor":7,"key":"infinitespire:Lychee Nut"},{"floor":9,"key":"Vajra"}],"event_choices":[{"damage_healed":0,"gold_gain":0,"player_choice":"Got Potions","damage_taken":0,"max_hp_gain":0,"max_hp_loss":0,"event_name":"Lab","floor":11,"gold_loss":0}],"is_beta":false,"boss_relics":[{"not_picked":["StuffTheSpire:Kangaroo","Runic Dome"],"picked":"aspiration:WatcherSkillbook"}],"items_purged_floors":[],"is_endless":false,"potions_floor_spawned":[2,6,12,14,16],"killed_by":"Gremlin Leader","ascension_level":0}}