{"host":"esx1hwjnbftf3eqj","time":1608324064,"event":{"mods":["BaseMod","Colored Map","Minty Spire (QoL Compilation)","StSLib","The Jungle"],"gold_per_floor":[19,19,194,217,17,60,97,130,142,189,201,251,263,316,328,340,340],"floor_reached":16,"playtime":1357,"items_purged":["Doubt"],"score":154,"play_id":"9a6162e4-521a-4c31-ba4a-cb16e482b82d","local_time":"20201218124104","is_ascension_mode":true,"campfire_choices":[{"floor":11,"key":"REST"},{"floor":13,"key":"REST"},{"floor":15,"key":"REST"}],"circlet_count":0,"master_deck":["Strike_G","Strike_G","Strike_G","Strike_G","Strike_G","Defend_G","Defend_G","Defend_G","Defend_G","Defend_G","Survivor","Neutralize","Blade Dance","Dagger Spray","Well Laid Plans","Dodge and Roll","PiercingWail","Dagger Spray","Sucker Punch","Malaise","Leg Sweep"],"relics":["Ring of the Snake","Ginger","Golden Idol","MawBank","Ornamental Fan","Singing Bowl","White Beast Statue","Pear"],"acts_visited":["Exordium"],"potions_floor_usage":[10,10,14,16],"damage_taken":[{"damage":3,"enemies":"Cultist","floor":1,"turns":5},{"damage":0,"enemies":"Small Slimes","floor":4,"turns":2},{"damage":25,"enemies":"3 Sentries","floor":6,"turns":8},{"damage":3,"enemies":"Jaw Worm","floor":7,"turns":5},{"damage":4,"enemies":"Exordium Wildlife","floor":8,"turns":6},{"damage":11,"enemies":"Lagavulin","floor":10,"turns":6},{"damage":25,"enemies":"3 Sentries","floor":12,"turns":8},{"damage":12,"enemies":"Gremlin Nob","floor":14,"turns":6},{"damage":51,"enemies":"Hexaghost","floor":16,"turns":17}],"seed_played":"1000517512140075277","potions_obtained":[{"floor":6,"key":"FearPotion"},{"floor":7,"key":"SneckoOil"},{"floor":12,"key":"Block Potion"},{"floor":14,"key":"BlessingOfTheForge"}],"is_trial":false,"path_per_floor":["M","?","?","M","$","E","M","M","T","E","R","E","R","E","R","B"],"character_chosen":"THE_SILENT","items_purchased":["Well Laid Plans","Dodge and Roll"],"campfire_rested":3,"item_purchase_floors":[5,5],"current_hp_per_floor":[67,50,50,50,50,25,22,18,18,7,28,5,26,24,48,0,0],"gold":340,"neow_bonus":"ONE_RARE_RELIC","is_daily":false,"chose_seed":false,"campfire_upgraded":0,"win_rate":0.0,"timestamp":1608324064,"path_taken":["M","?","?","M","$","E","M","M","T","E","R","E","R","E","R","BOSS"],"items_purchased_type":["Card","Card"],"build_version":"2020-12-13","purchased_purges":1,"victory":false,"max_hp_per_floor":[70,70,70,70,70,70,70,70,70,70,70,72,72,82,82,82,82],"card_choices":[{"not_picked":["Predator","Distraction"],"picked":"Blade Dance","floor":1},{"not_picked":["Eviscerate","Dagger Throw"],"picked":"Dagger Spray","floor":4},{"not_picked":["Deadly Poison","Choke"],"picked":"PiercingWail","floor":6},{"not_picked":["Sucker Punch","Tactician"],"picked":"Dagger Spray","floor":7},{"not_picked":["Caltrops","Poisoned Stab"],"picked":"Sucker Punch","floor":8},{"not_picked":["Catalyst","Acrobatics"],"picked":"Malaise","floor":10},{"not_picked":["Caltrops","Riddle With Holes","All Out Attack"],"picked":"Singing Bowl","floor":12},{"not_picked":["Quick Slash","Blade Dance"],"picked":"Leg Sweep","floor":14}],"player_experience":456014,"relics_obtained":[{"floor":6,"key":"MawBank"},{"floor":9,"key":"Ornamental Fan"},{"floor":10,"key":"Singing Bowl"},{"floor":12,"key":"White Beast Statue"},{"floor":14,"key":"Pear"}],"event_choices":[{"damage_healed":0,"gold_gain":0,"player_choice":"Take Damage","damage_taken":17,"relics_obtained":["Golden Idol"],"max_hp_gain":0,"max_hp_loss":0,"event_name":"Golden Idol","floor":2,"gold_loss":0},{"damage_healed":0,"gold_gain":175,"player_choice":"AGREE","damage_taken":0,"max_hp_gain":0,"max_hp_loss":0,"event_name":"Liars Game","floor":3,"gold_loss":0,"cards_obtained":["Doubt"]}],"is_beta":false,"boss_relics":[],"items_purged_floors":[5],"is_endless":false,"potions_floor_spawned":[6,7,12,14],"killed_by":"Hexaghost","ascension_level":4}}