{"host":"ocy7z4248lncoz2b","time":1608275103,"event":{"mods":["BaseMod","Beaked The Cultist","Better Match","Better Sensory Stone","Better Third Choice","BetterRewards","Clockwork Mod","Colored Powertips","Conspire","Downfall","Friendly Minions","Highlight Path","Hubris","Infinite Spire","Marisa????????","Mimic Mod","Minty Spire (QoL Compilation)","READ ME - Guardian Mod","Replay The Spire","Shop Mod","Spicy Shops","Spikes Relics","StSLib","SuperFastMode","The Blue Laboratory","The Construct","The Jungle"],"gold_per_floor":[99,99,99,99,99,99,176,176,176,203,203,223,239,239,254,357,357,357,357,357,357,373,373,373,123,38,38,23,23,8,23,37,37,37],"floor_reached":33,"playtime":791,"items_purged":[],"score":287,"play_id":"0b85b092-eab7-4586-a1fd-aab1551b66f3","local_time":"20201218160503","is_ascension_mode":false,"campfire_choices":[{"data":"construct:DefenseMode","floor":1,"key":"SMITH"},{"data":"ReplayTheSpireMod:Armaments MK-II","floor":6,"key":"SMITH"},{"data":"construct:Autoturret","floor":8,"key":"SMITH"},{"data":"construct:Supernova","floor":18,"key":"SMITH"},{"data":"construct:FlashFreeze","floor":21,"key":"SMITH"},{"data":"construct:Meltdown","floor":23,"key":"SMITH"}],"circlet_count":0,"master_deck":["construct:Strike_Gold","construct:Strike_Gold","construct:Strike_Gold","construct:Strike_Gold","construct:Strike_Gold","construct:Defend_Gold","construct:Defend_Gold","construct:Defend_Gold","construct:Defend_Gold","construct:Defend_Gold","construct:DefenseMode+1","ReplayTheSpireMod:Armaments MK-II+1","construct:Autoturret+1","construct:ReactiveShield+1","construct:FlashFreeze+1","construct:SaveState","construct:Tumble","construct:Meltdown+1","construct:Supernova+1","construct:OilSpill+1","GremboGang","ReplayTheSpireMod:Mirror System","construct:MetalShell","construct:SpinDrive","construct:PointDefense","construct:SiegeForm","construct:ScrapCannon"],"relics":["downfall:HeartsMalice","Kunai","Burning Blood","Mercury Hourglass","Ornamental Fan","Philosopher\u0027s Stone","hubris:Towel","MutagenicStrength","infinitespire:CheckeredPen"],"acts_visited":["Exordium","TheCity"],"potions_floor_usage":[16,16,30,32,32],"damage_taken":[{"damage":0,"enemies":"2 Louse","floor":2,"turns":1},{"damage":0,"enemies":"Small Slimes","floor":5,"turns":1},{"damage":0,"enemies":"Cultist","floor":9,"turns":1},{"damage":1,"enemies":"3 Sentries","floor":10,"turns":7},{"damage":2,"enemies":"Blue Slaver","floor":12,"turns":4},{"damage":7,"enemies":"2 Fungi Beasts","floor":13,"turns":4},{"damage":16,"enemies":"Large Slime","floor":15,"turns":6},{"damage":0,"enemies":"downfall:Watcher","floor":16,"turns":9},{"damage":17,"enemies":"Shell Parasite","floor":22,"turns":8},{"damage":9,"enemies":"downfall:FleeingMerchant","floor":26,"turns":4},{"damage":20,"enemies":"downfall:FleeingMerchant","floor":28,"turns":4},{"damage":25,"enemies":"downfall:FleeingMerchant","floor":30,"turns":4},{"damage":0,"enemies":"Chosen","floor":31,"turns":4},{"damage":16,"enemies":"Snecko","floor":32,"turns":4},{"damage":47,"enemies":"downfall:Ironclad","floor":33,"turns":4}],"seed_played":"7013779035704609460","potions_obtained":[{"floor":10,"key":"Dexterity Potion"},{"floor":12,"key":"blueLaboratory:EnragingPotion"},{"floor":13,"key":"blueLaboratory:FrostheartPotion"},{"floor":16,"key":"Fire Potion"},{"floor":22,"key":"blueLaboratory:StoneskinPotion"},{"floor":29,"key":"CultistPotion"},{"floor":31,"key":"champ:CounterPotion"}],"is_trial":false,"path_per_floor":["R","M","?","?","M","R","T","R","M","E","?","M","M","?","M","B",null,"R","?","?","R","M","R","T","?","$","?","$","?","$","M","M","B"],"character_chosen":"THE_CONSTRUCT_MOD","items_purchased":["ReplayTheSpireMod:Mirror System"],"campfire_rested":0,"item_purchase_floors":[26],"current_hp_per_floor":[85,85,85,85,85,85,85,85,85,85,85,85,84,84,74,80,85,85,85,85,85,74,74,74,74,71,71,57,57,38,44,34,0,0],"gold":37,"neow_bonus":"THREE_ENEMY_KILL","is_daily":false,"chose_seed":false,"campfire_upgraded":6,"win_rate":0.0,"timestamp":1608275103,"path_taken":["R","M","?","?","M","R","T","R","M","E","?","?","M","?","M","BOSS","R","?","?","R","?","R","T","?","$","?","$","?","?","M","M","BOSS"],"items_purchased_type":["Card"],"build_version":"2020-12-13","purchased_purges":0,"victory":false,"max_hp_per_floor":[85,85,85,85,85,85,85,85,85,85,85,85,85,85,85,85,85,85,85,85,85,85,85,85,85,85,85,85,85,85,85,85,85,85],"card_choices":[{"not_picked":["construct:Rollout","construct:ClusterMines","construct:Accumulate"],"picked":"SKIP","floor":2},{"not_picked":["construct:Forcefield","construct:HardReboot"],"picked":"construct:Autoturret","floor":5},{"not_picked":["construct:FlammableFog","construct:Autoturret"],"picked":"construct:ReactiveShield","floor":9},{"not_picked":["ReplayTheSpireMod:Mirror System","construct:Boost"],"picked":"construct:FlashFreeze","floor":10},{"not_picked":["construct:ClusterMines","construct:PowerUp"],"picked":"construct:SaveState","floor":12},{"not_picked":["construct:Boost","construct:Backfire"],"picked":"construct:Tumble","floor":13},{"not_picked":["construct:ShiftStrike","construct:BlazingSpeed"],"picked":"construct:Meltdown","floor":15},{"not_picked":["construct:Reserves","construct:HastyRepair"],"picked":"construct:Supernova","floor":16},{"not_picked":["construct:FocusedBeam","construct:Backfire+1"],"picked":"construct:OilSpill+1","floor":22},{"not_picked":["construct:SaveState","construct:FocusedBeam+1","construct:Disrupt"],"picked":"SKIP","floor":26},{"not_picked":["construct:PhosphorStorm+1","construct:Dampening+1"],"picked":"construct:SpinDrive","floor":28},{"not_picked":["construct:Autoturret","construct:Backfire+1"],"picked":"construct:PointDefense","floor":30},{"not_picked":["construct:HeavyBolt","construct:ScrapCannon"],"picked":"construct:SiegeForm","floor":31},{"not_picked":["construct:Analyze","construct:Implosion+1"],"picked":"construct:ScrapCannon","floor":32}],"player_experience":257270,"relics_obtained":[{"floor":3,"key":"Kunai"},{"floor":7,"key":"Mercury Hourglass"},{"floor":10,"key":"Ornamental Fan"},{"floor":24,"key":"infinitespire:CheckeredPen"}],"event_choices":[{"damage_healed":0,"gold_gain":0,"player_choice":"Upgraded","damage_taken":0,"max_hp_gain":0,"max_hp_loss":0,"event_name":"Upgrade Shrine","floor":11,"gold_loss":0,"cards_upgraded":["construct:ReactiveShield"]},{"damage_healed":0,"gold_gain":0,"player_choice":"Inject Mutagens","damage_taken":0,"relics_obtained":["MutagenicStrength"],"max_hp_gain":0,"max_hp_loss":0,"event_name":"Drug Dealer","floor":20,"gold_loss":0}],"is_beta":false,"boss_relics":[{"not_picked":["Replay:Bronze Core","Runic Pyramid"],"picked":"Philosopher\u0027s Stone"}],"items_purged_floors":[],"is_endless":false,"potions_floor_spawned":[10,12,13,15,16,22,31],"killed_by":"downfall:Ironclad","ascension_level":0}}