{"host":"9ndbo4kgsfoemf7y","time":1608302298,"event":{"mods":["AchievementEnabler","BaseMod","Colored Map","DeckTracker","Keyboard Shortcuts","Minty Spire (QoL Compilation)","Permanent Neow","Quick Restart","Relic Stats","StSLib","SuperFastMode"],"gold_per_floor":[366,43,55,68,68,101,101,134,214,214,214],"floor_reached":10,"playtime":248,"items_purged":["Shame"],"score":144,"play_id":"1b97af25-2af6-4229-ae3e-cb983b9362a1","local_time":"20201218233818","is_ascension_mode":true,"campfire_choices":[{"data":"Strike_R","floor":7,"key":"PURGE"}],"circlet_count":0,"master_deck":["AscendersBane","Strike_R","Strike_R","Strike_R","Strike_R","Defend_R","Defend_R","Defend_R","Defend_R","Bash","Pommel Strike","Dark Embrace","Fiend Fire","Perfected Strike"],"relics":["Burning Blood","Medical Kit","Peace Pipe","CeramicFish","Bottled Tornado"],"acts_visited":["Exordium"],"potions_floor_usage":[6,6],"damage_taken":[{"damage":9,"enemies":"2 Louse","floor":1,"turns":3},{"damage":9,"enemies":"Jaw Worm","floor":3,"turns":3},{"damage":18,"enemies":"Small Slimes","floor":4,"turns":5},{"damage":25,"enemies":"3 Sentries","floor":6,"turns":6},{"damage":32,"enemies":"Gremlin Nob","floor":8,"turns":4},{"damage":30,"enemies":"3 Sentries","floor":10,"turns":4}],"seed_played":"3115237645411153967","potions_obtained":[{"floor":1,"key":"BlessingOfTheForge"},{"floor":4,"key":"AttackPotion"},{"floor":6,"key":"FairyPotion"}],"is_trial":false,"path_per_floor":["M","$","M","M","$","E","R","E","T","E"],"character_chosen":"IRONCLAD","items_purchased":["Medical Kit","Dark Embrace"],"campfire_rested":0,"item_purchase_floors":[2,2],"current_hp_per_floor":[65,65,62,50,50,31,31,28,28,0,0],"gold":214,"neow_bonus":"TWO_FIFTY_GOLD","is_daily":false,"chose_seed":false,"campfire_upgraded":0,"win_rate":0.0,"timestamp":1608302298,"path_taken":["M","$","M","M","$","E","R","E","T","E"],"items_purchased_type":["Relic","Card"],"build_version":"2020-12-13","purchased_purges":1,"victory":false,"max_hp_per_floor":[75,75,75,75,75,75,75,75,75,75,75],"relic_stats":{"Peace Pipe":1,"counters":[6,25],"CeramicFish":0,"Medical Kit":[22],"obtain_stats":[{"Peace Pipe":6,"CeramicFish":8,"Bottled Tornado":9,"Medical Kit":2,"Burning Blood":0},{"Peace Pipe":4,"CeramicFish":5,"Bottled Tornado":5,"Medical Kit":1,"Burning Blood":0},{"Peace Pipe":17,"CeramicFish":21,"Bottled Tornado":21,"Medical Kit":3,"Burning Blood":0}],"Burning Blood":30},"card_choices":[{"not_picked":["Pummel","Iron Wave"],"picked":"Pommel Strike","floor":1},{"not_picked":["True Grit","Warcry","Metallicize"],"picked":"SKIP","floor":3},{"not_picked":["Havoc","Clothesline"],"picked":"Fiend Fire","floor":4},{"not_picked":["Battle Trance","Body Slam"],"picked":"Perfected Strike","floor":6},{"not_picked":["Body Slam","Reckless Charge","Carnage"],"picked":"SKIP","floor":8}],"player_experience":698017,"relics_obtained":[{"floor":6,"key":"Peace Pipe"},{"floor":8,"key":"CeramicFish"},{"floor":9,"key":"Bottled Tornado"}],"event_choices":[],"is_beta":false,"boss_relics":[],"items_purged_floors":[2],"is_endless":false,"potions_floor_spawned":[1,4,6],"killed_by":"3 Sentries","ascension_level":18}}