{"host":"j49z5jz0n7e8vjox","time":1608308957,"event":{"mods":["AchievementEnabler","BaseMod","Bestiary","Colored Map","Colored Powertips","DeckTracker","Minty Spire (QoL Compilation)"],"gold_per_floor":[114,134,134,155,170,17,33,33,114,114,114,139,139,64,64,193,193,209,222,222,240,240,275,299,337,337,356,356,390,390,433,433,563,563,577,640,663,683,696,730,20,33,33,56,56,80,32,51,51,51,51,51,51,91,91,91],"floor_reached":55,"playtime":5883,"items_purged":["Injury"],"score":990,"play_id":"30075dff-0fed-4bb8-95f7-740ec8f2e200","local_time":"20201218102917","is_ascension_mode":true,"campfire_choices":[{"data":"Trip","floor":8,"key":"SMITH"},{"data":"Glass Knife","floor":10,"key":"SMITH"},{"data":"Noxious Fumes","floor":13,"key":"SMITH"},{"data":"Footwork","floor":15,"key":"SMITH"},{"floor":28,"key":"REST"},{"data":"1","floor":30,"key":"LIFT"},{"floor":32,"key":"REST"},{"floor":49,"key":"RECALL"},{"floor":52,"key":"REST"}],"circlet_count":0,"master_deck":["Defend_G+1","Defend_G+1","Defend_G+1","Defend_G+1","Defend_G+1","Survivor","Neutralize","Trip+1","Flying Knee","Deflect","Caltrops","Noxious Fumes+1","Glass Knife+1","Footwork+1","Adrenaline","Skewer+1","Backflip","Bite","Bite","Bite","Bite","Bite","Acrobatics","Well Laid Plans","PiercingWail","Deadly Poison","PiercingWail","Night Terror","Underhanded Strike+1","Acrobatics+1","Tactician+1","Catalyst","Sucker Punch+1","Bouncing Flask","PiercingWail+1","Prepared","Deadly Poison+1"],"relics":["Ring of the Snake","Golden Idol","Matryoshka","Fusion Hammer","Lizard Tail","Centennial Puzzle","Girya","Question Card","StrikeDummy","PreservedInsect","HoveringKite","Du-Vu Doll","Dead Branch","Vajra","Ornamental Fan","OrangePellets","Shuriken","Snake Skull"],"acts_visited":["Exordium","TheCity","TheBeyond","TheEnding"],"potions_floor_usage":[16,16,18,23,25,29,33,36,39,44,50,54,55],"damage_taken":[{"damage":1,"enemies":"Jaw Worm","floor":1,"turns":4},{"damage":0,"enemies":"2 Louse","floor":2,"turns":2},{"damage":1,"enemies":"Small Slimes","floor":4,"turns":3},{"damage":7,"enemies":"Gremlin Gang","floor":5,"turns":6},{"damage":0,"enemies":"Red Slaver","floor":7,"turns":4},{"damage":1,"enemies":"2 Fungi Beasts","floor":12,"turns":2},{"damage":15,"enemies":"Hexaghost","floor":16,"turns":8},{"damage":4,"enemies":"Spheric Guardian","floor":18,"turns":5},{"damage":0,"enemies":"3 Byrds","floor":19,"turns":4},{"damage":11,"enemies":"Cultist and Chosen","floor":21,"turns":6},{"damage":46,"enemies":"Gremlin Leader","floor":23,"turns":8},{"damage":10,"enemies":"Sentry and Sphere","floor":24,"turns":7},{"damage":10,"enemies":"Slavers","floor":25,"turns":5},{"damage":0,"enemies":"Snake Plant","floor":27,"turns":4},{"damage":9,"enemies":"Book of Stabbing","floor":29,"turns":8},{"damage":37,"enemies":"Slavers","floor":31,"turns":5},{"damage":58,"enemies":"Champ","floor":33,"turns":10},{"damage":0,"enemies":"3 Shapes","floor":35,"turns":5},{"damage":31,"enemies":"Mind Bloom Boss Battle","floor":36,"turns":6},{"damage":2,"enemies":"Orb Walker","floor":37,"turns":3},{"damage":8,"enemies":"Writhing Mass","floor":38,"turns":7},{"damage":6,"enemies":"Spire Growth","floor":39,"turns":5},{"damage":10,"enemies":"Giant Head","floor":40,"turns":7},{"damage":8,"enemies":"Sphere and 2 Shapes","floor":42,"turns":7},{"damage":7,"enemies":"Transient","floor":44,"turns":5},{"damage":13,"enemies":"4 Shapes","floor":46,"turns":5},{"damage":2,"enemies":"Spire Growth","floor":48,"turns":6},{"damage":25,"enemies":"Donu and Deca","floor":50,"turns":11},{"damage":23,"enemies":"Shield and Spear","floor":54,"turns":4},{"damage":50,"enemies":"The Heart","floor":55,"turns":3}],"seed_played":"3059847379214218001","potions_obtained":[{"floor":1,"key":"PowerPotion"},{"floor":5,"key":"Block Potion"},{"floor":7,"key":"Strength Potion"},{"floor":12,"key":"SkillPotion"},{"floor":16,"key":"LiquidBronze"},{"floor":24,"key":"SpeedPotion"},{"floor":27,"key":"AttackPotion"},{"floor":31,"key":"AttackPotion"},{"floor":33,"key":"Energy Potion"},{"floor":38,"key":"EntropicBrew"},{"floor":44,"key":"Explosive Potion"},{"floor":46,"key":"Weak Potion"}],"is_trial":false,"path_per_floor":["M","M","?","M","M","$","M","R","T","R","?","M","R","$","R","B",null,"M","M","?","M","?","E","M","E","T","M","R","E","R","E","R","B",null,"M","?","M","M","M","E","$","M","T","M","?","M","$","M","R","B",null,"R","$","E","B"],"character_chosen":"THE_SILENT","items_purchased":["Glass Knife","GhostInAJar","Vajra","Ornamental Fan","OrangePellets","Bouncing Flask","BlessingOfTheForge"],"campfire_rested":3,"item_purchase_floors":[6,41,41,41,41,41,47],"current_hp_per_floor":[62,62,62,61,54,54,54,54,54,54,59,58,58,58,58,43,67,63,63,52,45,45,13,25,23,23,29,44,45,45,10,25,23,45,52,29,33,33,35,39,39,43,43,44,44,37,37,43,43,22,42,49,49,26,0,0],"gold":91,"neow_bonus":"RANDOM_COLORLESS","is_daily":false,"chose_seed":false,"campfire_upgraded":4,"win_rate":0.0,"timestamp":1608308957,"path_taken":["M","M","?","M","M","$","M","R","T","R","?","M","R","$","R","BOSS","M","M","?","M","?","E","M","E","T","M","R","E","R","E","R","BOSS","M","?","M","M","M","E","$","M","T","M","?","M","$","M","R","BOSS","R","$","E","BOSS"],"items_purchased_type":["Card","Potion","Relic","Relic","Relic","Card","Potion"],"build_version":"2020-12-13","purchased_purges":1,"victory":false,"max_hp_per_floor":[70,70,70,70,70,70,70,70,70,70,75,75,75,75,75,75,75,75,75,52,52,52,52,52,52,52,52,52,52,52,52,52,52,52,52,52,52,52,52,52,52,52,52,52,49,49,49,49,49,49,49,49,49,49,49,49],"card_choices":[{"not_picked":["Forethought","Jack Of All Trades"],"picked":"Trip","floor":0},{"not_picked":["Blade Dance","PiercingWail"],"picked":"Flying Knee","floor":1},{"not_picked":["Riddle With Holes","Bane"],"picked":"Deflect","floor":2},{"not_picked":["Bane","Cloak And Dagger"],"picked":"Caltrops","floor":4},{"not_picked":["Flying Knee","Dodge and Roll"],"picked":"Noxious Fumes","floor":5},{"not_picked":["Leg Sweep","Dagger Spray"],"picked":"Footwork","floor":7},{"not_picked":["Eviscerate","Catalyst","Slice"],"picked":"SKIP","floor":12},{"not_picked":["Grand Finale","Malaise"],"picked":"Adrenaline","floor":16},{"not_picked":["Cloak And Dagger","Heel Hook+1"],"picked":"Skewer+1","floor":18},{"not_picked":["Quick Slash","Deflect+1"],"picked":"Backflip","floor":19},{"not_picked":["Flechettes","Slice","Heel Hook"],"picked":"SKIP","floor":21},{"not_picked":["Deflect","Dagger Throw"],"picked":"Acrobatics","floor":23},{"not_picked":["Expertise","Outmaneuver"],"picked":"Well Laid Plans","floor":24},{"not_picked":["Blade Dance","Dagger Spray"],"picked":"PiercingWail","floor":25},{"not_picked":["Finisher","Dagger Spray","Sucker Punch","Quick Slash"],"picked":"SKIP","floor":27},{"not_picked":["Tactician","Infinite Blades","Well Laid Plans"],"picked":"Deadly Poison","floor":29},{"not_picked":["Poisoned Stab","Burst","Eviscerate"],"picked":"PiercingWail","floor":31},{"not_picked":["Malaise","Grand Finale","Doppelganger"],"picked":"Night Terror","floor":33},{"not_picked":["Quick Slash+1","Setup+1","Cloak And Dagger"],"picked":"Underhanded Strike+1","floor":35},{"not_picked":["Backflip","Sucker Punch+1","Deadly Poison"],"picked":"Acrobatics+1","floor":36},{"not_picked":["Flying Knee","Prepared","Blade Dance+1","Outmaneuver"],"picked":"SKIP","floor":37},{"not_picked":["Slice+1","Sucker Punch","Doppelganger"],"picked":"Tactician+1","floor":38},{"not_picked":["Prepared","Sucker Punch+1","Choke"],"picked":"Catalyst","floor":39},{"not_picked":["Dagger Throw+1","Tactician+1","Envenom"],"picked":"Sucker Punch+1","floor":40},{"not_picked":["Dagger Throw+1","Choke+1","Dodge and Roll+1"],"picked":"PiercingWail+1","floor":42},{"not_picked":["Blade Dance","Sucker Punch+1","Cloak And Dagger+1"],"picked":"Prepared","floor":44},{"not_picked":["Quick Slash","Outmaneuver+1","Dagger Throw+1"],"picked":"Deadly Poison+1","floor":46},{"not_picked":["Deadly Poison","Sucker Punch","Blade Dance+1","Finisher"],"picked":"SKIP","floor":48},{"not_picked":["Finisher","Endless Agony+1","Terror","Die Die Die"],"picked":"SKIP","floor":54}],"player_experience":702631,"relics_obtained":[{"floor":9,"key":"Matryoshka"},{"floor":23,"key":"Lizard Tail"},{"floor":25,"key":"Centennial Puzzle"},{"floor":26,"key":"Girya"},{"floor":26,"key":"Question Card"},{"floor":29,"key":"StrikeDummy"},{"floor":31,"key":"PreservedInsect"},{"floor":36,"key":"Du-Vu Doll"},{"floor":40,"key":"Dead Branch"},{"floor":43,"key":"Shuriken"},{"floor":54,"key":"Snake Skull"}],"event_choices":[{"damage_healed":0,"gold_gain":0,"player_choice":"Take Wound","damage_taken":0,"relics_obtained":["Golden Idol"],"max_hp_gain":0,"max_hp_loss":0,"event_name":"Golden Idol","floor":3,"gold_loss":0,"cards_obtained":["Injury"]},{"damage_healed":0,"gold_gain":0,"player_choice":"Donut","damage_taken":0,"max_hp_gain":5,"max_hp_loss":0,"event_name":"Big Fish","floor":11,"gold_loss":0},{"damage_healed":0,"gold_gain":0,"player_choice":"Became a vampire","damage_taken":0,"max_hp_gain":0,"max_hp_loss":23,"event_name":"Vampires","floor":20,"gold_loss":0,"cards_obtained":["Bite","Bite","Bite","Bite","Bite"]},{"damage_healed":0,"gold_gain":0,"player_choice":"Simplicity","damage_taken":0,"max_hp_gain":0,"max_hp_loss":0,"event_name":"Back to Basics","floor":22,"gold_loss":0,"cards_upgraded":["Defend_G","Defend_G","Defend_G","Defend_G","Defend_G"]},{"damage_healed":0,"gold_gain":0,"player_choice":"Fight","damage_taken":0,"max_hp_gain":0,"max_hp_loss":0,"event_name":"MindBloom","floor":36,"gold_loss":0},{"damage_healed":0,"gold_gain":0,"player_choice":"Max HP","damage_taken":0,"max_hp_gain":0,"max_hp_loss":3,"event_name":"Winding Halls","floor":45,"gold_loss":0}],"is_beta":false,"boss_relics":[{"not_picked":["Tiny House","Busted Crown"],"picked":"Fusion Hammer"},{"not_picked":["Pandora\u0027s Box","SacredBark"],"picked":"HoveringKite"}],"items_purged_floors":[14],"is_endless":false,"potions_floor_spawned":[1,5,7,12,16,24,27,31,33,38,44,46],"killed_by":"The Heart","ascension_level":6}}