{"host":"j0xplkvqphkjqyt2","time":1608284095,"event":{"mods":["Act Like it!","BaseMod","Library of Ruina","Library of Ruina Extra","Lobotomy","LobotomyExtend","Minty Spire (QoL Compilation)","MostiFishMod","Replay The Spire","RumiaBox-露米娅的神秘盒子","Spicy Shops","StSLib","TestMod","Waifu the Spire","【遗物卡牌】REMEMod"],"gold_per_floor":[-300,-280,-262,-262,-250,-250,-220,-205,-205,-175,-175,-175,-155,-155,-155,-51,-51,-51,-51],"floor_reached":18,"playtime":859,"items_purged":[],"score":359,"play_id":"4c93feb7-d70d-4a9d-b1c0-2869f797f9a8","local_time":"20201218173455","is_ascension_mode":true,"campfire_choices":[{"data":"MostiFishMod:RacingGame","floor":6,"key":"SMITH"},{"data":"SunsetBlade","floor":11,"key":"SMITH"},{"floor":15,"key":"REST"}],"circlet_count":0,"master_deck":["LightDefense","LightAttack","LightAttack","LightDefense","LightDefense","LightDefense","ChargeAndCover","FocusedStrikes","MostiFishMod:RacingGame+1","PunishingBird","WildCard","RepressedFlesh","BayonetCombat","SkyClearingCut","Funeral","SunsetBlade+1","FlashingStrike","TheRedNotes","TendonChords","CrackOfDawn","UnforgettableMelody","FormingStorm","DestructiveImpact","DimensionalRift","DevastatingThrash","Ripple","EmotionalTurbulence","Tttonst","WillProduceFineSilk","Observe"],"relics":["PageOfLibrarian","testmod-TestBox","DaveBox","REME_ComplimentaryCards","testmod-IndustrialRevolution","ImprovedEquipment","CogitoBucket","RabbitCall","Question Card","Baka","LetterFromLob","Divine Protection","AspirationHeart","Bottled Tornado","ImportantClient","testmod-StringDisintegrator"],"acts_visited":["Exordium","TheCity"],"potions_floor_usage":[],"damage_taken":[{"damage":7,"enemies":"Jaw Worm","floor":1,"turns":6},{"damage":0,"enemies":"2 Louse","floor":2,"turns":2},{"damage":0,"enemies":"Cultist","floor":3,"turns":2},{"damage":16,"enemies":"Large Slime","floor":5,"turns":3},{"damage":3,"enemies":"Replay:BlueRogue","floor":7,"turns":2},{"damage":19,"enemies":"Exordium Wildlife","floor":8,"turns":3},{"damage":0,"enemies":"3 Sentries","floor":10,"turns":4},{"damage":7,"enemies":"Lots of Slimes","floor":13,"turns":5},{"damage":0,"enemies":"Fading Forest","floor":16,"turns":10}],"seed_played":"5766057975216290260","potions_obtained":[],"is_trial":false,"path_per_floor":["M","M","M","$","M","R","E","M","T","E","R","?","M","$","R","B",null,"M"],"character_chosen":"Librarian","items_purchased":[],"campfire_rested":1,"item_purchase_floors":[],"current_hp_per_floor":[53,53,53,53,37,37,34,26,26,30,30,30,36,36,65,84,95,95,95],"gold":-51,"neow_bonus":"","is_daily":false,"chose_seed":false,"campfire_upgraded":2,"win_rate":0.0,"timestamp":1608284095,"path_taken":["M","M","M","$","M","R","E","M","T","E","R","?","M","?","R","BOSS","M"],"items_purchased_type":[],"build_version":"2020-12-13","purchased_purges":0,"victory":false,"max_hp_per_floor":[63,70,70,70,70,70,70,72,72,99,99,99,99,99,99,99,99,99,99],"card_choices":[{"not_picked":["Murderer","WallGazer"],"picked":"PunishingBird","floor":1},{"not_picked":["ProselytesBlade","InhaleSmoke","Riposte","BackAttack","SpearedSweep","Preparation","Execute_lor","HighKick"],"picked":"WildCard","floor":1},{"not_picked":["OldLady","NakedNest","MHz"],"picked":"Singing Bowl","floor":2},{"not_picked":["EndlessBattle","TendonChords","HiddenBlade","StrongStrike","StartinOutLightly","AlloutWar","HighKick","FeelinGood","FlyingSword"],"picked":"RepressedFlesh","floor":2},{"not_picked":["EnergyBeam","GuardingStance","WillBeTasty","Parry","SmokingPipe","InnerArdor","IngredientHunt","Standoff","DesperateStruggle","FocusFire"],"picked":"SKIP","floor":2},{"not_picked":["UpbeatPerformance","UnavoidableGaze","AsThePrescriptOrders","Juggling","Marionette","DevastatingThrash","Parry","HardRehearsal","Deflect_lor","ElectricShock"],"picked":"SKIP","floor":2},{"not_picked":["Leap_lor","FrontalAssault","WaitUp","GatherIntel","QuickAttack","KeepItFresh","RushDown","PuppetBlockade","BackAttack","AsThePrescriptOrders"],"picked":"SKIP","floor":2},{"not_picked":["BlackSwan","Scorched","BeautyBeast"],"picked":"Singing Bowl","floor":3},{"not_picked":["YourShield","LeRegole","EnergyConversion","LossOfSenses","Quickness","OpportunitySpotted","FierceCharge","TheArtOfRapidSteps","Guardian_lor"],"picked":"Unlock1","floor":3},{"not_picked":["Leap_lor","SunsetBlade","SmokingPipe","GuidanceOfTheGears","ElectricShock","Pound","BackAttack","SkitterAway","AlloutWar","Faith"],"picked":"SKIP","floor":3},{"not_picked":["Faith","SharpSwipe","StructuralAnalysis","StrongStrike","SparkingSpear","MultiHit","StartinOutLightly","WillOfThePrescript","HandleRequest","CircusKnives"],"picked":"SKIP","floor":3},{"not_picked":["AutonomousRush","FrontalAssault","StructuralAnalysis","AsThePrescriptOrders","SpearedSweep","SharpSwipe","HiddenBlade","Unlock1","Ripple","UpbeatPerformance"],"picked":"SKIP","floor":3},{"not_picked":["MeatLantern","OSAHOGD","CherryBlossoms"],"picked":"Singing Bowl","floor":5},{"not_picked":["ProselytesBlade","DesperateStruggle","DefenseOrder","Creak","DaringDecision","SpearedSweep","DeepDrag","AsThePrescriptOrders","FleetFootsteps"],"picked":"BayonetCombat","floor":5},{"not_picked":["DesperateStruggle","SuppressingShot","Wallop_lor","HighSpeedStabbing","Zzzzzap","SpearedSweep","EndlessBattle","Rewind","DarkCloud"],"picked":"SkyClearingCut","floor":5},{"not_picked":["SharpSwipe","Rewind","GuardingStance","LawAndOrder","BizarreAttack","FrontalAssault","DeepDrag","WillOfThePrescript","HeavyPeaks","SpearedSweep"],"picked":"SKIP","floor":5},{"not_picked":["EndlessBattle","UpbeatPerformance","StructuralAnalysis","Struggle","SenseQuarry","Quickness","Parry","Thrust","ExtractFuel","SearingSword"],"picked":"SKIP","floor":5},{"not_picked":["Rudolta","WallGazer"],"picked":"Funeral","floor":7},{"not_picked":["InkOver","Standoff","HighSpeedStabbing","FierceCharge","FleetEdge","OpportunitySpotted","EmotionalTurbulence","QuickAttack","Wallop_lor"],"picked":"SunsetBlade","floor":7},{"not_picked":["Reload","Quickness","FleetEdge","NightInTheBackstreets","SummaryJudgment","WaitUp","MultiHit","Parry","FleshFillet"],"picked":"FlashingStrike","floor":7},{"not_picked":["Outburst","HandleRequest","GuardingStance","ScatteringSlash","IronWall","StructuralAnalysis","SomberProcuration","HighKick","CookingPrep"],"picked":"TheRedNotes","floor":7},{"not_picked":["Unlock1","UnavoidableGaze","RatsGuideToSurvival","EndlessBattle","ProselytesBlade","GuidanceOfTheGears","Rampage_lor","SunsetBlade","SuppressingShot","Wallop_lor"],"picked":"SKIP","floor":7},{"not_picked":["SuppressingShot","EnergyCycle","NonstopAssault","InkOver","InnerArdor","GuardingStance","BayonetCombat","DirtyBlow","Multislash"],"picked":"TendonChords","floor":8},{"not_picked":["MultiBlock","UnavoidableGaze","PuppetBlockade","TraceOfFumes","ButterflySlash","Parry","HighKick","QuickAttack","Pound"],"picked":"CrackOfDawn","floor":8},{"not_picked":["QuickAttack","SmokingPipe","Rewind","EndlessBattle","UnavoidableGaze","SilentNight","NightInTheBackstreets","HandleRequest","Standoff","Fence"],"picked":"SKIP","floor":8},{"not_picked":["ToOvercomeCrisis","Thirst","EndlessBattle","QuickAttack","EnergyConversion","Faith","BizarreAttack","SteelKnuckles","WillOfThePrescript","UpbeatPerformance"],"picked":"SKIP","floor":8},{"not_picked":["Murderer","OSAHOGD","MeatLantern"],"picked":"Singing Bowl","floor":10},{"not_picked":["UnavoidableGaze","AsThePrescriptOrders","WillBeTasty","ClassAndRespect","TendonChords","QuickAttack","EndlessBattle","Standoff","SmokingPipe"],"picked":"UnforgettableMelody","floor":10},{"not_picked":["ScratchThat","BladeWhirl","Diversion","Outburst","AbsorbImpact","BackstreetsDash","StartinOutLightly","Multislash","HeavyPeaks"],"picked":"FormingStorm","floor":10},{"not_picked":["InhaleSmoke","WillOfThePrescript","HiddenBlade","DesperateStruggle","InkOver","MultiBlock","BackAttack","AsThePrescriptOrders","CookingPrep","Leap_lor"],"picked":"SKIP","floor":10},{"not_picked":["FendThisOffIfYouCan","WillOfThePrescript","DirtyBlow","HandleRequest","Brawl","Struggle","Mutilate","HeavyPeaks","Diversion","UpbeatPerformance"],"picked":"SKIP","floor":10},{"not_picked":["WallGazer","SingingMachine","LaLuna"],"picked":"Singing Bowl","floor":13},{"not_picked":["StructuralAnalysis","ForcefulGesture","GuardingStance","Diversion","Guardian_lor","EnergyCycle","StrongStrike","HiddenBlade","ScratchThat"],"picked":"DimensionalRift","floor":13},{"not_picked":["QuickAttack","SomberProcuration","EnergyCycle","SteelKnuckles","Faith","TendonChords","HighKick","FierceCharge","IngredientHunt"],"picked":"DevastatingThrash","floor":13},{"not_picked":["WaitUp","DriedUp","BlowItUp","GatherIntel","Overcharge","ShockRound","Outburst","DesperateStruggle","Deflect_lor"],"picked":"Ripple","floor":13},{"not_picked":["MultiBlock","FeatherShield","SunsetBlade","Creak","Parry","Tttonst","HandleRequest","Wallop_lor","FierceCharge","ButterflySlash"],"picked":"SKIP","floor":13},{"not_picked":["LittlePrince","Scorched","MeatLantern"],"picked":"Singing Bowl","floor":16},{"not_picked":["Deflect_lor","Transpierce","LeRegole"],"picked":"EmotionalTurbulence","floor":16},{"not_picked":["FormingStorm","EmotionalTurbulence","UnforgettableMelody"],"picked":"Tttonst","floor":16},{"not_picked":["SilentNight","LeRegole","Cruelty"],"picked":"WillProduceFineSilk","floor":16},{"not_picked":["RipSpace","BoundaryOfDeath","CrackOfDawn"],"picked":"Observe","floor":16}],"player_experience":104249,"relics_obtained":[{"floor":1,"key":"Question Card"},{"floor":1,"key":"Baka"},{"floor":1,"key":"LetterFromLob"},{"floor":7,"key":"Divine Protection"},{"floor":10,"key":"Bottled Tornado"},{"floor":16,"key":"ImportantClient"}],"event_choices":[{"damage_healed":0,"gold_gain":0,"cards_transformed":["LightAttack"],"player_choice":"Transformed","damage_taken":0,"max_hp_gain":0,"max_hp_loss":0,"event_name":"Transmorgrifier","floor":12,"gold_loss":0,"cards_obtained":["DestructiveImpact"]}],"is_beta":false,"boss_relics":[{"not_picked":["Astrolabe","testmod-PortableAltar"],"picked":"testmod-StringDisintegrator"}],"items_purged_floors":[],"is_endless":false,"potions_floor_spawned":[],"ascension_level":5}}