{"host":"dpbezu80jg8zk7un","time":1608320050,"event":{"mods":["BaseMod","Colored Map","Colored Powertips","Custom Start","DeckTracker","Minty Spire (QoL Compilation)","Quick Restart","StSLib","SuperFastMode"],"gold_per_floor":[369,369,388,388,88,88,105,132,132,144,144,144,159,186,186,258,258,272,272,172,183,203,234,234,159,159,213,213,242,242,14,14,87,87,98,114,114,131,142,142,177,197,197,197,211,223,103,137,137,137,137,137,137,28,59,59],"floor_reached":57,"playtime":2025,"items_purged":["Strike_P","Defend_P","Strike_P","Defend_P"],"score":3130,"play_id":"c59f8400-3d95-429f-bacc-eecb33155a9d","local_time":"20201219043410","is_ascension_mode":true,"campfire_choices":[{"data":"Pray","floor":6.0,"key":"SMITH"},{"data":"Devotion","floor":12.0,"key":"SMITH"},{"data":"Vault","floor":15.0,"key":"SMITH"},{"floor":24.0,"key":"REST"},{"floor":28.0,"key":"REST"},{"data":"Adaptation","floor":30.0,"key":"SMITH"},{"data":"Prostrate","floor":32.0,"key":"SMITH"},{"floor":40.0,"key":"RECALL"},{"floor":49.0,"key":"REST"},{"floor":53.0,"key":"REST"}],"circlet_count":0,"master_deck":["AscendersBane","Strike_P+1","Defend_P+1","Eruption+1","Vigilance+1","Pray+1","Brilliance+1","Devotion+1","FearNoEvil+1","Pray+1","Vault+1","MentalFortress+1","Prostrate+1","Adaptation+1","WheelKick+1","LessonLearned+1","Wallop+1","InnerPeace+1"],"relics":["PureWater","Bottled Lightning","Vajra","Potion Belt","Pen Nib","SacredBark","The Courier","Bag of Marbles","Turnip","Bag of Preparation","Cursed Key","CloakClasp","Meat on the Bone","Anchor"],"acts_visited":["Exordium","TheCity","TheBeyond","TheEnding"],"potions_floor_usage":[56,56],"damage_taken":[{"damage":0.0,"enemies":"Small Slimes","floor":1.0,"turns":2.0},{"damage":0.0,"enemies":"Cultist","floor":3.0,"turns":2.0},{"damage":0.0,"enemies":"2 Louse","floor":7.0,"turns":2.0},{"damage":0.0,"enemies":"Lagavulin","floor":8.0,"turns":4.0},{"damage":0.0,"enemies":"2 Fungi Beasts","floor":10.0,"turns":3.0},{"damage":5.0,"enemies":"Blue Slaver","floor":13.0,"turns":3.0},{"damage":11.0,"enemies":"Gremlin Nob","floor":14.0,"turns":3.0},{"damage":16.0,"enemies":"The Guardian","floor":16.0,"turns":9.0},{"damage":3.0,"enemies":"Shell Parasite","floor":18.0,"turns":5.0},{"damage":31.0,"enemies":"2 Thieves","floor":21.0,"turns":4.0},{"damage":6.0,"enemies":"3 Cultists","floor":22.0,"turns":3.0},{"damage":3.0,"enemies":"Slavers","floor":23.0,"turns":2.0},{"damage":0.0,"enemies":"Gremlin Leader","floor":29.0,"turns":4.0},{"damage":8.0,"enemies":"Automaton","floor":33.0,"turns":7.0},{"damage":1.0,"enemies":"3 Shapes","floor":35.0,"turns":3.0},{"damage":0.0,"enemies":"3 Darklings","floor":36.0,"turns":5.0},{"damage":0.0,"enemies":"4 Shapes","floor":38.0,"turns":3.0},{"damage":0.0,"enemies":"Spire Growth","floor":39.0,"turns":4.0},{"damage":9.0,"enemies":"Nemesis","floor":41.0,"turns":4.0},{"damage":17.0,"enemies":"Writhing Mass","floor":42.0,"turns":7.0},{"damage":0.0,"enemies":"Reptomancer","floor":44.0,"turns":3.0},{"damage":0.0,"enemies":"4 Shapes","floor":45.0,"turns":3.0},{"damage":0.0,"enemies":"Spire Growth","floor":46.0,"turns":2.0},{"damage":7.0,"enemies":"Nemesis","floor":48.0,"turns":6.0},{"damage":0.0,"enemies":"Awakened One","floor":50.0,"turns":6.0},{"damage":0.0,"enemies":"Time Eater","floor":51.0,"turns":7.0},{"damage":0.0,"enemies":"Shield and Spear","floor":55.0,"turns":3.0},{"damage":40,"enemies":"The Heart","floor":56,"turns":7}],"seed_played":"9101027797501867264","potions_obtained":[{"floor":3.0,"key":"Block Potion"},{"floor":7.0,"key":"AttackPotion"},{"floor":14.0,"key":"AttackPotion"},{"floor":18.0,"key":"Explosive Potion"},{"floor":21.0,"key":"Strength Potion"},{"floor":29.0,"key":"LiquidBronze"},{"floor":33.0,"key":"SkillPotion"},{"floor":36.0,"key":"StancePotion"},{"floor":41.0,"key":"SmokeBomb"},{"floor":45.0,"key":"PowerPotion"},{"floor":48.0,"key":"LiquidMemories"}],"is_trial":false,"path_per_floor":["M","?","M","?","$","R","M","E","T","M","?","R","M","E","R","B",null,"M","?","$","M","M","E","R","?","T","T","R","E","R","$","R","B",null,"M","M","?","M","M","R","E","M","T","E","M","M","$","E","R","B","B",null,"R","$","E","B",null],"character_chosen":"WATCHER","items_purchased":["Pray","Brilliance","Bag of Preparation","Block Potion","Ancient Potion"],"campfire_rested":4,"item_purchase_floors":[5,5,31,54,54],"current_hp_per_floor":[43,43,43,43,43,43,43,43,43,43,43,43,38,27,27,11,54,51,51,51,20,14,11,31,31,31,31,51,51,51,51,51,43,62,61,61,61,61,61,61,52,35,35,35,35,35,35,28,48,48,48,63,68,68,68,40],"gold":59,"neow_bonus":"TWO_FIFTY_GOLD","is_daily":false,"chose_seed":false,"campfire_upgraded":5,"win_rate":0.0,"timestamp":1608320050,"path_taken":["M","?","?","?","$","R","M","E","T","?","?","R","M","E","R","BOSS","M","?","$","M","M","E","R","?","T","?","R","E","R","$","R","BOSS","M","M","?","M","M","R","E","M","T","E","M","M","$","E","R","BOSS","BOSS","R","$","E","BOSS"],"items_purchased_type":["Card","Card","Relic","Potion","Potion"],"build_version":"2020-12-13","purchased_purges":4,"victory":true,"max_hp_per_floor":[68,68,68,68,68,68,68,68,68,68,68,68,68,68,68,68,68,68,68,68,68,68,68,68,68,68,68,68,68,68,68,68,68,68,68,68,68,68,68,68,68,68,68,68,68,68,68,68,68,68,68,68,68,68,68,68],"card_choices":[{"not_picked":["Halt","SashWhip","Crescendo"],"picked":"SKIP","floor":1.0},{"not_picked":["Halt","Sanctity","ForeignInfluence"],"picked":"SKIP","floor":3.0},{"not_picked":["ClearTheMind","MentalFortress"],"picked":"Devotion","floor":7.0},{"not_picked":["LikeWater","Halt","TalkToTheHand"],"picked":"SKIP","floor":8.0},{"not_picked":["SandsOfTime","PathToVictory"],"picked":"FearNoEvil","floor":10.0},{"not_picked":["ClearTheMind","SashWhip"],"picked":"Pray","floor":13.0},{"not_picked":["LikeWater","FlurryOfBlows"],"picked":"Vault","floor":14.0},{"not_picked":["Weave","FlyingSleeves","Consecrate"],"picked":"SKIP","floor":18.0},{"not_picked":["Crescendo","Protect"],"picked":"MentalFortress+1","floor":21.0},{"not_picked":["BowlingBash","FlyingSleeves"],"picked":"Prostrate","floor":22.0},{"not_picked":["Indignation","ConjureBlade"],"picked":"Adaptation","floor":23.0},{"not_picked":["Devotion","Wallop"],"picked":"WheelKick","floor":29.0},{"not_picked":["Ragnarok","Vault"],"picked":"LessonLearned","floor":33.0},{"not_picked":["WreathOfFlame","ClearTheMind+1","Worship"],"picked":"SKIP","floor":35.0},{"not_picked":["Protect","ClearTheMind"],"picked":"Wallop+1","floor":36.0},{"not_picked":["PathToVictory","EmptyBody+1","CarveReality"],"picked":"SKIP","floor":38.0},{"not_picked":["CutThroughFate","CrushJoints","Vengeance"],"picked":"SKIP","floor":39.0},{"not_picked":["Evaluate","PathToVictory","Brilliance"],"picked":"SKIP","floor":41.0},{"not_picked":["SandsOfTime","ThirdEye","BowlingBash"],"picked":"SKIP","floor":42.0},{"not_picked":["Evaluate","EmptyBody"],"picked":"InnerPeace+1","floor":45.0},{"not_picked":["FlyingSleeves","FlurryOfBlows+1","FollowUp"],"picked":"SKIP","floor":46.0},{"not_picked":["EmptyBody+1","JustLucky","Wireheading+1"],"picked":"SKIP","floor":48.0},{"not_picked":["Consecrate","SpiritShield","Protect"],"picked":"SKIP","floor":55.0}],"player_experience":2764608,"relics_obtained":[{"floor":8.0,"key":"Bottled Lightning"},{"floor":9.0,"key":"Vajra"},{"floor":14.0,"key":"Pen Nib"},{"floor":23.0,"key":"The Courier"},{"floor":26.0,"key":"Bag of Marbles"},{"floor":29.0,"key":"Turnip"},{"floor":41.0,"key":"CloakClasp"},{"floor":48.0,"key":"Meat on the Bone"},{"floor":55.0,"key":"Anchor"}],"event_choices":[{"cards_removed":["Defend_P"],"damage_healed":0.0,"max_hp_gain":0.0,"max_hp_loss":0.0,"gold_gain":0.0,"event_name":"Bonfire Elementals","player_choice":"Offered Basic","floor":2.0,"gold_loss":0.0,"damage_taken":0.0},{"damage_healed":0.0,"max_hp_gain":0.0,"max_hp_loss":0.0,"gold_gain":0.0,"event_name":"Upgrade Shrine","player_choice":"Upgraded","floor":4.0,"gold_loss":0.0,"damage_taken":0.0,"cards_upgraded":["Eruption"]},{"damage_healed":0.0,"max_hp_gain":0.0,"max_hp_loss":0.0,"gold_gain":0.0,"event_name":"Dead Adventurer","player_choice":"Searched \u00271\u0027 times","floor":11.0,"gold_loss":0.0,"damage_taken":0.0,"relics_obtained":["Potion Belt"]},{"damage_healed":0.0,"max_hp_gain":0.0,"max_hp_loss":0.0,"gold_gain":0.0,"event_name":"The Mausoleum","player_choice":"Ignored","floor":19.0,"gold_loss":0.0,"damage_taken":0.0},{"cards_removed":["Strike_P"],"damage_healed":0.0,"max_hp_gain":0.0,"max_hp_loss":0.0,"gold_gain":0.0,"event_name":"Beggar","player_choice":"Gave Gold","floor":25.0,"gold_loss":75.0,"damage_taken":0.0},{"damage_healed":0.0,"max_hp_gain":0.0,"max_hp_loss":0.0,"gold_gain":0.0,"event_name":"Tomb of Lord Red Mask","player_choice":"Ignored","floor":37.0,"gold_loss":0.0,"damage_taken":0.0}],"is_beta":false,"boss_relics":[{"not_picked":["Velvet Choker","HolyWater"],"picked":"SacredBark"},{"not_picked":["Snecko Eye","Astrolabe"],"picked":"Cursed Key"}],"items_purged_floors":[5,20,31,47],"is_endless":false,"potions_floor_spawned":[3,7,10,14,18,21,29,33,36,41,44,45,48],"ascension_level":20}}