{"host":"uzcks4yhskks9i02","time":1608262773,"event":{"mods":["BaseMod","Minty Spire (QoL Compilation)","Quick Restart"],"gold_per_floor":[109,123,19,194,194,225,5,31,100,113,150,184,204,214,214,309,359,376,47,67,67,82,130,30,49,49,63,24,57,71,104,104,202,202,219,219,289,289,289,317,317,344,344,362,389,389,389,24,24,44,44,44,44,78,78],"floor_reached":56,"playtime":12805,"items_purged":["Doubt","Pain"],"score":1472,"play_id":"b1e70980-19e9-4b69-8cc5-824da048843d","local_time":"20201217203933","is_ascension_mode":true,"campfire_choices":[{"floor":15.0,"key":"REST"},{"data":"Offering","floor":32.0,"key":"SMITH"},{"floor":41.0,"key":"REST"},{"data":"Biased Cognition","floor":47.0,"key":"SMITH"},{"floor":49.0,"key":"RECALL"},{"data":"Seek","floor":52.0,"key":"SMITH"}],"circlet_count":0,"master_deck":["Strike_B","Strike_B","Strike_B","Strike_B","Defend_B","Defend_B","Defend_B+1","Defend_B","Zap","Dualcast","Jack Of All Trades+1","Go for the Eyes","Ball Lightning","Self Repair+1","Chaos","Doom and Gloom","Seeing Red","Purity","Flame Barrier","Dark Shackles","Venomology","Protect","Offering+1","Halt","Chill+1","Auto Shields","Redo+1","BootSequence","Beam Cell","Hello World","Melter","Seek+1","TalkToTheHand+1","Backflip+1","Biased Cognition+1","CurseOfTheBell","Cleave+1","Metamorphosis+1","Violence+1","Chrysalis+1","Madness+1","Madness+1","Crescendo+1","Shockwave+1","Flame Barrier+1","Fission+1","Rupture+1"],"relics":["Cracked Core","Bag of Marbles","PrismaticShard","Ornamental Fan","Letter Opener","Vajra","Tiny House","PreservedInsect","HandDrill","WarpedTongs","Mummified Hand","Matryoshka","Boot","Calling Bell","Smiling Mask","Toxic Egg 2","Ice Cream","MealTicket","Kunai","Thread and Needle","Art of War","Regal Pillow","DataDisk","Lee\u0027s Waffle","Toy Ornithopter","Bronze Scales"],"acts_visited":["Exordium","TheCity","TheBeyond","TheEnding"],"potions_floor_usage":[55,55,55,55],"damage_taken":[{"damage":1.0,"enemies":"Cultist","floor":1.0,"turns":3.0},{"damage":3.0,"enemies":"2 Louse","floor":2.0,"turns":2.0},{"damage":25.0,"enemies":"Lagavulin","floor":6.0,"turns":8.0},{"damage":21.0,"enemies":"Gremlin Nob","floor":8.0,"turns":4.0},{"damage":1.0,"enemies":"Jaw Worm","floor":10.0,"turns":2.0},{"damage":16.0,"enemies":"Gremlin Gang","floor":11.0,"turns":5.0},{"damage":25.0,"enemies":"3 Sentries","floor":12.0,"turns":6.0},{"damage":10.0,"enemies":"Exordium Thugs","floor":13.0,"turns":4.0},{"damage":14.0,"enemies":"Red Slaver","floor":14.0,"turns":3.0},{"damage":16.0,"enemies":"Hexaghost","floor":16.0,"turns":8.0},{"damage":6.0,"enemies":"Chosen","floor":18.0,"turns":4.0},{"damage":12.0,"enemies":"Shell Parasite","floor":20.0,"turns":6.0},{"damage":18.0,"enemies":"Snake Plant","floor":22.0,"turns":7.0},{"damage":0.0,"enemies":"Slavers","floor":23.0,"turns":3.0},{"damage":11.0,"enemies":"Centurion and Healer","floor":25.0,"turns":8.0},{"damage":7.0,"enemies":"Cultist and Chosen","floor":27.0,"turns":8.0},{"damage":10.0,"enemies":"Gremlin Leader","floor":29.0,"turns":6.0},{"damage":14.0,"enemies":"Sentry and Sphere","floor":30.0,"turns":4.0},{"damage":6.0,"enemies":"Snecko","floor":31.0,"turns":4.0},{"damage":20.0,"enemies":"Champ","floor":33.0,"turns":9.0},{"damage":17.0,"enemies":"3 Shapes","floor":35.0,"turns":6.0},{"damage":18.0,"enemies":"Reptomancer","floor":40.0,"turns":6.0},{"damage":0.0,"enemies":"Nemesis","floor":42.0,"turns":5.0},{"damage":0.0,"enemies":"Orb Walker","floor":44.0,"turns":4.0},{"damage":1.0,"enemies":"Giant Head","floor":45.0,"turns":8.0},{"damage":38.0,"enemies":"Awakened One","floor":50.0,"turns":13.0},{"damage":7.0,"enemies":"Shield and Spear","floor":54.0,"turns":6.0},{"damage":96,"enemies":"The Heart","floor":55,"turns":9}],"seed_played":"-7630678738068822568","potions_obtained":[{"floor":1.0,"key":"SpeedPotion"},{"floor":2.0,"key":"Ancient Potion"},{"floor":6.0,"key":"LiquidMemories"},{"floor":12.0,"key":"LiquidMemories"},{"floor":20.0,"key":"DuplicationPotion"},{"floor":22.0,"key":"FocusPotion"}],"is_trial":false,"path_per_floor":["M","M","$","?","?","E","$","E","T","M","M","E","M","M","R","B",null,"M","$","M","?","M","E","$","M","T","M","$","E","M","M","R","B",null,"M","?","T","?","?","E","R","E","T","M","E","?","R","$","R","B",null,"R","$","E","B",null],"character_chosen":"DEFECT","items_purchased":["Self Repair","Chaos","PrismaticShard","PreservedInsect","HandDrill","Auto Shields","Melter","Fission+1","Lee\u0027s Waffle","Toy Ornithopter"],"campfire_rested":2,"item_purchase_floors":[3,3,7,19,19,19,28,48,48,48],"current_hp_per_floor":[74,71,71,71,56,41,41,30,30,39,33,18,18,14,36,30,80,80,80,78,78,70,80,80,79,79,80,80,80,76,70,70,60,80,73,73,73,63,53,45,69,69,69,69,78,78,78,87,87,59,87,87,87,87,6],"gold":78,"neow_bonus":"RANDOM_COLORLESS","is_daily":false,"chose_seed":false,"campfire_upgraded":3,"win_rate":0.0,"timestamp":1608262773,"path_taken":["M","M","$","?","?","E","?","E","T","M","M","E","M","?","R","BOSS","M","$","M","?","?","E","?","M","T","M","$","E","M","M","R","BOSS","M","?","?","?","?","E","R","E","T","M","E","?","R","$","R","BOSS","R","$","E","BOSS"],"items_purchased_type":["Card","Card","Relic","Relic","Relic","Card","Card","Card","Relic","Relic"],"build_version":"2020-12-13","purchased_purges":2,"victory":true,"max_hp_per_floor":[75,75,75,75,75,75,75,75,75,75,75,75,75,75,75,75,80,80,80,80,80,80,80,80,80,80,80,80,80,80,80,80,80,80,80,80,80,80,80,80,80,80,80,80,80,80,80,87,87,87,87,87,87,87,87],"card_choices":[{"not_picked":["Trip","Finesse"],"picked":"Jack Of All Trades","floor":0.0},{"not_picked":["Steam","Beam Cell"],"picked":"Go for the Eyes","floor":1.0},{"not_picked":["Coolheaded","Recycle"],"picked":"Ball Lightning","floor":2.0},{"not_picked":["Aggregate","Coolheaded"],"picked":"Doom and Gloom","floor":6.0},{"not_picked":["Evaluate","Perfected Strike"],"picked":"Seeing Red","floor":8.0},{"not_picked":["Stack","Slice"],"picked":"Purity","floor":10.0},{"not_picked":["ClearTheMind","Worship"],"picked":"Flame Barrier","floor":11.0},{"not_picked":["Warcry","Sweeping Beam"],"picked":"Dark Shackles","floor":12.0},{"not_picked":["Double Energy","Chill"],"picked":"Venomology","floor":13.0},{"not_picked":["Outmaneuver","Wild Strike"],"picked":"Protect","floor":14.0},{"not_picked":["MasterReality","Unload"],"picked":"Offering","floor":16.0},{"not_picked":["Clothesline","Bane"],"picked":"Halt","floor":17.0},{"not_picked":["Dagger Spray","WindmillStrike"],"picked":"Chill+1","floor":18.0},{"not_picked":["SandsOfTime","Perfected Strike"],"picked":"Redo+1","floor":20.0},{"not_picked":["All Out Attack+1","Adaptation"],"picked":"BootSequence","floor":22.0},{"not_picked":["Consecrate","Redo"],"picked":"FollowUp+1","floor":23.0},{"not_picked":["Blade Dance","Panacea"],"picked":"Beam Cell","floor":25.0},{"not_picked":["Auto Shields","Setup"],"picked":"Hello World","floor":27.0},{"not_picked":["Coolheaded","Dark Embrace"],"picked":"Seek","floor":29.0},{"not_picked":["Finisher","Rampage"],"picked":"TalkToTheHand+1","floor":30.0},{"not_picked":["WindmillStrike","Thunderclap"],"picked":"Backflip+1","floor":31.0},{"not_picked":["Feed","Brutality"],"picked":"Biased Cognition","floor":33.0},{"not_picked":["Underhanded Strike+1","Tactician+1"],"picked":"Cleave+1","floor":35.0},{"not_picked":["Enlightenment+1","Finesse+1"],"picked":"Metamorphosis+1","floor":38.0},{"not_picked":["Enlightenment+1","Forethought+1"],"picked":"Violence+1","floor":38.0},{"not_picked":["Sadistic Nature","Flash of Steel"],"picked":"Chrysalis+1","floor":38.0},{"not_picked":["Backflip+1","Compile Driver+1"],"picked":"Crescendo+1","floor":40.0},{"not_picked":["Go for the Eyes+1","Prepared+1","Rebound"],"picked":"SKIP","floor":42.0},{"not_picked":["Flying Knee","Prepared+1"],"picked":"Shockwave+1","floor":44.0},{"not_picked":["Berserk","Endless Agony"],"picked":"Flame Barrier+1","floor":45.0},{"not_picked":["Headbutt+1","Clothesline"],"picked":"Rupture+1","floor":54.0}],"player_experience":444868,"relics_obtained":[{"floor":6.0,"key":"Bag of Marbles"},{"floor":8.0,"key":"Ornamental Fan"},{"floor":9.0,"key":"Letter Opener"},{"floor":12.0,"key":"Vajra"},{"floor":23.0,"key":"Mummified Hand"},{"floor":26.0,"key":"Matryoshka"},{"floor":29.0,"key":"Boot"},{"floor":34.0,"key":"Smiling Mask"},{"floor":34.0,"key":"Toxic Egg 2"},{"floor":34.0,"key":"Ice Cream"},{"floor":37.0,"key":"MealTicket"},{"floor":37.0,"key":"Kunai"},{"floor":40.0,"key":"Thread and Needle"},{"floor":42.0,"key":"Art of War"},{"floor":43.0,"key":"Regal Pillow"},{"floor":45.0,"key":"DataDisk"},{"floor":54.0,"key":"Bronze Scales"}],"event_choices":[{"damage_healed":0.0,"max_hp_gain":0.0,"max_hp_loss":0.0,"gold_gain":175.0,"event_name":"Liars Game","player_choice":"AGREE","floor":4.0,"gold_loss":0.0,"damage_taken":0.0,"cards_obtained":["Doubt"]},{"damage_healed":0.0,"max_hp_gain":0.0,"max_hp_loss":0.0,"gold_gain":0.0,"event_name":"Shining Light","player_choice":"Entered Light","floor":5.0,"gold_loss":0.0,"damage_taken":15.0,"cards_upgraded":["Self Repair","Defend_B"]},{"damage_healed":0.0,"max_hp_gain":0.0,"max_hp_loss":0.0,"gold_gain":0.0,"event_name":"Accursed Blacksmith","player_choice":"Rummage","floor":21.0,"gold_loss":0.0,"damage_taken":0.0,"relics_obtained":["WarpedTongs"],"cards_obtained":["Pain"]},{"cards_removed":["FollowUp"],"damage_healed":0.0,"max_hp_gain":0.0,"max_hp_loss":0.0,"gold_gain":0.0,"event_name":"Falling","player_choice":"Removed Attack","floor":36.0,"gold_loss":0.0,"damage_taken":0.0},{"damage_healed":0.0,"max_hp_gain":0.0,"max_hp_loss":0.0,"gold_gain":0.0,"event_name":"SensoryStone","player_choice":"Memory 3","floor":38.0,"gold_loss":0.0,"damage_taken":10.0},{"damage_healed":0.0,"max_hp_gain":0.0,"max_hp_loss":0.0,"gold_gain":0.0,"event_name":"Winding Halls","player_choice":"Embrace Madness","floor":39.0,"gold_loss":0.0,"damage_taken":10.0,"cards_obtained":["Madness","Madness"]},{"damage_healed":0.0,"max_hp_gain":0.0,"max_hp_loss":0.0,"gold_gain":0.0,"event_name":"Lab","player_choice":"Got Potions","floor":46.0,"gold_loss":0.0,"damage_taken":0.0}],"is_beta":false,"boss_relics":[{"not_picked":["Fusion Hammer","Runic Dome"],"picked":"Tiny House"},{"not_picked":["SlaversCollar","Runic Pyramid"],"picked":"Calling Bell"}],"items_purged_floors":[7,24],"is_endless":false,"potions_floor_spawned":[1,2,6,11,12,20,22,27,29,31,40,45,54],"ascension_level":2}}