{"host":"fecqo9dle3r7xt66","time":1608281100,"event":{"mods":["BaseMod","Downfall","Minty Spire (QoL Compilation)","Replay The Spire","Shop Mod","StSLib","The Bug Knight","The Servant 0.9.4","[IsaacMod]ÒÔÈö¼âËþ"],"gold_per_floor":[117,137,186,361,380,380,380,380,380,390,27,27,27,47,47,105,105,76,93,93,93,118,118,136,164,164,175,21,121,132,2,2,106,106,123,123,2,36,43,43,0,0,0,27,27,27,46,71,71,99],"floor_reached":51,"playtime":11644,"items_purged":["Defend_S+1"],"score":1106,"play_id":"5cc951c0-087a-4e0f-86bb-4a97b3eb68d2","local_time":"20201218164500","is_ascension_mode":false,"campfire_choices":[{"floor":6,"key":"REST"},{"floor":8,"key":"REST"},{"data":"KidneyShot","floor":15,"key":"SMITH"},{"floor":23,"key":"REST"},{"data":"Transmutation","floor":32,"key":"SMITH"},{"floor":40,"key":"REST"},{"floor":42,"key":"REST"},{"data":"KillingDoll","floor":49,"key":"SMITH"}],"circlet_count":0,"master_deck":["Strike_S","Strike_S","Strike_S","Strike_S","Defend_S","Defend_S","Defend_S","KidneyShot+1","Exchange","RealityMarble","Unruled","SurpressingFire","MoonPhase","Advance","Panache","Defy","Rearm+1","FlawlessForm","Misdirection","Ricochet","Ghostly","Ghostly","Ghostly","Ghostly","Ghostly","Shuttle","Moonlight","StarChef+1","ShatteredReality+1","GearUp","Transmutation+1","ReplayTheSpireMod:Necrogeddon","Master of Strategy+1","Ricochet","FlawlessForm","KillingDoll+1","CurseOfTheBell","Apotheosis+1","Collapse+1","Sickly","Madness+1","Madness+1","ReturningBlade","Magnetism","Reset+1","Duplication+1"],"relics":["Uniform","HushsDoor","NeowsBlessing","Ice Cream","WarpedTongs","Letter Opener","Membership Card","Replay:Baseball","TuHaoJin","MagicMushroom","Gremlin Food","Simple Rune","Replay:Bottled Snecko","ReplayTheSpireMod:ShopPack","GuppysHead","UnicornStump","Toxic Egg 2","Calling Bell","SalivaCoin","Onion Ring","Counterbalance","Ring of Peace","DeadEye","Red Mask","Mercury Hourglass","Gremlin Horn"],"acts_visited":["Exordium","TheCity","TheBeyond"],"potions_floor_usage":[48,50],"damage_taken":[{"damage":6,"enemies":"2 Louse","floor":1,"turns":2},{"damage":0,"enemies":"Small Slimes","floor":5,"turns":2},{"damage":0,"enemies":"Cultist","floor":10,"turns":1},{"damage":0,"enemies":"Looter","floor":14,"turns":4},{"damage":50,"enemies":"Hexaghost","floor":16,"turns":16},{"damage":32,"enemies":"2 Thieves","floor":18,"turns":5},{"damage":9,"enemies":"Shell Parasite","floor":19,"turns":6},{"damage":3,"enemies":"Cultist and Chosen","floor":24,"turns":5},{"damage":0,"enemies":"HollowMod:Nosk","floor":25,"turns":10},{"damage":0,"enemies":"Snake Plant","floor":27,"turns":4},{"damage":0,"enemies":"Colosseum Slavers","floor":29,"turns":4},{"damage":4,"enemies":"Colosseum Nobs","floor":29,"turns":6},{"damage":0,"enemies":"Snecko","floor":30,"turns":7},{"damage":0,"enemies":"Pondfish","floor":33,"turns":9},{"damage":0,"enemies":"3 Darklings","floor":35,"turns":6},{"damage":6,"enemies":"3 Shapes","floor":38,"turns":5},{"damage":0,"enemies":"Transient","floor":44,"turns":5},{"damage":0,"enemies":"Maw","floor":47,"turns":8},{"damage":0,"enemies":"Nemesis","floor":48,"turns":7},{"damage":28,"enemies":"Donu and Deca","floor":50,"turns":11}],"seed_played":"-161075110356732411","potions_obtained":[{"floor":14,"key":"SpeedPotion"},{"floor":16,"key":"LifebloodPotion"},{"floor":25,"key":"Reflective Coating"},{"floor":48,"key":"Swift Potion"}],"is_trial":false,"path_per_floor":["M","?","?","?","M","R","?","R","T","M","$","?","?","M","R","B",null,"M","M","?","?","T","R","M","E","T","M","$","?","M","$","R","B",null,"M","?","$","M","?","R","?","R","T","M","?","$","M","E","R","B",null],"character_chosen":"THE_SERVANT","items_purchased":["Membership Card","Advance","Replay:Baseball","Panache","Defy","ShatteredReality","GearUp","ReplayTheSpireMod:ShopPack","Toxic Egg 2","Apotheosis+1","DeadEye"],"campfire_rested":5,"item_purchase_floors":[11,11,11,11,11,28,28,28,31,34,37],"current_hp_per_floor":[59,33,18,18,18,37,37,56,56,56,56,56,56,56,56,6,72,40,32,32,32,32,36,33,34,34,35,35,32,33,33,33,34,31,31,31,31,25,21,30,30,31,31,31,31,31,31,31,31,3],"gold":99,"neow_bonus":"THREE_ENEMY_KILL","is_daily":false,"chose_seed":false,"campfire_upgraded":3,"win_rate":0.0,"timestamp":1608281100,"path_taken":["M","?","?","?","M","R","?","R","T","M","$","?","?","M","R","BOSS","M","M","?","?","?","R","M","E","T","M","$","?","?","$","R","BOSS","M","?","$","M","?","R","?","R","T","?","?","?","M","E","R","BOSS"],"items_purchased_type":["Relic","Card","Relic","Card","Card","Card","Card","Relic","Relic","Card","Relic"],"build_version":"2020-12-13","purchased_purges":1,"victory":true,"max_hp_per_floor":[65,65,65,65,65,65,65,65,65,65,65,65,65,65,65,65,72,72,72,72,36,36,36,36,36,36,36,36,36,36,36,36,36,31,31,31,31,31,31,31,31,31,31,31,31,31,31,31,31,31],"card_choices":[{"not_picked":[],"picked":"ChaosCard","floor":0},{"not_picked":["TimeWarp","Alleviate"],"picked":"RealityMarble","floor":1},{"not_picked":["Revamp","FastForward"],"picked":"Unruled","floor":2},{"not_picked":["Starlight","Deny"],"picked":"SurpressingFire","floor":5},{"not_picked":["TimeWarp","RealityMarble"],"picked":"MoonPhase","floor":10},{"not_picked":["DoubleEdge","Starlight"],"picked":"Rearm","floor":14},{"not_picked":["Solidify","Dilation"],"picked":"FlawlessForm","floor":16},{"not_picked":["Alleviate","Revamp+1"],"picked":"Misdirection","floor":18},{"not_picked":["Alleviate","SpecialFormula"],"picked":"Ricochet","floor":19},{"not_picked":["DoubleEdge","Reset"],"picked":"Shuttle","floor":24},{"not_picked":["BottledTime","Desolation"],"picked":"Moonlight","floor":25},{"not_picked":["Replace+1","Potential"],"picked":"StarChef+1","floor":27},{"not_picked":["Sadistic Nature","Metamorphosis"],"picked":"Transmutation","floor":28},{"not_picked":["Replay:Bootleg Shield Generator","expansioncontent:DecasProtection"],"picked":"ReplayTheSpireMod:Necrogeddon","floor":28},{"not_picked":["Impatience","expansioncontent:Corrupt"],"picked":"Master of Strategy","floor":28},{"not_picked":["Starlight","Rewind"],"picked":"Ricochet","floor":29},{"not_picked":["StarChef","Replace"],"picked":"FlawlessForm","floor":30},{"not_picked":["Duplication+1","SoulSculpture"],"picked":"KillingDoll","floor":33},{"not_picked":["RealityMarble","Replace+1"],"picked":"Collapse+1","floor":35},{"not_picked":["Alleviate+1","Advance+1","Replace+1"],"picked":"SKIP","floor":38},{"not_picked":["SpecialFormula+1","DoubleEdge"],"picked":"ReturningBlade","floor":44},{"not_picked":["ReplayTheSpireMod:Brewmster","Replay:SS_hec_2"],"picked":"Magnetism","floor":45},{"not_picked":["TimeWarp+1","ShatteredReality"],"picked":"Reset+1","floor":47},{"not_picked":["FastForward+1","SpecialFormula+1"],"picked":"Duplication+1","floor":48}],"player_experience":12551,"relics_obtained":[{"floor":2,"key":"Ice Cream"},{"floor":9,"key":"Letter Opener"},{"floor":22,"key":"Gremlin Food"},{"floor":25,"key":"Simple Rune"},{"floor":26,"key":"Replay:Bottled Snecko"},{"floor":29,"key":"GuppysHead"},{"floor":29,"key":"UnicornStump"},{"floor":34,"key":"SalivaCoin"},{"floor":34,"key":"Onion Ring"},{"floor":34,"key":"Counterbalance"},{"floor":36,"key":"Ring of Peace"},{"floor":43,"key":"Mercury Hourglass"},{"floor":48,"key":"Gremlin Horn"}],"event_choices":[{"damage_healed":0,"gold_gain":175,"player_choice":"AGREE","damage_taken":0,"max_hp_gain":0,"max_hp_loss":0,"event_name":"Liars Game","floor":4,"gold_loss":0,"cards_obtained":["Doubt"]},{"damage_healed":0,"gold_gain":0,"player_choice":"Rummage","damage_taken":0,"relics_obtained":["WarpedTongs"],"max_hp_gain":0,"max_hp_loss":0,"event_name":"Accursed Blacksmith","floor":7,"gold_loss":0,"cards_obtained":["Pain"]},{"cards_removed":["Pain","Doubt"],"damage_healed":0,"gold_gain":0,"player_choice":"Removed Curses","damage_taken":0,"max_hp_gain":0,"max_hp_loss":0,"event_name":"Fountain of Cleansing","floor":13,"gold_loss":0},{"damage_healed":0,"gold_gain":0,"player_choice":"Simplicity","damage_taken":0,"max_hp_gain":0,"max_hp_loss":0,"event_name":"Back to Basics","floor":20,"gold_loss":0,"cards_upgraded":["Strike_S","Strike_S","Strike_S","Strike_S","Defend_S","Defend_S","Defend_S","Defend_S"]},{"damage_healed":0,"gold_gain":0,"player_choice":"Became a Ghost","damage_taken":0,"max_hp_gain":0,"max_hp_loss":36,"event_name":"Ghosts","floor":21,"gold_loss":0,"cards_obtained":["Ghostly","Ghostly","Ghostly","Ghostly","Ghostly"]},{"damage_healed":0,"gold_gain":0,"player_choice":"Fight","damage_taken":0,"max_hp_gain":0,"max_hp_loss":0,"event_name":"Colosseum","floor":29,"gold_loss":0},{"damage_healed":0,"gold_gain":0,"player_choice":"Fought Nobs","damage_taken":0,"max_hp_gain":0,"max_hp_loss":0,"event_name":"Colosseum","floor":29,"gold_loss":0},{"damage_healed":0,"gold_gain":0,"player_choice":"Embrace Madness","damage_taken":4,"max_hp_gain":0,"max_hp_loss":0,"event_name":"Winding Halls","floor":39,"gold_loss":0,"cards_obtained":["Madness","Madness"]},{"damage_healed":0,"gold_gain":0,"player_choice":"Paid","damage_taken":0,"relics_obtained":["Red Mask"],"max_hp_gain":0,"max_hp_loss":0,"event_name":"Tomb of Lord Red Mask","floor":41,"gold_loss":43},{"damage_healed":0,"gold_gain":0,"player_choice":"Memory 1","damage_taken":0,"max_hp_gain":0,"max_hp_loss":0,"event_name":"SensoryStone","floor":45,"gold_loss":0}],"is_beta":false,"boss_relics":[{"not_picked":["Fusion Hammer","Replay:Ancient Bell"],"picked":"MagicMushroom"},{"not_picked":[]},{"not_picked":["ChampionBelt","Ring of Chaos"],"picked":"Calling Bell"},{"not_picked":[]}],"items_purged_floors":[28],"is_endless":false,"potions_floor_spawned":[14,16,25,29,29,44,47,48],"ascension_level":0}}