{"host":"kta213tp32cz47du","time":1608286236,"event":{"mods":["BaseMod","Better Altar","Better Note","Better Sensory Stone","Better Skull","Better Third Choice","Colored Map","Colored Powertips","Conspire","Curses Come First","Displayed Cursed Tome","Downfall","Hubris","Infinite Spire","Marisa????????","Minty Spire (QoL Compilation)","Rare Cards Sparkle","Replay The Spire","Shade Mod","Shop Mod","Spikes Relics","StSLib","The Animator","The Blue Laboratory","The Bug Knight","The Cursed","The Servant 0.9.4","vexMod"],"gold_per_floor":[111,131,142,142,242,242,253,253,253,253,280,49,79,98,98,195,195,206,206,223,242,242,277,277,277,277,277,303,85,104,104,104,204,204,221,233,288,288,46,46,58,58,58,88,108,108,108,125,125,125,125],"floor_reached":50,"playtime":6629,"items_purged":["Strike_G","Night Terror+1"],"score":543,"play_id":"94ece5b2-4e62-454d-b88f-0b4b7e9664cb","local_time":"20201218101036","is_ascension_mode":false,"campfire_choices":[{"data":"infinitespire:DeathsTouch","floor":6.0,"key":"SMITH"},{"data":"conspire:PoisonWeapons","floor":8.0,"key":"SMITH"},{"data":"Noxious Fumes","floor":10.0,"key":"SMITH"},{"floor":15,"key":"DIG"},{"floor":24,"key":"REST"},{"data":"infinitespire:Menacing","floor":32,"key":"SMITH"},{"floor":40,"key":"REST"},{"floor":42,"key":"RECALL"},{"data":"Noxious Fumes","floor":47,"key":"SMITH"}],"circlet_count":0,"master_deck":["Strike_G+1","Strike_G+1","Strike_G+1","Strike_G+1","Defend_G+1","Defend_G+1","Defend_G+1","Defend_G+1","Defend_G+1","Survivor+1","Neutralize+1","Sucker Punch","conspire:PoisonWeapons+1","Noxious Fumes+1","infinitespire:DeathsTouch+1","PiercingWail+1","Phantasmal Killer+1","Noxious Fumes+1","infinitespire:Menacing+1","Leg Sweep","Dagger Throw+1","Noxious Fumes+1","Corpse Explosion+1","Dodge and Roll+1","PiercingWail","Concentrate+1"],"relics":["Ring of the Snake","NeowsBlessing","Bottled Tornado","conspire:TopHat","MerchantsRug","Rawhide","Regal Pillow","Tingsha","Mummified Hand","CrustySpines","Lee\u0027s Waffle","conspire:SpecialSausage","Unceasing Top","conspire:DeflatedDodgeball","Replay:WaspNest"],"acts_visited":["Exordium","TheCity","TheBeyond"],"potions_floor_usage":[23,23,23,30,33,45,50],"damage_taken":[{"damage":0.0,"enemies":"Jaw Worm","floor":1.0,"turns":1.0},{"damage":0.0,"enemies":"Cultist","floor":2.0,"turns":1.0},{"damage":0.0,"enemies":"2 Louse","floor":3.0,"turns":1.0},{"damage":7.0,"enemies":"Blue Slaver","floor":7.0,"turns":3.0},{"damage":0,"enemies":"Lagavulin","floor":11,"turns":4},{"damage":2,"enemies":"Gremlin Nob","floor":13,"turns":3},{"damage":0,"enemies":"Large Slime","floor":14,"turns":2},{"damage":2,"enemies":"Hexaghost","floor":16,"turns":5},{"damage":13,"enemies":"3 Byrds","floor":18,"turns":4},{"damage":0,"enemies":"conspire:FuzzyDice","floor":20,"turns":4},{"damage":9,"enemies":"Chosen and Byrds","floor":21,"turns":6},{"damage":22,"enemies":"Gremlin Leader","floor":23,"turns":4},{"damage":21,"enemies":"Slavers","floor":28,"turns":6},{"damage":4,"enemies":"conspire:HollyBat","floor":30,"turns":6},{"damage":8,"enemies":"conspire:MysteriousRune","floor":33,"turns":8},{"damage":7,"enemies":"3 Shapes","floor":35,"turns":3},{"damage":12,"enemies":"3 Darklings","floor":36,"turns":4},{"damage":56,"enemies":"2 Orb Walkers","floor":37,"turns":6},{"damage":9,"enemies":"Transient","floor":41,"turns":5},{"damage":2,"enemies":"R_Hoarder","floor":44,"turns":9},{"damage":0,"enemies":"Sphere and 2 Shapes","floor":45,"turns":3},{"damage":0,"enemies":"Jaw Worm Horde","floor":48,"turns":4},{"damage":71,"enemies":"Replay:Hell Engine","floor":50,"turns":9}],"seed_played":"-3999110652058669818","potions_obtained":[{"floor":1.0,"key":"EssenceOfSteel"},{"floor":3.0,"key":"blueLaboratory:ArtificerPotion"},{"floor":13,"key":"infinitespire:BlackPotion"},{"floor":18,"key":"Fire Potion"},{"floor":30,"key":"Poison Potion"},{"floor":37,"key":"blueLaboratory:BottledHope"},{"floor":44,"key":"Energy Potion"},{"floor":48,"key":"blueLaboratory:BottleOfRum"}],"is_trial":false,"path_per_floor":["M","M","M","?","?","R","M","R","T","R","E","$","E","M","R_BF","B",null,"M","?","M","M","?","E","R","AVR","T","?","E","$","M","?","R","B",null,"M","M","?","?","$","R","M","R","T","E","M","?","R","M","R_BF","B"],"character_chosen":"THE_SILENT","items_purchased":["MerchantsRug","Lee\u0027s Waffle","Noxious Fumes","Energy Potion","conspire:DeflatedDodgeball"],"campfire_rested":2,"item_purchase_floors":[12,29,29,29,39],"current_hp_per_floor":[70,70,70,53,53,53,46,46,46,46,46,46,44,44,44,42,70,57,57,57,48,48,26,62,62,62,62,41,77,73,73,73,65,77,70,58,2,2,2,40,31,31,31,29,29,67,67,67,67,0,0],"gold":125,"neow_bonus":"THREE_ENEMY_KILL","is_daily":false,"chose_seed":false,"campfire_upgraded":5,"win_rate":0.0,"timestamp":1608286236,"path_taken":["M","M","M","?","?","R","?","R","T","R","E","$","E","M","R_BF","BOSS","M","?","M","M","?","E","R","AVR","T","?","E","$","M","?","R","BOSS","M","M","?","?","?","R","M","R","T","E","M","?","R","M","R_BF","BOSS"],"items_purchased_type":["Relic","Relic","Card","Potion","Relic"],"build_version":"2020-12-13","purchased_purges":2,"victory":false,"max_hp_per_floor":[70,70,70,70,70,70,70,70,70,70,70,70,70,70,70,70,70,70,70,70,70,70,70,70,70,70,70,70,77,77,77,77,77,77,77,77,77,77,77,77,77,77,77,77,77,67,67,67,67,67,67],"card_choices":[{"not_picked":["Caltrops","Underhanded Strike"],"picked":"Sucker Punch","floor":1.0},{"not_picked":["Bane","Cloak And Dagger"],"picked":"conspire:PoisonWeapons","floor":2.0},{"not_picked":["InfectiousVector","Quick Slash"],"picked":"Noxious Fumes","floor":3.0},{"not_picked":["infinitespire:Starlight","infinitespire:Punishment"],"picked":"infinitespire:DeathsTouch","floor":4.0},{"not_picked":["hubris:SlightOfHand","InfectiousVector"],"picked":"PiercingWail","floor":7.0},{"not_picked":["InfectiousVector","Poisoned Stab"],"picked":"Phantasmal Killer","floor":11},{"not_picked":["ReplayTheSpireMod:Speed Training","Bouncing Flask","Sucker Punch"],"picked":"SKIP","floor":13},{"not_picked":["Underhanded Strike","Sucker Punch","InfectiousVector"],"picked":"SKIP","floor":14},{"not_picked":["A Thousand Cuts","Phantasmal Killer"],"picked":"Night Terror","floor":16},{"not_picked":["Deadly Poison+1","Blade Dance","Deflect"],"picked":"SKIP","floor":18},{"not_picked":["Acrobatics","Bouncing Flask"],"picked":"Noxious Fumes+1","floor":20},{"not_picked":["Hidden Blade","Storm of Steel","Predator"],"picked":"SKIP","floor":21},{"not_picked":["Skewer","Cloak And Dagger","Bane+1"],"picked":"SKIP","floor":23},{"not_picked":["ReplayTheSpireMod:From All Sides","Masterful Stab"],"picked":"Dagger Throw+1","floor":28},{"not_picked":["Dagger Spray","Caltrops","Tactician+1"],"picked":"SKIP","floor":30},{"not_picked":["Wraith Form v2","Storm of Steel"],"picked":"Corpse Explosion","floor":33},{"not_picked":["Dagger Throw+1","Outmaneuver+1"],"picked":"Dodge and Roll+1","floor":35},{"not_picked":["Escape Plan","Underhanded Strike+1","Poisoned Stab+1"],"picked":"SKIP","floor":36},{"not_picked":["Deflect","Choke+1","Backflip"],"picked":"SKIP","floor":41},{"not_picked":["Phantasmal Killer","Deflect"],"picked":"PiercingWail","floor":44},{"not_picked":["hubris:TrickCloak+1","Sucker Punch"],"picked":"Concentrate+1","floor":45},{"not_picked":["Hidden Blade+1","Underhanded Strike+1","hubris:TrickCloak+1"],"picked":"SKIP","floor":48}],"player_experience":244577,"relics_obtained":[{"floor":9.0,"key":"Bottled Tornado"},{"floor":11,"key":"conspire:TopHat"},{"floor":13,"key":"Pet Ghost"},{"floor":15,"key":"Rawhide"},{"floor":23,"key":"Regal Pillow"},{"floor":26,"key":"Mummified Hand"},{"floor":28,"key":"CrustySpines"},{"floor":37,"key":"Unceasing Top"},{"floor":44,"key":"Replay:WaspNest"}],"event_choices":[{"damage_healed":0.0,"max_hp_gain":0.0,"max_hp_loss":0.0,"gold_gain":100.0,"event_name":"Golden Shrine","player_choice":"Pray","floor":5.0,"gold_loss":0.0,"damage_taken":0.0},{"cards_removed":["Strike_G"],"damage_healed":0,"gold_gain":0,"player_choice":"Give","damage_taken":0,"max_hp_gain":0,"max_hp_loss":0,"event_name":"betterNote:BetterNote","floor":19,"gold_loss":0,"cards_obtained":["Defend_G"]},{"damage_healed":0,"gold_gain":0,"player_choice":"Simplicity","damage_taken":0,"max_hp_gain":0,"max_hp_loss":9,"event_name":"betterThird:BetterWriting","floor":22,"gold_loss":0},{"damage_healed":0,"gold_gain":0,"player_choice":"Read","damage_taken":0,"max_hp_gain":0,"max_hp_loss":0,"event_name":"The Library","floor":27,"gold_loss":0,"cards_obtained":["Leg Sweep"]},{"damage_healed":0,"gold_gain":0,"player_choice":"Leave","damage_taken":0,"max_hp_gain":0,"max_hp_loss":0,"event_name":"conspire:Investor","floor":31,"gold_loss":0},{"damage_healed":0,"gold_gain":0,"player_choice":"Fight","damage_taken":0,"max_hp_gain":0,"max_hp_loss":0,"event_name":"Mysterious Sphere","floor":37,"gold_loss":0},{"damage_healed":67,"gold_gain":0,"player_choice":"Heal","damage_taken":0,"max_hp_gain":0,"max_hp_loss":10,"event_name":"The Moai Head","floor":46,"gold_loss":0}],"is_beta":false,"boss_relics":[{"not_picked":["WristBlade","vexMod:NewClearReactor"],"picked":"vexMod:ImprovementManual"},{"not_picked":["Empty Cage","Honey Jar"],"picked":"conspire:SpecialSausage"}],"items_purged_floors":[12,29],"is_endless":false,"potions_floor_spawned":[1,3,13,18,21,30,37,44,48],"killed_by":"Replay:Hell Engine","ascension_level":0}}