{"host":"awiss","time":1608305582,"event":{"mods":["Aspiration","BaseMod","Better Vampires","Colored Powertips","Downfall","Friendly Minions","GungeonMod","Highlight Path","KinomotoSakuraMod(木之本樱)","Kiyohime（清姬）","Marisa（F雨　魔理沙）","Minty Spire (QoL Compilation)","Quick Restart","Remilia（蕾米莉亚）","Replay The Spire","SOS（斯巴达之子）","StSLib","Td1madao Mod","The Administrix","The Bug Knight","The Cursed","The Gatherer","The Runesmith","The Senshi","The Servant 0.9.4","The Wild Card","Youmu（魂魄妖梦）"],"gold_per_floor":[116,116,135,135,235,235,267,277,277,277,289,289,299,309,309,407,407,426,27,39,5,23,23,37,37,89,89,89,107,118,138,138,138,138],"floor_reached":33,"playtime":2104,"items_purged":[],"score":301,"play_id":"55ac434d-de49-418f-b7f2-da71499f22ab","local_time":"20201218233302","is_ascension_mode":false,"campfire_choices":[{"data":"Runesmith:BackupBattery","floor":6,"key":"SMITH"},{"data":"Runesmith:BackupBattery+1","floor":10,"key":"SMITH"},{"data":"Runesmith:BackupBattery+2","floor":12,"key":"SMITH"},{"floor":15,"key":"DIG"},{"data":"Runesmith:BackupBattery+3","floor":23,"key":"SMITH"},{"data":"Runesmith:FieryHammer+1","floor":23,"key":"SMITH"},{"floor":28,"key":"REST"},{"data":"Runesmith:FieryHammer+2","floor":32,"key":"SMITH"},{"data":"Runesmith:FieryHammer+3","floor":32,"key":"SMITH"}],"circlet_count":0,"master_deck":["Runesmith:Strike_RS","Runesmith:Strike_RS","Runesmith:Strike_RS","Runesmith:Strike_RS","Runesmith:Defend_RS","Runesmith:Defend_RS","Runesmith:Defend_RS","Runesmith:Defend_RS","Runesmith:CraftFirestone","Runesmith:Fortify","Runesmith:BackupBattery+4","Runesmith:Overpower","Runesmith:HeatedChisel","Runesmith:DoubleUp","Runesmith:CraftPrismatica","Runesmith:Attraction","Runesmith:CraftProtectio","Runesmith:LightningRod","ReplayTheSpireMod:Faulty Equipment","TheCursedMod:Dregs","Decay","Runesmith:FieryHammer+4","Runesmith:Grindstone","Runesmith:ShiftingStrike+1","Runesmith:EnergizedChisel+1","Runesmith:CraftMagma+1","Runesmith:ChiselStab+1","Runesmith:ChaoticBlast","Runesmith:FissionHammer"],"relics":["Runesmith:BrokenRuby","NeowsBlessing","DemoMod:Orange","DemoMod:Antibody","Bottled Lightning","Replay:Ancient Bell","Runesmith:MiniCore","HornCleat","Replay:Arrowhead","Iron Hammer","DemoMod:MeatBun","theSenshi:SailorFukuRelic","MutagenicStrength"],"acts_visited":["Exordium","TheCity"],"potions_floor_usage":[11,11,16,24,33,33,33],"damage_taken":[{"damage":0,"enemies":"Cultist","floor":1,"turns":1},{"damage":0,"enemies":"Jaw Worm","floor":3,"turns":1},{"damage":0,"enemies":"Gremlin Nob","floor":7,"turns":1},{"damage":0,"enemies":"2 Louse","floor":8,"turns":2},{"damage":18,"enemies":"Lots of Slimes","floor":11,"turns":4},{"damage":15,"enemies":"Exordium Wildlife","floor":13,"turns":4},{"damage":16,"enemies":"Looter","floor":14,"turns":4},{"damage":25,"enemies":"Hexaghost","floor":16,"turns":10},{"damage":18,"enemies":"Spheric Guardian","floor":18,"turns":8},{"damage":8,"enemies":"2 Thieves","floor":20,"turns":4},{"damage":18,"enemies":"Centurion and Healer","floor":22,"turns":7},{"damage":13,"enemies":"Cultist and Chosen","floor":24,"turns":5},{"damage":11,"enemies":"Shelled Parasite and Fungi","floor":29,"turns":6},{"damage":17,"enemies":"Sentry and Sphere","floor":30,"turns":7},{"damage":0,"enemies":"Centurion and Healer","floor":31,"turns":6},{"damage":55,"enemies":"Automaton","floor":33,"turns":8}],"seed_played":"8686967485125519869","potions_obtained":[{"floor":1,"key":"Energy Potion"},{"floor":7,"key":"SteroidPotion"},{"floor":8,"key":"Elixir"},{"floor":13,"key":"Milkshake"},{"floor":16,"key":"ColorlessPotion"},{"floor":20,"key":"Energy Potion"},{"floor":29,"key":"Elixir"},{"floor":31,"key":"champ:CounterPotion"}],"is_trial":false,"path_per_floor":["M","?","M","?","?","R","E","M","T","R","M","R","M","M","R","B",null,"M","$","M","$","M","R","M","?","T","?","R","M","M","M","R","B"],"character_chosen":"RUNESMITH_CLASS","items_purchased":["Iron Hammer","DemoMod:MeatBun","Runesmith:ShiftingStrike+1"],"campfire_rested":1,"item_purchase_floors":[19,19,21],"current_hp_per_floor":[70,75,75,75,75,75,87,87,87,87,69,69,54,38,38,13,87,69,83,75,75,57,57,44,27,27,27,81,70,53,53,53,0,0],"gold":138,"neow_bonus":"THREE_ENEMY_KILL","is_daily":false,"chose_seed":false,"campfire_upgraded":7,"win_rate":0.0,"timestamp":1608305582,"path_taken":["M","?","M","?","?","R","E","M","T","R","M","R","?","M","R","BOSS","M","$","M","$","M","R","M","?","T","?","R","M","M","M","R","BOSS"],"items_purchased_type":["Relic","Relic","Card"],"build_version":"2020-12-17","purchased_purges":0,"victory":false,"max_hp_per_floor":[70,75,75,75,75,75,87,87,87,87,87,87,87,87,87,87,87,87,87,87,87,87,87,87,92,92,92,92,92,92,92,92,92,92],"card_choices":[{"not_picked":["Runesmith:EarthShield","Runesmith:ShiftingStrike"],"picked":"Runesmith:BackupBattery","floor":1},{"not_picked":["Runesmith:Terraform","Runesmith:RunicBlueprint"],"picked":"Runesmith:Overpower","floor":3},{"not_picked":["Runesmith:FrozenChisel","Runesmith:ChiselStab"],"picked":"Runesmith:HeatedChisel","floor":7},{"not_picked":["Runesmith:HammerThrow","Runesmith:Retool"],"picked":"Runesmith:DoubleUp","floor":8},{"not_picked":["Runesmith:CraftProtectio","Runesmith:Accelerate"],"picked":"Runesmith:CraftPrismatica","floor":11},{"not_picked":["Runesmith:StaticCage","Runesmith:Retool"],"picked":"Runesmith:Attraction","floor":13},{"not_picked":["Runesmith:HammerThrow","Runesmith:Overpower"],"picked":"Runesmith:CraftProtectio","floor":14},{"not_picked":["Runesmith:DuctTape","Runesmith:CraftPrismatica"],"picked":"Runesmith:LightningRod","floor":16},{"not_picked":["Overencumbered","Wrath_TH"],"picked":"ReplayTheSpireMod:Faulty Equipment","floor":17},{"not_picked":["ReplayTheSpireMod:Splinters","Doubt"],"picked":"TheCursedMod:Dregs","floor":17},{"not_picked":["Replay:Sluggish","Wrath_TH"],"picked":"Decay","floor":17},{"not_picked":["Runesmith:CraftSpiculum","Runesmith:PerfectChisel"],"picked":"Runesmith:FieryHammer+1","floor":18},{"not_picked":["Runesmith:Overpower","Runesmith:CraftProtectio"],"picked":"Runesmith:Grindstone","floor":20},{"not_picked":["Runesmith:StaticCage","Runesmith:UnstableHammer"],"picked":"Runesmith:EnergizedChisel+1","floor":22},{"not_picked":["Runesmith:UnstableHammer","Runesmith:Repurpose+1"],"picked":"Runesmith:CraftMagma+1","floor":24},{"not_picked":["Runesmith:PerfectChisel","Runesmith:DoubleUp"],"picked":"Runesmith:ChiselStab+1","floor":29},{"not_picked":["Runesmith:ElementalConversion","Runesmith:BackupBattery+1"],"picked":"Runesmith:ChaoticBlast","floor":30},{"not_picked":["Runesmith:BackupBattery","Runesmith:Grindstone"],"picked":"Runesmith:FissionHammer","floor":31}],"player_experience":164203,"relics_obtained":[{"floor":7,"key":"DemoMod:Orange"},{"floor":9,"key":"DemoMod:Antibody"},{"floor":15,"key":"Bottled Lightning"},{"floor":26,"key":"theSenshi:SailorFukuRelic"}],"event_choices":[{"damage_healed":0,"gold_gain":0,"player_choice":"Donut","damage_taken":0,"max_hp_gain":5,"max_hp_loss":0,"event_name":"Big Fish","floor":2,"gold_loss":0},{"damage_healed":0,"gold_gain":0,"player_choice":"Ignored","damage_taken":0,"max_hp_gain":0,"max_hp_loss":0,"event_name":"Liars Game","floor":4,"gold_loss":0},{"damage_healed":0,"gold_gain":100,"player_choice":"Gold","damage_taken":0,"max_hp_gain":0,"max_hp_loss":0,"event_name":"Wheel of Change","floor":5,"gold_loss":0},{"damage_healed":0,"gold_gain":0,"player_choice":"Shed Blood","damage_taken":22,"max_hp_gain":5,"max_hp_loss":0,"event_name":"Forgotten Altar","floor":25,"gold_loss":0},{"damage_healed":0,"gold_gain":0,"player_choice":"Inject Mutagens","damage_taken":0,"relics_obtained":["MutagenicStrength"],"max_hp_gain":0,"max_hp_loss":0,"event_name":"Drug Dealer","floor":27,"gold_loss":0}],"is_beta":true,"boss_relics":[{"not_picked":["Cursed Key","Astrolabe"],"picked":"Replay:Ancient Bell"},{"not_picked":["Smiling Mask","Anchor"],"picked":"Runesmith:MiniCore"},{"not_picked":["DemoMod:DecoyRelic","Meat on the Bone"],"picked":"HornCleat"},{"not_picked":["Girya","Shovel"],"picked":"Replay:Arrowhead"}],"items_purged_floors":[],"is_endless":false,"potions_floor_spawned":[1,7,8,13,16,20,29,31],"killed_by":"Automaton","ascension_level":0}}