{"host":"TheHustler","time":1608300804,"event":{"mods":["BaseMod","Block Reminder","Colored Map","Colored Powertips","Minty Spire (QoL Compilation)","Quick Restart","StSLib","SuperFastMode","Unceasing Turn Reminder"],"gold_per_floor":[112,112,124,124,0,0,18,18,42,76,76,102,102,120,120,120,120],"floor_reached":16,"playtime":335,"items_purged":[],"score":205,"play_id":"719f01e0-bfec-478e-9bde-42f4345e943e","local_time":"20201218151324","is_ascension_mode":true,"campfire_choices":[{"data":"True Grit","floor":6,"key":"SMITH"},{"data":"Pommel Strike","floor":8,"key":"SMITH"},{"data":"Wild Strike","floor":11,"key":"SMITH"},{"data":"Shrug It Off","floor":15,"key":"SMITH"}],"circlet_count":0,"master_deck":["AscendersBane","Strike_R","Strike_R","Strike_R+1","Defend_R","Defend_R","Defend_R","Bash+1","True Grit+1","Twin Strike","Shrug It Off+1","Swift Strike","Pommel Strike+1","Wild Strike+1","Shrug It Off"],"relics":["Burning Blood","Whetstone","Tiny Chest","Art of War","White Beast Statue"],"acts_visited":["Exordium"],"potions_floor_usage":[12,16],"damage_taken":[{"damage":1,"enemies":"2 Louse","floor":1,"turns":3},{"damage":0,"enemies":"Cultist","floor":3,"turns":3},{"damage":4,"enemies":"Small Slimes","floor":7,"turns":4},{"damage":27,"enemies":"3 Sentries","floor":10,"turns":9},{"damage":13,"enemies":"Lagavulin","floor":12,"turns":5},{"damage":0,"enemies":"Looter","floor":14,"turns":2},{"damage":71,"enemies":"Slime Boss","floor":16,"turns":7}],"seed_played":"1805044345328323418","potions_obtained":[{"floor":7,"key":"Regen Potion"},{"floor":12,"key":"Fire Potion"},{"floor":14,"key":"Strength Potion"}],"is_trial":false,"path_per_floor":["M","?","M","?","$","R","M","R","T","E","R","E","?","M","R","B"],"character_chosen":"IRONCLAD","items_purchased":["Shrug It Off","Swift Strike"],"campfire_rested":0,"item_purchase_floors":[5,5],"current_hp_per_floor":[73,73,75,68,68,68,70,70,70,49,49,56,56,62,62,0,0],"gold":120,"neow_bonus":"RANDOM_COMMON_RELIC","is_daily":false,"chose_seed":false,"campfire_upgraded":4,"win_rate":0.0,"timestamp":1608300804,"path_taken":["M","?","?","?","$","R","M","R","T","E","R","E","?","M","R","BOSS"],"items_purchased_type":["Card","Card"],"build_version":"2020-12-17","purchased_purges":0,"victory":false,"max_hp_per_floor":[75,75,75,75,75,75,75,75,75,75,75,75,75,75,75,75,75],"card_choices":[{"not_picked":["Thunderclap","Wild Strike"],"picked":"True Grit","floor":1},{"not_picked":["Metallicize","Clothesline"],"picked":"Twin Strike","floor":3},{"not_picked":["Seeing Red","Headbutt"],"picked":"Pommel Strike","floor":7},{"not_picked":["Hemokinesis","Sword Boomerang"],"picked":"Wild Strike","floor":10},{"not_picked":["Sentinel","Reckless Charge"],"picked":"Shrug It Off","floor":12},{"not_picked":["Heavy Blade","Second Wind","Power Through"],"picked":"SKIP","floor":14}],"player_experience":600907,"relics_obtained":[{"floor":9,"key":"Tiny Chest"},{"floor":10,"key":"Art of War"},{"floor":12,"key":"White Beast Statue"}],"event_choices":[{"cards_removed":["Strike_R"],"damage_healed":0,"gold_gain":0,"player_choice":"Offered Basic","damage_taken":0,"max_hp_gain":0,"max_hp_loss":0,"event_name":"Bonfire Elementals","floor":2,"gold_loss":0},{"cards_removed":["Strike_R"],"damage_healed":0,"gold_gain":0,"player_choice":"Card Removal","damage_taken":7,"max_hp_gain":0,"max_hp_loss":0,"event_name":"Golden Wing","floor":4,"gold_loss":0},{"cards_removed":["Defend_R"],"damage_healed":0,"gold_gain":0,"player_choice":"Forget","damage_taken":0,"max_hp_gain":0,"max_hp_loss":0,"event_name":"Living Wall","floor":13,"gold_loss":0}],"is_beta":true,"boss_relics":[],"items_purged_floors":[],"is_endless":false,"potions_floor_spawned":[7,12,14],"killed_by":"Slime Boss","ascension_level":18}}