{"host":"z7byfb4bpt09dh7e","time":1608302710,"event":{"mods":["Aspiration","BaseMod","BetterRewards","Displayed Cursed Tome","Downfall","Infinite Spire","Minty Spire (QoL Compilation)","StSLib","The Blue Laboratory","Uncapped"],"gold_per_floor":[19,38,38,53,72,72,72,84,110,128,140,140,140,158,158,261,261,276,276,276,276,289,11,211,221,248,262,262,276,276,295,295,394,444,454,470,470,470],"floor_reached":37,"playtime":2346,"items_purged":[],"score":392,"play_id":"2cf3d639-f486-43e6-97a9-c4d3f2dc1fb8","local_time":"20201218094510","is_ascension_mode":false,"campfire_choices":[{"data":"Apotheosis","floor":6.0,"key":"SMITH"},{"floor":13.0,"key":"REST"},{"data":"Dagger Spray","floor":15.0,"key":"SMITH"},{"floor":28,"key":"REST"}],"circlet_count":0,"master_deck":["Strike_G","Strike_G","Strike_G","Strike_G","Defend_G","Defend_G","Defend_G","Defend_G+1","Defend_G","Survivor","Neutralize","Apotheosis+1","Blur","Underhanded Strike","Flying Knee","Dagger Spray+1","Pain","Dodge and Roll","Dodge and Roll","Endless Agony","Escape Plan","A Thousand Cuts","Static Discharge+1","BootSequence","Double Energy","White Noise","expansioncontent:FaceSlap","Hologram","Flying Knee","Blade Dance+1","FTL","Creative AI","Footwork","PiercingWail+1","Quick Slash+1"],"relics":["Ring of the Snake","WarpedTongs","Vajra","Toy Ornithopter","aspiration:DefectSkillbook","aspiration:ArtOfWarUpgrade","Mercury Hourglass","Boot","Strawberry","Tiny House"],"acts_visited":["Exordium","TheCity","TheBeyond"],"potions_floor_usage":[36,37,37,37],"damage_taken":[{"damage":0.0,"enemies":"Jaw Worm","floor":1.0,"turns":4.0},{"damage":3.0,"enemies":"infinitespire:Voidling","floor":2.0,"turns":7.0},{"damage":6.0,"enemies":"Small Slimes","floor":4.0,"turns":4.0},{"damage":2.0,"enemies":"Red Slaver","floor":5.0,"turns":3.0},{"damage":3.0,"enemies":"3 Louse","floor":8.0,"turns":3.0},{"damage":2.0,"enemies":"Blue Slaver","floor":10.0,"turns":4.0},{"damage":5.0,"enemies":"Large Slime","floor":11.0,"turns":7.0},{"damage":6.0,"enemies":"Exordium Thugs","floor":14.0,"turns":4.0},{"damage":57,"enemies":"Hexaghost","floor":16,"turns":15},{"damage":3,"enemies":"Chosen","floor":18,"turns":5},{"damage":4,"enemies":"2 Thieves","floor":22,"turns":4},{"damage":17,"enemies":"Chosen and Byrds","floor":25,"turns":4},{"damage":5,"enemies":"Centurion and Healer","floor":27,"turns":3},{"damage":6,"enemies":"Cultist and Chosen","floor":29,"turns":3},{"damage":3,"enemies":"Snecko","floor":31,"turns":4},{"damage":20,"enemies":"Collector","floor":33,"turns":7},{"damage":0,"enemies":"3 Shapes","floor":35,"turns":3},{"damage":34,"enemies":"3 Darklings","floor":36,"turns":4},{"damage":18,"enemies":"infinitespire:Three Voidlings","floor":37,"turns":2},{"damage":56,"enemies":"Nightmare_Alpha","floor":37,"turns":7}],"seed_played":"-1473548344930306682","potions_obtained":[{"floor":10.0,"key":"blueLaboratory:ArtistsPotion"},{"floor":14.0,"key":"blueLaboratory:Moonshine"},{"floor":16,"key":"sneckomod:MuddlingPotion"},{"floor":27,"key":"blueLaboratory:BottleOfRum"},{"floor":29,"key":"blueLaboratory:BottledHope"},{"floor":33,"key":"Regen Potion"},{"floor":34,"key":"blueLaboratory:HummingbirdPotion"},{"floor":36,"key":"blueLaboratory:LouseDecoction"}],"is_trial":false,"path_per_floor":["M","M","?","M","M","R","?","M","T","M","M","?","R","M","R","B",null,"M","AVR","?","?","M","$","?","M","T","M","R","M","R","M","R","B",null,"M","M","?"],"character_chosen":"THE_SILENT","items_purchased":["Boot","White Noise","expansioncontent:FaceSlap"],"campfire_rested":2,"item_purchase_floors":[23,23,23],"current_hp_per_floor":[70,67,67,61,59,59,59,56,56,54,49,49,70,64,64,7,70,67,67,67,67,63,63,63,46,53,48,71,65,65,62,62,42,82,82,52,0,0],"gold":470,"neow_bonus":"RANDOM_COLORLESS_2","is_daily":false,"chose_seed":false,"campfire_upgraded":2,"win_rate":0.0,"timestamp":1608302710,"path_taken":["M","M","?","?","M","R","?","M","T","M","?","?","R","M","R","BOSS","M","AVR","?","?","M","$","?","M","T","M","R","M","R","?","R","BOSS","M","M","?"],"items_purchased_type":["Relic","Card","Card"],"build_version":"2020-12-13","purchased_purges":0,"victory":false,"max_hp_per_floor":[70,70,70,70,70,70,70,70,70,70,70,70,70,70,70,70,70,70,70,70,70,70,70,70,70,77,77,77,77,77,77,77,77,82,82,82,82,82],"card_choices":[{"not_picked":["Metamorphosis","expansioncontent:Corrupt"],"picked":"Apotheosis","floor":0.0},{"not_picked":["Backflip","Predator"],"picked":"Blur","floor":1.0},{"not_picked":["Dagger Throw","Heel Hook"],"picked":"Underhanded Strike","floor":2.0},{"not_picked":["Blur","Underhanded Strike"],"picked":"Flying Knee","floor":4.0},{"not_picked":["Poisoned Stab","All Out Attack"],"picked":"Dagger Spray","floor":5.0},{"not_picked":["Heel Hook","Catalyst"],"picked":"Dodge and Roll","floor":8.0},{"not_picked":["Outmaneuver","Slice"],"picked":"Dodge and Roll","floor":10.0},{"not_picked":["Calculated Gamble","Expertise"],"picked":"Endless Agony","floor":11.0},{"not_picked":["Prepared","Catalyst"],"picked":"Escape Plan","floor":14.0},{"not_picked":["Adrenaline","Grand Finale"],"picked":"A Thousand Cuts","floor":16},{"not_picked":["Ball Lightning","Steam","Doom and Gloom+1"],"picked":"Static Discharge+1","floor":18},{"not_picked":["Gash","Force Field","Finisher"],"picked":"Double Energy","floor":22},{"not_picked":["Dodge and Roll","Barrage","Gash"],"picked":"Hologram","floor":25},{"not_picked":["All Out Attack","Auto Shields","Turbo"],"picked":"Flying Knee","floor":27},{"not_picked":["Stack","Acrobatics","Turbo"],"picked":"Blade Dance+1","floor":29},{"not_picked":["Double Energy","Compile Driver","Flechettes"],"picked":"FTL","floor":31},{"not_picked":["Doppelganger","Meteor Strike","Reboot"],"picked":"Creative AI","floor":33},{"not_picked":["Hologram","Lockon","Slice"],"picked":"Footwork","floor":34},{"not_picked":["Blade Dance+1","Masterful Stab","Flying Knee"],"picked":"PiercingWail+1","floor":35},{"not_picked":["Flying Knee","Streamline","Skewer"],"picked":"Quick Slash+1","floor":36}],"player_experience":263878,"relics_obtained":[{"floor":9.0,"key":"Vajra"},{"floor":12.0,"key":"Toy Ornithopter"},{"floor":26,"key":"Strawberry"}],"event_choices":[{"cards_removed":["Strike_G"],"damage_healed":0.0,"max_hp_gain":0.0,"max_hp_loss":0.0,"gold_gain":0.0,"event_name":"Bonfire Elementals","player_choice":"Offered Basic","floor":3.0,"gold_loss":0.0,"damage_taken":0.0},{"damage_healed":0.0,"max_hp_gain":0.0,"max_hp_loss":0.0,"gold_gain":0.0,"event_name":"Accursed Blacksmith","player_choice":"Rummage","floor":7.0,"gold_loss":0.0,"damage_taken":0.0,"relics_obtained":["WarpedTongs"],"cards_obtained":["Pain"]},{"damage_healed":0,"gold_gain":0,"player_choice":"Read","damage_taken":0,"max_hp_gain":0,"max_hp_loss":0,"event_name":"The Library","floor":20,"gold_loss":0,"cards_obtained":["BootSequence"]},{"damage_healed":0,"gold_gain":0,"player_choice":"Opened","damage_taken":0,"relics_obtained":["Mercury Hourglass"],"max_hp_gain":0,"max_hp_loss":0,"event_name":"The Mausoleum","floor":21,"gold_loss":0},{"damage_healed":0,"gold_gain":200,"player_choice":"Gold","damage_taken":0,"max_hp_gain":0,"max_hp_loss":0,"event_name":"Wheel of Change","floor":24,"gold_loss":0}],"is_beta":false,"boss_relics":[{"not_picked":["Runic Dome","Sozu"],"picked":"aspiration:DefectSkillbook"},{"not_picked":["Calling Bell","aspiration:RitualDagger"],"picked":"Tiny House"}],"items_purged_floors":[],"is_endless":false,"potions_floor_spawned":[10,14,16,27,29,33,36],"killed_by":"Nightmare_Alpha","ascension_level":0}}