{"host":"br1k745010e75u9o","time":1608315134,"event":{"mods":["BaseMod","CCEM","Conspire","Downfall","Friendly Minions","Hermit","Hubris","Infinite Spire","Mari Mod (Legacy)","Mari\u0027s V1 Patch","Minty Spire (QoL Compilation)","Rare Cards Sparkle","Replay The Spire","StSLib","The Cursed","Yohane!"],"gold_per_floor":[112,112,126,141,0,0,0,0,0,11,11,11,11,21,46,66,66,169,169,187,187,206,225,225,225,243,243,267,267,340,351,351,351,366,382,382,382,382],"floor_reached":37,"playtime":1007,"items_purged":["Strike_R"],"score":321,"play_id":"483d7fb9-4b53-4804-8263-19cb96a4bb33","local_time":"20201218181214","is_ascension_mode":false,"campfire_choices":[{"data":"Inflame","floor":8,"key":"SMITH"},{"data":"Cleave","floor":13,"key":"SMITH"},{"floor":17,"key":"REST"},{"data":"Clash","floor":27,"key":"SMITH"},{"floor":29,"key":"REST"},{"data":"Thunderclap","floor":33,"key":"SMITH"},{"data":"Blood for Blood","floor":36,"key":"SMITH"}],"circlet_count":0,"master_deck":["Strike_R","Strike_R","Strike_R","Defend_R","Defend_R","Defend_R","Defend_R","Bash+1","Cleave+1","Whirlwind+1","Inflame+1","Thunderclap+1","Headbutt+1","Clash+1","Twin Strike","Blood for Blood+1"],"relics":["Burning Blood","hubris:Towel","infinitespire:WardingShard","ReplayFunnel","conspire:SpecialSausage","CCEMRelics:SpiritsEdge","infinitespire:CheckeredPen"],"acts_visited":["Exordium","TheCity"],"potions_floor_usage":[10,10,23,26,31,37,37],"damage_taken":[{"damage":10,"enemies":"Small Slimes","floor":1,"turns":3},{"damage":1,"enemies":"Cultist","floor":3,"turns":3},{"damage":2,"enemies":"conspire:RoseBush","floor":4,"turns":3},{"damage":5,"enemies":"Large Slime","floor":10,"turns":5},{"damage":18,"enemies":"Exordium Wildlife","floor":14,"turns":6},{"damage":24,"enemies":"Lagavulin","floor":15,"turns":5},{"damage":21,"enemies":"conspire:2 RoseBushes","floor":16,"turns":2},{"damage":0,"enemies":"Slime Boss","floor":18,"turns":6},{"damage":19,"enemies":"2 Thieves","floor":20,"turns":3},{"damage":21,"enemies":"Shell Parasite","floor":22,"turns":6},{"damage":21,"enemies":"Centurion and Healer","floor":23,"turns":4},{"damage":14,"enemies":"Snake Plant","floor":26,"turns":2},{"damage":0,"enemies":"3 Cultists","floor":31,"turns":3},{"damage":3,"enemies":"Cultist and Chosen","floor":34,"turns":4},{"damage":0,"enemies":"Sentry and Sphere","floor":35,"turns":2},{"damage":95,"enemies":"Champ","floor":37,"turns":10}],"seed_played":"4932150143828702124","potions_obtained":[{"floor":1,"key":"SteroidPotion"},{"floor":4,"key":"Weak Potion"},{"floor":14,"key":"GamblersBrew"},{"floor":20,"key":"AttackPotion"},{"floor":22,"key":"champ:CounterPotion"},{"floor":23,"key":"AttackPotion"},{"floor":34,"key":"BloodPotion"}],"is_trial":false,"path_per_floor":["M","?","M","M","$","PTL","PTL","R","?","M","T","$","R","M","E","M","R","B",null,"M","?","M","M","PTL","PTL","M","R","T","R","T","M","$","R","M","M","R","B"],"character_chosen":"IRONCLAD","items_purchased":["Whirlwind+1","Inflame"],"campfire_rested":2,"item_purchase_floors":[5,5],"current_hp_per_floor":[76,76,80,80,80,80,80,80,80,80,80,80,80,68,50,35,59,65,80,67,67,52,37,37,37,29,29,29,53,53,59,54,54,57,63,63,0,0],"gold":382,"neow_bonus":"UPGRADE_CARD","is_daily":false,"chose_seed":false,"campfire_upgraded":5,"win_rate":0.0,"timestamp":1608315134,"path_taken":["M","?","M","?","$","PTL","PTL","R","?","M","T","$","R","M","E","M","R","BOSS","M","?","M","M","PTL","PTL","M","R","?","R","T","M","?","R","M","M","R","BOSS"],"items_purchased_type":["Card","Card"],"build_version":"2020-12-13","purchased_purges":1,"victory":false,"max_hp_per_floor":[80,80,80,80,80,80,80,80,80,80,80,80,80,80,80,80,80,80,80,80,80,80,80,80,80,80,80,80,80,80,80,80,80,80,80,80,80,80],"card_choices":[{"not_picked":["Fire Breathing","Run Through","Perfected Strike"],"picked":"SKIP","floor":1},{"not_picked":["Dual Wield","ReplayTheSpireMod:Strike From Hell"],"picked":"Cleave","floor":3},{"not_picked":["Battle Trance","True Grit","Rupture"],"picked":"SKIP","floor":4},{"not_picked":["Warcry","Life Link","Cleave"],"picked":"SKIP","floor":10},{"not_picked":["Shrug It Off","ReplayTheSpireMod:Strike From Hell","Sword Boomerang"],"picked":"SKIP","floor":14},{"not_picked":["True Grit","Replay:Undeath\u0027s Touch"],"picked":"Thunderclap","floor":15},{"not_picked":["Sever Soul","hubris:ReadiedAction","Wild Strike"],"picked":"SKIP","floor":16},{"not_picked":["Sever Soul","hubris:ReadiedAction","Wild Strike"],"picked":"SKIP","floor":16},{"not_picked":["Pummel","Rupture","Wild Strike"],"picked":"SKIP","floor":20},{"not_picked":["Reaper","Disarm"],"picked":"Headbutt+1","floor":22},{"not_picked":["ReplayReversal+1","Defy Death","True Grit+1"],"picked":"SKIP","floor":23},{"not_picked":["Body Slam","Perfected Strike"],"picked":"Clash","floor":26},{"not_picked":["infinitespire:OneForAll+1","Combust","Reckless Charge"],"picked":"SKIP","floor":31},{"not_picked":["Sword Boomerang","Shrug It Off"],"picked":"Twin Strike","floor":34},{"not_picked":["Shrug It Off","Sword Boomerang+1"],"picked":"Blood for Blood","floor":35}],"player_experience":57420,"relics_obtained":[{"floor":11,"key":"infinitespire:WardingShard"},{"floor":15,"key":"ReplayFunnel"},{"floor":28,"key":"CCEMRelics:SpiritsEdge"},{"floor":30,"key":"infinitespire:CheckeredPen"}],"event_choices":[{"cards_removed":["Strike_R"],"damage_healed":0,"gold_gain":0,"player_choice":"Offered Basic","damage_taken":0,"max_hp_gain":0,"max_hp_loss":0,"event_name":"Bonfire Elementals","floor":2,"gold_loss":0}],"is_beta":false,"boss_relics":[{"not_picked":["ReplayTheSpireMod:SealedPack","ChewingGum"],"picked":"conspire:SpecialSausage"}],"items_purged_floors":[32],"is_endless":false,"potions_floor_spawned":[1,4,14,20,22,23,34],"killed_by":"Champ","ascension_level":0}}