{"host":"ymmeoa1x24ihslbm","time":1608309736,"event":{"mods":["AchievementEnabler","BaseMod","Colored Map","Colored Powertips","Defuse TimeMaze Blight","Highlight Path","Minty Spire (QoL Compilation)","Permanent Neow","Quick Restart","StSLib","Unceasing Turn Reminder"],"gold_per_floor":[13,23,23,198,225,225,7,31,31,69,69,99,99,5,5,5,5],"floor_reached":16,"playtime":758,"items_purged":["Doubt"],"score":158,"play_id":"b1ba14a0-e962-4ee7-a186-6c62840fec14","local_time":"20201218174216","is_ascension_mode":true,"campfire_choices":[{"data":"Burst","floor":6,"key":"SMITH"},{"data":"Neutralize","floor":11,"key":"SMITH"},{"data":"Backflip","floor":13,"key":"SMITH"},{"data":"Blind","floor":15,"key":"SMITH"}],"circlet_count":0,"master_deck":["AscendersBane","Strike_G","Strike_G","Strike_G","Strike_G","Strike_G","Defend_G","Defend_G","Defend_G","Defend_G","Defend_G","Survivor","Neutralize+1","Burst+1","Infinite Blades","Adrenaline","Backflip+1","Blind+1"],"relics":["Ring of the Snake","Golden Idol","Oddly Smooth Stone","Chemical X","Incense Burner","Ginger"],"acts_visited":["Exordium"],"potions_floor_usage":[2,16],"damage_taken":[{"damage":2,"enemies":"Jaw Worm","floor":1,"turns":6},{"damage":1,"enemies":"Small Slimes","floor":2,"turns":6},{"damage":0,"enemies":"2 Louse","floor":8,"turns":5},{"damage":28,"enemies":"3 Sentries","floor":10,"turns":11},{"damage":17,"enemies":"Slime Boss","floor":16,"turns":14}],"seed_played":"8367411609583758806","potions_obtained":[{"floor":1,"key":"GamblersBrew"},{"floor":10,"key":"EssenceOfSteel"}],"is_trial":false,"path_per_floor":["M","M","?","?","T","R","$","M","T","E","R","?","R","$","R","B"],"character_chosen":"THE_SILENT","items_purchased":["Chemical X","Blind"],"campfire_rested":0,"item_purchase_floors":[7,14],"current_hp_per_floor":[61,60,43,43,43,43,43,43,43,15,15,15,15,15,15,0,0],"gold":5,"neow_bonus":"THREE_RARE_CARDS","is_daily":false,"chose_seed":false,"campfire_upgraded":4,"win_rate":0.0,"timestamp":1608309736,"path_taken":["M","M","?","?","?","R","?","M","T","E","R","?","R","?","R","BOSS"],"items_purchased_type":["Relic","Card"],"build_version":"2020-12-13","purchased_purges":1,"victory":false,"max_hp_per_floor":[70,70,70,70,70,70,70,70,70,70,70,70,70,70,70,70,70],"card_choices":[{"not_picked":["Tools of the Trade","Doppelganger"],"picked":"Burst","floor":0},{"not_picked":["Crippling Poison","Deflect","All Out Attack"],"picked":"SKIP","floor":1},{"not_picked":["Acrobatics","Heel Hook"],"picked":"Infinite Blades","floor":2},{"not_picked":["Underhanded Strike","Sucker Punch"],"picked":"Adrenaline","floor":8},{"not_picked":["Prepared","Reflex"],"picked":"Backflip","floor":10}],"player_experience":576253,"relics_obtained":[{"floor":5,"key":"Oddly Smooth Stone"},{"floor":9,"key":"Incense Burner"},{"floor":10,"key":"Ginger"}],"event_choices":[{"damage_healed":0,"gold_gain":0,"player_choice":"Take Damage","damage_taken":17,"relics_obtained":["Golden Idol"],"max_hp_gain":0,"max_hp_loss":0,"event_name":"Golden Idol","floor":3,"gold_loss":0},{"damage_healed":0,"gold_gain":175,"player_choice":"AGREE","damage_taken":0,"max_hp_gain":0,"max_hp_loss":0,"event_name":"Liars Game","floor":4,"gold_loss":0,"cards_obtained":["Doubt"]},{"damage_healed":0,"gold_gain":30,"player_choice":"Searched \u00271\u0027 times","damage_taken":0,"max_hp_gain":0,"max_hp_loss":0,"event_name":"Dead Adventurer","floor":12,"gold_loss":0}],"is_beta":false,"boss_relics":[],"items_purged_floors":[7],"is_endless":false,"potions_floor_spawned":[1,10],"killed_by":"Slime Boss","ascension_level":13}}