{"host":"qw1m3zcvi888b4j7","time":1608327256,"event":{"mods":["AchievementEnabler","Act Like it!","BaseMod","Block Reminder","Colored Map","Colored Powertips","Curses Come First","DeckTracker","Gensokyo","Hermit","Highlight Path","Hubris","Marisa????????","Minty Spire (QoL Compilation)","Quick Restart","Rare Cards Sparkle","Relic Sorter","Relic Stats","Replay The Spire","StSLib","SuperFastMode","The Blue Laboratory","The Cursed","The Servant 0.9.4","everything is the same but u backflip on backflip"],"gold_per_floor":[364,364,382,398,415,448,448,29,29,59,59,0,0,18,18,119,119,132,12,12,31,31,31,31,31,31,31,31,61,61,74,74,74,74],"floor_reached":33,"playtime":1506,"items_purged":["Spreading Infection"],"score":335,"play_id":"ce37353c-82b0-4478-a1f4-562ea76e6bbb","local_time":"20201218223416","is_ascension_mode":true,"campfire_choices":[{"floor":11,"key":"RECALL"},{"floor":13,"key":"REST"},{"data":"Zap","floor":15,"key":"SMITH"},{"data":"Dualcast","floor":23,"key":"SMITH"},{"data":"Auto Shields","floor":24,"key":"SMITH"},{"data":"Fusion","floor":25,"key":"SMITH"},{"data":"Crystallizer","floor":27,"key":"SMITH"},{"data":"Beam Cell","floor":28,"key":"SMITH"},{"floor":32,"key":"REST"}],"circlet_count":0,"master_deck":["Strike_B","Zap+1","Dualcast+1","TheCursedMod:CursedWand","Aggregate","Gash","Rebound","Gash","Amplify","Auto Shields+1","Streamline","Crystallizer+1","Chill","Fusion+1","ReplayTheSpireMod:Faulty Equipment","Stack+1","Panic Button+1","Doom and Gloom","Mirror Shield","Beam Cell+1","Compile Driver+1","ReplayTheSpireMod:Calculation Training","Reinforced Body"],"relics":["Cracked Core","Ring of Panic","Ring of Fury","Matryoshka","Replay:PocketPolymizer","ReplayFunnel","WingedGreaves","Thread and Needle","Kintsugi","Gensokyo:DemonMask","Sundial","Garlic","Lizard Tail","Cables","hubris:Towel"],"acts_visited":["Gensokyo:Gensokyo","Gensokyo:Gensokyoer"],"potions_floor_usage":[4,10,16,21,29,29,31],"damage_taken":[{"damage":0,"enemies":"Gensokyo:3_Fairies","floor":1,"turns":3},{"damage":7,"enemies":"Gensokyo:Python","floor":3,"turns":3},{"damage":0,"enemies":"Gensokyo:2_Kodama","floor":4,"turns":2},{"damage":7,"enemies":"Gensokyo:VengefulSpirit","floor":5,"turns":3},{"damage":14,"enemies":"Gensokyo:Mamizou","floor":6,"turns":8},{"damage":29,"enemies":"Gensokyo:Cirno","floor":10,"turns":6},{"damage":4,"enemies":"Gensokyo:Kitsune","floor":14,"turns":2},{"damage":0,"enemies":"Gensokyo:Reimu","floor":16,"turns":10},{"damage":2,"enemies":"Gensokyo:Chomper","floor":18,"turns":4},{"damage":0,"enemies":"Gensokyo:3_Dogs","floor":21,"turns":7},{"damage":46,"enemies":"Gensokyo:Tenshi","floor":29,"turns":6},{"damage":17,"enemies":"Gensokyo:Slime_Group","floor":31,"turns":4},{"damage":74,"enemies":"Gensokyo:Eternal_Rivals","floor":33,"turns":6}],"seed_played":"-9221553950061259941","potions_obtained":[{"floor":1,"key":"Swift Potion"},{"floor":6,"key":"Fire Potion"},{"floor":10,"key":"blueLaboratory:LouseDecoction"},{"floor":14,"key":"blueLaboratory:AbyssPotion"},{"floor":16,"key":"blueLaboratory:FrostheartPotion"},{"floor":18,"key":"CultistPotion"},{"floor":21,"key":"DuplicationPotion"}],"is_trial":false,"path_per_floor":["M","?","M","M","M","E","?","$","T","E","R","?","R","M","R","B",null,"M","?","T","M","?","R","R","R","T","R","R","E","?","M","R","B"],"character_chosen":"DEFECT","items_purchased":["Replay:PocketPolymizer","Streamline"],"campfire_rested":2,"item_purchase_floors":[8,8],"current_hp_per_floor":[75,75,68,68,61,47,47,47,47,18,18,47,69,65,65,65,75,73,73,73,73,73,73,73,73,73,73,73,27,27,10,32,0,0],"gold":74,"neow_bonus":"TWO_FIFTY_GOLD","is_daily":false,"chose_seed":false,"campfire_upgraded":6,"win_rate":0.0,"timestamp":1608327256,"path_taken":["M","?","M","M","M","E","?","$","T","E","R","?","R","M","R","BOSS","M","?","?","?","?","R","R","R","T","R","R","E","?","M","R","BOSS"],"items_purchased_type":["Relic","Card"],"build_version":"2020-12-13","purchased_purges":1,"victory":false,"max_hp_per_floor":[75,75,75,75,75,75,75,75,75,75,75,75,75,75,75,75,75,75,75,75,75,75,75,75,75,75,75,75,75,75,75,75,75,75],"relic_stats":{"Lizard Tail":37,"counters":[13,64],"Sundial":[2],"obtain_stats":[{"ReplayFunnel":9,"Gensokyo:DemonMask":19,"Replay:PocketPolymizer":8,"Thread and Needle":10,"hubris:Towel":30,"Cables":29,"Lizard Tail":26,"Matryoshka":6,"Sundial":20,"Ring of Fury":2,"WingedGreaves":9,"Garlic":20,"Ring of Panic":2,"Kintsugi":17,"Cracked Core":0},{"ReplayFunnel":5,"Gensokyo:DemonMask":9,"Replay:PocketPolymizer":5,"Thread and Needle":6,"hubris:Towel":11,"Cables":11,"Lizard Tail":10,"Matryoshka":5,"Sundial":9,"Ring of Fury":1,"WingedGreaves":5,"Garlic":9,"Ring of Panic":1,"Kintsugi":8,"Cracked Core":0},{"ReplayFunnel":19,"Gensokyo:DemonMask":41,"Replay:PocketPolymizer":19,"Thread and Needle":25,"hubris:Towel":54,"Cables":54,"Lizard Tail":48,"Matryoshka":19,"Sundial":41,"Ring of Fury":3,"WingedGreaves":19,"Garlic":41,"Ring of Panic":3,"Kintsugi":37,"Cracked Core":0}],"Cables":[5,4,0,0,1]},"card_choices":[{"not_picked":["Force Field","Rebound"],"picked":"Aggregate","floor":1},{"not_picked":["Reprogram","Heatsinks"],"picked":"Gash","floor":3},{"not_picked":["Reprogram","Hologram"],"picked":"Rebound","floor":4},{"not_picked":["Chaos","Capacitor"],"picked":"Gash","floor":5},{"not_picked":["Capacitor","Reinforced Body"],"picked":"Amplify","floor":6},{"not_picked":["Stack","Compile Driver"],"picked":"Crystallizer","floor":10},{"not_picked":["Hologram","Leap"],"picked":"Fusion","floor":14},{"not_picked":["Rainbow","Reboot"],"picked":"hubris:Prefetch","floor":16},{"not_picked":["Compile Driver","Leap"],"picked":"Stack+1","floor":18},{"not_picked":["Force Field+1","Ball Lightning"],"picked":"Panic Button+1","floor":21},{"not_picked":["Streamline","ReplayTheSpireMod:Reroute Power"],"picked":"Compile Driver+1","floor":29},{"not_picked":["Heatsinks","Conserve Battery"],"picked":"ReplayTheSpireMod:Calculation Training","floor":31}],"player_experience":118571,"relics_obtained":[{"floor":2,"key":"Ring of Panic"},{"floor":2,"key":"Ring of Fury"},{"floor":6,"key":"Matryoshka"},{"floor":9,"key":"ReplayFunnel"},{"floor":9,"key":"WingedGreaves"},{"floor":10,"key":"Thread and Needle"},{"floor":20,"key":"Sundial"},{"floor":20,"key":"Garlic"},{"floor":26,"key":"Lizard Tail"},{"floor":29,"key":"Cables"}],"event_choices":[],"is_beta":false,"boss_relics":[{"not_picked":["Sozu","Ectoplasm"],"picked":"Kintsugi"}],"items_purged_floors":[8],"is_endless":false,"potions_floor_spawned":[1,6,10,14,16,18,21],"killed_by":"Gensokyo:Eternal_Rivals","ascension_level":1}}