{"host":"5gc11emcm5chfr5t","time":1608250700,"event":{"mods":["2.2 Compatiblity","AchievementEnabler","BaseMod","Bestiary","Better Note","Colored Map","Colored Powertips","Downfall","Googly Eyes","Minty Spire (QoL Compilation)","Rare Cards Sparkle","StSLib"],"gold_per_floor":[99,99,110,35,52,85,85,70,70,108,120,142,164,176,203,215,215],"floor_reached":16,"playtime":491,"items_purged":[],"score":171,"play_id":"f8b17ff7-f01f-4540-9178-558c3c906a70","local_time":"20201217191820","is_ascension_mode":true,"campfire_choices":[{"floor":1,"key":"RECALL"},{"data":"sneckomod:Unknown","floor":4,"key":"SMITH"}],"circlet_count":0,"master_deck":["AscendersBane","sneckomod:Defend","sneckomod:Defend","sneckomod:Defend","sneckomod:TailWhip","sneckomod:SnekBite","sneckomod:Unknown","sneckomod:Unknown+1","sneckomod:SoulCleanse+1","sneckomod:MixItUp+1","sneckomod:UnknownCommonAttack+1","sneckomod:TrashToTreasure","sneckomod:WideSting","sneckomod:SoulExchange","sneckomod:UnknownClassRED","sneckomod:UnknownWeak","sneckomod:UnknownRareSkill","sneckomod:SoulDraw","sneckomod:Unknown0Cost"],"relics":["Astrolabe","downfall:HeartBlessingRed","Orichalcum","Tiny Chest","MawBank","HornCleat","PreservedInsect","sneckomod:ConfusingCodex"],"acts_visited":["Exordium"],"potions_floor_usage":[8,15,16],"damage_taken":[{"damage":4,"enemies":"Jaw Worm","floor":3,"turns":2},{"damage":1,"enemies":"Cultist","floor":5,"turns":3},{"damage":30,"enemies":"Lagavulin","floor":6,"turns":4},{"damage":10,"enemies":"downfall:FleeingMerchant","floor":8,"turns":4},{"damage":27,"enemies":"3 Sentries","floor":10,"turns":6},{"damage":0,"enemies":"Small Slimes","floor":12,"turns":1},{"damage":7,"enemies":"Blue Slaver","floor":13,"turns":3},{"damage":0,"enemies":"3 Louse","floor":15,"turns":1},{"damage":33,"enemies":"downfall:Defect","floor":16,"turns":6}],"seed_played":"-5317855810410575043","potions_obtained":[{"floor":2,"key":"DistilledChaos"},{"floor":2,"key":"Ancient Potion"},{"floor":13,"key":"LiquidMemories"},{"floor":15,"key":"sneckomod:CheatPotion"}],"is_trial":false,"path_per_floor":["R","?","M","R","M","E","T","$","?","E","T","M","M","T","M","B"],"character_chosen":"THE_SNECKO","items_purchased":[],"campfire_rested":0,"item_purchase_floors":[],"current_hp_per_floor":[81,81,79,79,78,48,48,38,35,8,8,8,1,1,1,0,0],"gold":215,"neow_bonus":"BOSS_RELIC","is_daily":false,"chose_seed":false,"campfire_upgraded":1,"win_rate":0.0,"timestamp":1608250700,"path_taken":["R","?","M","R","M","E","T","?","?","E","?","M","M","?","M","BOSS"],"items_purchased_type":[],"build_version":"2020-12-13","purchased_purges":0,"victory":false,"max_hp_per_floor":[90,90,90,90,90,90,90,90,90,90,90,90,90,90,90,90,90],"card_choices":[{"not_picked":["sneckomod:UnknownUncommonSkill","sneckomod:WideSting"],"picked":"sneckomod:TrashToTreasure","floor":3},{"not_picked":["sneckomod:Unknown1Cost","sneckomod:RainOfDice"],"picked":"sneckomod:WideSting","floor":5},{"not_picked":["sneckomod:QuickMove","sneckomod:UnknownStrike"],"picked":"sneckomod:SoulExchange","floor":6},{"not_picked":["sneckomod:UnknownUncommonPower","sneckomod:UnknownBlock"],"picked":"sneckomod:UnknownClassRED","floor":8},{"not_picked":["sneckomod:Unknown1Cost","sneckomod:UnknownCommonAttack"],"picked":"sneckomod:UnknownWeak","floor":10},{"not_picked":["sneckomod:TrashToTreasure","sneckomod:RainOfDice"],"picked":"sneckomod:UnknownRareSkill","floor":12},{"not_picked":["sneckomod:Unknown1Cost","sneckomod:UnknownVulnerable"],"picked":"sneckomod:SoulDraw","floor":13},{"not_picked":["sneckomod:Unknown1Cost","sneckomod:UnknownBlock"],"picked":"sneckomod:Unknown0Cost","floor":15}],"player_experience":414468,"relics_obtained":[{"floor":6,"key":"Orichalcum"},{"floor":7,"key":"Tiny Chest"},{"floor":10,"key":"HornCleat"},{"floor":11,"key":"PreservedInsect"},{"floor":14,"key":"sneckomod:ConfusingCodex"}],"event_choices":[{"damage_healed":0,"gold_gain":0,"player_choice":"Got Potions","damage_taken":0,"max_hp_gain":0,"max_hp_loss":0,"event_name":"Lab","floor":2,"gold_loss":0},{"damage_healed":0,"gold_gain":0,"player_choice":"Success","damage_taken":3,"relics_obtained":["MawBank"],"max_hp_gain":0,"max_hp_loss":0,"event_name":"Scrap Ooze","floor":9,"gold_loss":0}],"is_beta":false,"boss_relics":[],"items_purged_floors":[],"is_endless":false,"potions_floor_spawned":[3,13,15],"killed_by":"downfall:Defect","ascension_level":11}}