{"host":"i41n6wh529970c2c","time":1608314815,"event":{"mods":["Act Like it!","BaseMod","BetterRewards","Friendly Minions","Gold Saver","Hermit","Minty Spire (QoL Compilation)","Replay The Spire","Shop Mod","StSLib"],"gold_per_floor":[922,933,933,933,933,973,973,997,1066,1102,1118,1159,1129,1160,1160,1285,1285,1305,1305,1323,1343,1343,1387,1387,1400,1474,1474,1493,1493,1493],"floor_reached":29,"playtime":2214,"items_purged":["Dualcast"],"score":567,"play_id":"03da4fbe-3759-4589-8f8f-72c397d35b7f","local_time":"20201218130655","is_ascension_mode":true,"campfire_choices":[{"floor":7.0,"key":"REST"},{"data":"Beam Cell","floor":15.0,"key":"SMITH"},{"data":"Hologram","floor":24,"key":"SMITH"},{"floor":27,"key":"RECALL"}],"circlet_count":0,"master_deck":["Strike_B+1","Strike_B","Strike_B","Defend_B","Defend_B","Defend_B","Defend_B","Beam Cell+1","Good Instincts+1","Self Repair","Steam","Go for the Eyes","Conserve Battery","Heatsinks","Core Surge","Pot Of Greed","Pot Of Greed","Self Repair","Conserve Battery","All For One","Injury","Decay","Hallucinations","Gash","Rebound","Hologram+1","Pot Of Greed","Creative AI","Go for the Eyes+1","Gash+1"],"relics":["Cracked Core","Replay:Ringing Soul","Emotion Chip","Durian","Golden Idol","Regal Pillow","Onion Ring","Pantograph","Grinning Jar","Sundial","Replay:Ancient Bell","Lantern","Replay:Bottled Snecko","Ice Cream","Prayer Wheel"],"acts_visited":["Exordium","TheCity"],"potions_floor_usage":[20,25,28,28],"damage_taken":[{"damage":1.0,"enemies":"Small Slimes","floor":1.0,"turns":4.0},{"damage":1.0,"enemies":"Jaw Worm","floor":2.0,"turns":4.0},{"damage":0.0,"enemies":"Replay:BlueRogue","floor":6.0,"turns":9.0},{"damage":0.0,"enemies":"Cultist","floor":8.0,"turns":5.0},{"damage":35.0,"enemies":"3 Sentries","floor":10.0,"turns":11.0},{"damage":2.0,"enemies":"Blue Slaver","floor":11.0,"turns":2.0},{"damage":14.0,"enemies":"Lagavulin","floor":12.0,"turns":7.0},{"damage":31.0,"enemies":"3 Sentries","floor":14.0,"turns":19.0},{"damage":11.0,"enemies":"The Guardian","floor":16.0,"turns":14.0},{"damage":4.0,"enemies":"Chosen","floor":18.0,"turns":5.0},{"damage":5,"enemies":"3 Byrds","floor":20,"turns":5},{"damage":25,"enemies":"Shelled Parasite and Fungi","floor":21,"turns":5},{"damage":58,"enemies":"Gremlin Leader","floor":23,"turns":8},{"damage":27,"enemies":"Snecko","floor":25,"turns":9},{"damage":5,"enemies":"Centurion and Healer","floor":28,"turns":3},{"damage":52,"enemies":"3 Cultists","floor":29,"turns":5}],"seed_played":"7027338296813734091","potions_obtained":[{"floor":10.0,"key":"Strength Potion"},{"floor":12.0,"key":"Regen Potion"},{"floor":13.0,"key":"EssenceOfSteel"},{"floor":13.0,"key":"Swift Potion"},{"floor":14.0,"key":"LiquidBronze"},{"floor":16.0,"key":"Fire Potion"},{"floor":18.0,"key":"Fire Potion"},{"floor":23,"key":"Swift Potion"},{"floor":25,"key":"Swift Potion"}],"is_trial":false,"path_per_floor":["M","M","?","?","?","E","R","M","T","E","M","E","?","E","R","B",null,"M","?","M","M","$","E","R","M","T","R","M","M"],"character_chosen":"DEFECT","items_purchased":["Replay:Ringing Soul","Self Repair","Steam","Durian"],"campfire_rested":1,"item_purchase_floors":[0,0,0,0],"current_hp_per_floor":[38,47,50,32,32,39,81,91,91,63,71,67,67,53,53,99,108,113,116,119,108,108,67,67,50,50,50,52,0,0],"gold":1493,"neow_bonus":"","is_daily":false,"chose_seed":false,"campfire_upgraded":2,"win_rate":0.0,"timestamp":1608314815,"path_taken":["M","M","?","?","?","E","R","?","T","E","M","E","?","E","R","BOSS","M","?","?","M","?","E","R","M","T","R","M","M"],"items_purchased_type":["Relic","Card","Card","Relic"],"build_version":"2020-12-13","purchased_purges":1,"victory":false,"max_hp_per_floor":[86,89,92,92,92,92,92,95,95,95,98,101,101,104,104,107,110,113,116,119,119,119,122,122,125,125,125,125,125,125],"card_choices":[{"not_picked":["Beam Cell","Streamline"],"picked":"Go for the Eyes","floor":1.0},{"not_picked":["Beam Cell","Sweeping Beam"],"picked":"Conserve Battery","floor":2.0},{"not_picked":["FIFO Queue","Fusion","BasicCrystalCard"],"picked":"SKIP","floor":6.0},{"not_picked":["FTL","Beam Cell"],"picked":"Heatsinks","floor":8.0},{"not_picked":["ReplayTheSpireMod:Repulse","Consume","Steam Power"],"picked":"SKIP","floor":10.0},{"not_picked":["Compile Driver","Redo"],"picked":"Core Surge","floor":11.0},{"not_picked":["Recycle","White Noise"],"picked":"Self Repair","floor":12.0},{"not_picked":["Ball Lightning","Beam Cell"],"picked":"Conserve Battery","floor":14.0},{"not_picked":["Mirror Shield","Thunder Strike"],"picked":"All For One","floor":16.0},{"not_picked":["ReplayTheSpireMod:Doomed","Normality"],"picked":"Injury","floor":17.0},{"not_picked":["Replay:Hysterical Blindness","ReplayTheSpireMod:Faulty Equipment"],"picked":"Decay","floor":17.0},{"not_picked":["AbeCurse","Pain"],"picked":"Hallucinations","floor":17.0},{"not_picked":["Stack","Redo+1"],"picked":"Gash","floor":18.0},{"not_picked":["Reinforced Body","FTL+1"],"picked":"Hologram","floor":20},{"not_picked":["BasicCrystalCard+1","Crystallizer","Go for the Eyes"],"picked":"SKIP","floor":21},{"not_picked":["Barrage","Cold Snap"],"picked":"Creative AI","floor":23},{"not_picked":["Redo","Double Energy+1"],"picked":"Go for the Eyes+1","floor":25},{"not_picked":["Steam","Double Energy"],"picked":"Gash+1","floor":25},{"not_picked":["Meteor Strike","Beam Cell","Auto Shields+1"],"picked":"SKIP","floor":28},{"not_picked":["Coolheaded","Defragment","ReplaySolidLightProjector+1"],"picked":"SKIP","floor":28}],"player_experience":845452,"relics_obtained":[{"floor":6.0,"key":"Regal Pillow"},{"floor":9.0,"key":"Onion Ring"},{"floor":10.0,"key":"Pantograph"},{"floor":12.0,"key":"Grinning Jar"},{"floor":14.0,"key":"Sundial"},{"floor":23,"key":"Prayer Wheel"}],"event_choices":[{"damage_healed":0.0,"max_hp_gain":0.0,"max_hp_loss":0.0,"gold_gain":0.0,"event_name":"Golden Idol","player_choice":"Take Wound","floor":3.0,"gold_loss":0.0,"damage_taken":0.0,"relics_obtained":["Golden Idol"],"cards_obtained":["Injury"]},{"damage_healed":0.0,"max_hp_gain":0.0,"max_hp_loss":0.0,"gold_gain":0.0,"event_name":"Shining Light","player_choice":"Entered Light","floor":4.0,"gold_loss":0.0,"damage_taken":18.0,"cards_upgraded":["Strike_B","Good Instincts"]},{"cards_removed":["Injury"],"damage_healed":0.0,"max_hp_gain":0.0,"max_hp_loss":0.0,"gold_gain":0.0,"event_name":"Purifier","player_choice":"Purged","floor":5.0,"gold_loss":0.0,"damage_taken":0.0},{"damage_healed":0.0,"max_hp_gain":0.0,"max_hp_loss":0.0,"gold_gain":0.0,"event_name":"The Woman in Blue","player_choice":"Bought 2 Potions","floor":13.0,"gold_loss":0.0,"damage_taken":0.0},{"damage_healed":0,"gold_gain":0,"player_choice":"1 cards matched","damage_taken":0,"max_hp_gain":0,"max_hp_loss":0,"event_name":"Match and Keep!","floor":19,"gold_loss":0,"cards_obtained":["Rebound"]}],"is_beta":false,"boss_relics":[{"not_picked":["Painkiller Herb","Nuclear Battery"],"picked":"Replay:Ancient Bell"},{"not_picked":["Pet Ghost","Toy Ornithopter"],"picked":"Lantern"},{"not_picked":["Pear","Singing Bowl"],"picked":"Replay:Bottled Snecko"},{"not_picked":["Du-Vu Doll","Turnip"],"picked":"Ice Cream"}],"items_purged_floors":[0],"is_endless":false,"potions_floor_spawned":[10,12,14,16,18,23,25],"killed_by":"3 Cultists","ascension_level":6}}