{"host":"6e4d2nejd5141r00","time":1608275108,"event":{"mods":["Act Like it!","BaseMod","Better Synergies","Better Third Choice","BetterRewards","CapriCore","Colored Map","Colored Powertips","Downfall","GifTheSpireLib","Infinite Spire","Minty Spire (QoL Compilation)","Replay The Spire","StSLib"],"gold_per_floor":[99,133,118,43,63,97,142,67,80,80,80],"floor_reached":10,"playtime":512,"items_purged":[],"score":74,"play_id":"d7ab111a-a861-4014-a364-cb1d66d38557","local_time":"20201218080508","is_ascension_mode":false,"campfire_choices":[{"floor":1,"key":"RECALL"},{"floor":4,"key":"REST"},{"floor":8,"key":"REST"}],"circlet_count":0,"master_deck":["champ:Strike","champ:Strike","champ:Strike","champ:Strike","champ:Defend","champ:Defend","champ:Defend","champ:Defend","champ:Execute","champ:Taunt","expansioncontent:AwakenDeath","champ:Riposte","champ:BerserkerStyle","champ:BerserkersShout","champ:LastStand"],"relics":["champ:ChampionCrown","Question Card","downfall:HeartBlessingRed","infinitespire:EmpoweringShard","Vajra","downfall:HeartBlessingGreen"],"acts_visited":["Exordium"],"potions_floor_usage":[6],"damage_taken":[{"damage":47,"enemies":"3 Sentries","floor":2,"turns":9},{"damage":10,"enemies":"downfall:FleeingMerchant","floor":3,"turns":4},{"damage":17,"enemies":"Small Slimes","floor":5,"turns":4},{"damage":92,"enemies":"Gremlin Nob","floor":6,"turns":8},{"damage":5,"enemies":"Cultist","floor":9,"turns":3},{"damage":80,"enemies":"Lagavulin","floor":10,"turns":6}],"seed_played":"2997856840222969096","potions_obtained":[{"floor":2,"key":"LifebloodPotion"}],"is_trial":false,"path_per_floor":["R","E","$","R","M","E","T","R","M","E"],"character_chosen":"THE_CHAMP","items_purchased":[],"campfire_rested":2,"item_purchase_floors":[],"current_hp_per_floor":[90,58,58,85,77,3,3,30,30,0,0],"gold":80,"neow_bonus":"RANDOM_COLORLESS","is_daily":false,"chose_seed":false,"campfire_upgraded":0,"win_rate":0.0,"timestamp":1608275108,"path_taken":["R","E","$","R","M","E","T","R","M","E"],"items_purchased_type":[],"build_version":"2020-12-13","purchased_purges":0,"victory":false,"max_hp_per_floor":[90,90,90,90,90,90,90,90,90,90,90],"card_choices":[{"not_picked":["expansioncontent:SlimeTackle","Replay:Sssssssssstrike"],"picked":"expansioncontent:AwakenDeath","floor":0},{"not_picked":["champ:RapidStrikes","champ:BladeFlurry"],"picked":"champ:Riposte","floor":2},{"not_picked":["champ:BringItOn","champ:DancingMaster","champ:GladiatorsShout"],"picked":"champ:BerserkerStyle","floor":3},{"not_picked":["champ:FlashCut","champ:DefensiveShout","champ:Circumvent"],"picked":"champ:BerserkersShout","floor":5},{"not_picked":["champ:Shatter","champ:BringItOn","champ:DefensiveShout"],"picked":"champ:LastStand","floor":6},{"not_picked":["champ:CalledShot","champ:RisingSlash","champ:DefensiveShout","champ:TornadoPunch"],"picked":"SKIP","floor":9}],"player_experience":113689,"relics_obtained":[{"floor":2,"key":"Question Card"},{"floor":6,"key":"infinitespire:EmpoweringShard"},{"floor":7,"key":"Vajra"}],"event_choices":[],"is_beta":false,"boss_relics":[],"items_purged_floors":[],"is_endless":false,"potions_floor_spawned":[2],"killed_by":"Lagavulin","ascension_level":0}}