{"host":"eav5i5w47nlnv2l1","time":1608321819,"event":{"mods":["BaseMod","Minty Spire (QoL Compilation)"],"gold_per_floor":[117,42,61,77,89,107,107,107,131,146,173,173,173,187,187,290,290,308,325,344,344,170,200,200,217,217,217,217],"floor_reached":27,"playtime":1564,"items_purged":["Strike_P","Strike_P"],"score":237,"play_id":"b8da1803-3ea0-4d4e-b5f7-9192f7c4ed5c","local_time":"20201218150339","is_ascension_mode":false,"campfire_choices":[{"data":"Eruption","floor":7,"key":"SMITH"},{"data":"Ragnarok","floor":12,"key":"SMITH"},{"data":"TalkToTheHand","floor":15,"key":"SMITH"},{"floor":24,"key":"REST"}],"circlet_count":0,"master_deck":["Strike_P","Strike_P","Defend_P","Defend_P","Defend_P","Defend_P","Eruption+1","Vigilance","Ragnarok+1","SashWhip","Prostrate","LikeWater","Wallop","Consecrate","TalkToTheHand+1","Devotion","MentalFortress","ReachHeaven","Alpha","Swivel","Prostrate"],"relics":["PureWater","Omamori","Orichalcum","Juzu Bracelet","Calling Bell","Boot","Mercury Hourglass","Calipers","Oddly Smooth Stone","Meat on the Bone"],"acts_visited":["Exordium","TheCity"],"potions_floor_usage":[11,11,14,23,25,27],"damage_taken":[{"damage":0,"enemies":"Jaw Worm","floor":1,"turns":2},{"damage":0,"enemies":"Small Slimes","floor":3,"turns":3},{"damage":0,"enemies":"Cultist","floor":4,"turns":2},{"damage":0,"enemies":"Red Slaver","floor":5,"turns":4},{"damage":0,"enemies":"Blue Slaver","floor":6,"turns":5},{"damage":0,"enemies":"Exordium Wildlife","floor":10,"turns":2},{"damage":5,"enemies":"Lagavulin","floor":11,"turns":5},{"damage":10,"enemies":"Gremlin Gang","floor":14,"turns":4},{"damage":2,"enemies":"Slime Boss","floor":16,"turns":10},{"damage":7,"enemies":"3 Byrds","floor":18,"turns":5},{"damage":0,"enemies":"Chosen","floor":19,"turns":2},{"damage":13,"enemies":"Snake Plant","floor":20,"turns":4},{"damage":27,"enemies":"Gremlin Leader","floor":23,"turns":6},{"damage":32,"enemies":"Centurion and Healer","floor":25,"turns":7},{"damage":11,"enemies":"Cultist and Chosen","floor":27,"turns":5}],"seed_played":"2124681304968013206","potions_obtained":[{"floor":4,"key":"Energy Potion"},{"floor":6,"key":"DuplicationPotion"},{"floor":11,"key":"GamblersBrew"},{"floor":14,"key":"SneckoOil"},{"floor":18,"key":"PowerPotion"},{"floor":23,"key":"Strength Potion"},{"floor":25,"key":"Fruit Juice"}],"is_trial":false,"path_per_floor":["M","$","M","M","M","M","R","?","T","M","E","R","?","M","R","B",null,"M","M","M","?","$","E","R","M","T","M"],"character_chosen":"WATCHER","items_purchased":["Alpha"],"campfire_rested":1,"item_purchase_floors":[22],"current_hp_per_floor":[72,72,72,72,72,72,72,72,72,72,67,67,42,32,32,30,72,65,65,52,39,39,12,35,8,8,0,0],"gold":217,"neow_bonus":"ONE_RANDOM_RARE_CARD","is_daily":false,"chose_seed":false,"campfire_upgraded":3,"win_rate":0.0,"timestamp":1608321819,"path_taken":["M","$","M","M","M","M","R","?","T","M","E","R","?","M","R","BOSS","M","M","M","?","$","E","R","M","T","M"],"items_purchased_type":["Card"],"build_version":"2020-12-13","purchased_purges":2,"victory":false,"max_hp_per_floor":[72,72,72,72,72,72,72,72,72,72,72,72,72,72,72,72,72,72,72,72,77,77,77,77,82,82,82,82],"card_choices":[{"not_picked":["Protect","BattleHymn"],"picked":"SashWhip","floor":1},{"not_picked":["FlurryOfBlows","SashWhip"],"picked":"Prostrate","floor":3},{"not_picked":["WaveOfTheHand","EmptyFist"],"picked":"LikeWater","floor":4},{"not_picked":["FlyingSleeves","JustLucky","SashWhip"],"picked":"SKIP","floor":5},{"not_picked":["BowlingBash","SashWhip"],"picked":"Wallop","floor":6},{"not_picked":["Protect","Meditate","CrushJoints"],"picked":"SKIP","floor":10},{"not_picked":["Evaluate","FollowUp"],"picked":"Consecrate","floor":11},{"not_picked":["WaveOfTheHand","Consecrate"],"picked":"TalkToTheHand","floor":14},{"not_picked":["Ragnarok","Scrawl"],"picked":"Devotion","floor":16},{"not_picked":["CutThroughFate+1","Weave"],"picked":"MentalFortress","floor":18},{"not_picked":["Nirvana","SashWhip+1"],"picked":"ReachHeaven","floor":19},{"not_picked":["Adaptation","BowlingBash","FlyingSleeves"],"picked":"SKIP","floor":20},{"not_picked":["Ragnarok","Halt"],"picked":"Swivel","floor":23},{"not_picked":["Halt","Tantrum"],"picked":"Prostrate","floor":25}],"player_experience":1401990,"relics_obtained":[{"floor":9,"key":"Omamori"},{"floor":11,"key":"Orichalcum"},{"floor":17,"key":"Boot"},{"floor":17,"key":"Mercury Hourglass"},{"floor":17,"key":"Calipers"},{"floor":23,"key":"Oddly Smooth Stone"},{"floor":26,"key":"Meat on the Bone"}],"event_choices":[{"damage_healed":0,"gold_gain":0,"player_choice":"Ignored","damage_taken":0,"max_hp_gain":0,"max_hp_loss":0,"event_name":"Liars Game","floor":8,"gold_loss":0},{"damage_healed":0,"gold_gain":0,"player_choice":"Success","damage_taken":25,"relics_obtained":["Juzu Bracelet"],"max_hp_gain":0,"max_hp_loss":0,"event_name":"Scrap Ooze","floor":13,"gold_loss":0},{"damage_healed":0,"gold_gain":0,"player_choice":"Shed Blood","damage_taken":18,"max_hp_gain":5,"max_hp_loss":0,"event_name":"Forgotten Altar","floor":21,"gold_loss":0}],"is_beta":false,"boss_relics":[{"not_picked":["Busted Crown","Philosopher\u0027s Stone"],"picked":"Calling Bell"}],"items_purged_floors":[2,22],"is_endless":false,"potions_floor_spawned":[4,6,11,14,18,23,25],"killed_by":"Cultist and Chosen","ascension_level":0}}