{"host":"m3herrhkesxm9ooc","time":1608262319,"event":{"mods":["BaseMod","Hermit","Minty Spire (QoL Compilation)","StSLib","The Hierophant"],"gold_per_floor":[116,116,116,135,149,180,31,31,31,31,106,4,43,43,43,43,43],"floor_reached":16,"playtime":718,"items_purged":[],"score":186,"play_id":"1a277b54-d9d9-466c-b996-f2a078f83ae0","local_time":"20201218123159","is_ascension_mode":true,"campfire_choices":[{"floor":8,"key":"REST"},{"data":"hermit:PistolWhip","floor":10,"key":"SMITH"},{"floor":15,"key":"REST"}],"circlet_count":0,"master_deck":["AscendersBane","hermit:Strike_Hermit","hermit:Strike_Hermit","hermit:Strike_Hermit","hermit:Strike_Hermit","hermit:Defend_Hermit","hermit:Defend_Hermit","hermit:Defend_Hermit","hermit:Defend_Hermit","hermit:Snapshot","hermit:Covet","hermit:PistolWhip+1","Injury","hermit:Headshot","hermit:CalledShot","hermit:Misfire","hermit:Glare","hermit:Enervate","hermit:Combo"],"relics":["hermit:Momento","Golden Idol","Gambling Chip","Membership Card","Matryoshka","Dream Catcher","InkBottle"],"acts_visited":["Exordium"],"potions_floor_usage":[6],"damage_taken":[{"damage":0,"enemies":"2 Louse","floor":1,"turns":2},{"damage":1,"enemies":"Cultist","floor":4,"turns":3},{"damage":7,"enemies":"Small Slimes","floor":5,"turns":3},{"damage":30,"enemies":"3 Sentries","floor":6,"turns":8},{"damage":25,"enemies":"Gremlin Nob","floor":13,"turns":4},{"damage":5,"enemies":"The Guardian","floor":16,"turns":3}],"seed_played":"-1061153276471078469","potions_obtained":[{"floor":1,"key":"FearPotion"},{"floor":3,"key":"hermit:Eclipse"},{"floor":13,"key":"LiquidMemories"}],"is_trial":false,"path_per_floor":["M","?","?","M","M","E","$","R","T","R","?","$","E","?","R","B"],"character_chosen":"HERMIT","items_purchased":["Membership Card","Dream Catcher","hermit:Glare"],"campfire_rested":2,"item_purchase_floors":[7,12,12],"current_hp_per_floor":[71,71,71,70,63,33,33,56,56,56,45,45,20,20,43,38,38],"gold":43,"neow_bonus":"TEN_PERCENT_HP_BONUS","is_daily":false,"chose_seed":false,"campfire_upgraded":1,"win_rate":0.0,"timestamp":1608262319,"path_taken":["M","?","?","?","M","E","?","R","T","R","?","$","E","?","R","BOSS"],"items_purchased_type":["Relic","Relic","Card"],"build_version":"2020-12-13","purchased_purges":0,"victory":false,"max_hp_per_floor":[78,78,78,78,78,78,78,78,78,78,78,78,78,78,78,78,78],"card_choices":[{"not_picked":["hermit:Desperado","hermit:Feint"],"picked":"hermit:PistolWhip","floor":1},{"not_picked":["hermit:BigShot","hermit:DeadMansHand"],"picked":"hermit:Headshot","floor":4},{"not_picked":["hermit:SprayPray","hermit:Misfire"],"picked":"hermit:CalledShot","floor":5},{"not_picked":["hermit:HoleUp","hermit:CalledShot"],"picked":"hermit:Misfire","floor":6},{"not_picked":["hermit:Gambit","hermit:Manifest"],"picked":"hermit:Enervate","floor":13},{"not_picked":["hermit:CalledShot","hermit:Glare"],"picked":"hermit:Combo","floor":15}],"player_experience":639844,"relics_obtained":[{"floor":6,"key":"Gambling Chip"},{"floor":9,"key":"Matryoshka"},{"floor":13,"key":"InkBottle"}],"event_choices":[{"damage_healed":0,"gold_gain":0,"player_choice":"Take Wound","damage_taken":0,"relics_obtained":["Golden Idol"],"max_hp_gain":0,"max_hp_loss":0,"event_name":"Golden Idol","floor":2,"gold_loss":0,"cards_obtained":["Injury"]},{"damage_healed":0,"gold_gain":0,"player_choice":"Got Potions","damage_taken":0,"max_hp_gain":0,"max_hp_loss":0,"event_name":"Lab","floor":3,"gold_loss":0},{"damage_healed":0,"gold_gain":75,"player_choice":"Gather Gold","damage_taken":11,"max_hp_gain":0,"max_hp_loss":0,"event_name":"World of Goop","floor":11,"gold_loss":0},{"damage_healed":0,"gold_gain":0,"player_choice":"Ignored","damage_taken":0,"max_hp_gain":0,"max_hp_loss":0,"event_name":"Shining Light","floor":14,"gold_loss":0}],"is_beta":false,"boss_relics":[],"items_purged_floors":[],"is_endless":false,"potions_floor_spawned":[1,4,13],"killed_by":"The Guardian","ascension_level":15}}