{"host":"utqe55yv0jihe4d6","time":1608260984,"event":{"mods":["2.2 Compatiblity","AchievementEnabler","BaseMod","Block Reminder","Colored Map","Colored Powertips","Minty Spire (QoL Compilation)","Quick Restart","Rare Cards Sparkle","Relic Stats","SuperFastMode"],"gold_per_floor":[114,125,136,156,156,156,171,185,185,185,216,216,216,230,230,308,308,325,46,60,60,110,110,110,110],"floor_reached":24,"playtime":685,"items_purged":[],"score":396,"play_id":"5034ff96-63ec-49ec-b5b6-a8a79316f43d","local_time":"20201217220944","is_ascension_mode":true,"campfire_choices":[{"data":"Neutralize","floor":6.0,"key":"SMITH"},{"floor":12.0,"key":"REST"},{"data":"Bouncing Flask","floor":15.0,"key":"SMITH"},{"floor":23,"key":"REST"}],"circlet_count":0,"master_deck":["AscendersBane","Strike_G","Strike_G","Strike_G","Strike_G","Strike_G","Defend_G","Defend_G","Defend_G","Defend_G","Defend_G","Survivor","Neutralize+1","A Thousand Cuts","Eviscerate","Sucker Punch","Predator","Footwork","Cloak And Dagger","Dodge and Roll","Bouncing Flask+1","After Image","Dagger Throw","Glass Knife"],"relics":["Ring of the Snake","Toy Ornithopter","Kunai","Du-Vu Doll","Cursed Key","Pantograph"],"acts_visited":["Exordium","TheCity"],"potions_floor_usage":[16,20],"damage_taken":[{"damage":6.0,"enemies":"Jaw Worm","floor":1.0,"turns":4.0},{"damage":0.0,"enemies":"2 Louse","floor":2.0,"turns":4.0},{"damage":5.0,"enemies":"Small Slimes","floor":3.0,"turns":3.0},{"damage":2.0,"enemies":"2 Fungi Beasts","floor":4.0,"turns":4.0},{"damage":5.0,"enemies":"Large Slime","floor":7.0,"turns":5.0},{"damage":8.0,"enemies":"3 Louse","floor":8.0,"turns":5.0},{"damage":25.0,"enemies":"Gremlin Nob","floor":11.0,"turns":5.0},{"damage":4.0,"enemies":"Blue Slaver","floor":14.0,"turns":4.0},{"damage":10,"enemies":"The Guardian","floor":16,"turns":14},{"damage":18,"enemies":"Spheric Guardian","floor":18,"turns":5},{"damage":5,"enemies":"3 Byrds","floor":20,"turns":3},{"damage":41,"enemies":"Gremlin Leader","floor":24,"turns":5}],"seed_played":"2363993137605779864","potions_obtained":[{"floor":3.0,"key":"Energy Potion"},{"floor":4.0,"key":"LiquidBronze"},{"floor":14.0,"key":"SkillPotion"},{"floor":18,"key":"FearPotion"}],"is_trial":false,"path_per_floor":["M","M","M","M","?","R","M","M","T","?","E","R","?","M","R","B",null,"M","$","M","?","?","R","E"],"character_chosen":"THE_SILENT","items_purchased":["Pantograph"],"campfire_rested":2,"item_purchase_floors":[19],"current_hp_per_floor":[53,53,48,46,35,35,30,27,27,27,2,21,21,17,17,12,53,35,35,35,17,17,38,0,0],"gold":110,"neow_bonus":"ONE_RANDOM_RARE_CARD","is_daily":false,"chose_seed":false,"campfire_upgraded":2,"win_rate":0.0,"timestamp":1608260984,"path_taken":["M","M","M","M","?","R","M","M","T","?","E","R","?","M","R","BOSS","M","$","M","?","?","R","E"],"items_purchased_type":["Relic"],"build_version":"2020-12-13","purchased_purges":0,"victory":false,"max_hp_per_floor":[66,66,66,66,66,66,66,66,66,66,66,66,66,66,66,66,66,66,66,66,71,71,71,71,71],"relic_stats":{"counters":[12,61],"Pantograph":0,"Kunai":[5],"Cursed Key":0,"obtain_stats":[{"Du-Vu Doll":10,"Pantograph":19,"Kunai":9,"Cursed Key":17,"Toy Ornithopter":5,"Ring of the Snake":0},{"Du-Vu Doll":6,"Pantograph":10,"Kunai":6,"Cursed Key":9,"Toy Ornithopter":4,"Ring of the Snake":0},{"Du-Vu Doll":25,"Pantograph":53,"Kunai":25,"Cursed Key":48,"Toy Ornithopter":15,"Ring of the Snake":0}],"Toy Ornithopter":15,"Ring of the Snake":[24]},"card_choices":[{"not_picked":["Deflect","Expertise"],"picked":"Eviscerate","floor":1.0},{"not_picked":["Cloak And Dagger","Bane"],"picked":"Sucker Punch","floor":2.0},{"not_picked":["Dodge and Roll","Caltrops","Finisher"],"picked":"SKIP","floor":3.0},{"not_picked":["Accuracy","Backstab"],"picked":"Predator","floor":4.0},{"not_picked":["Crippling Poison","Phantasmal Killer"],"picked":"Footwork","floor":7.0},{"not_picked":["Slice","Dash"],"picked":"Cloak And Dagger","floor":8.0},{"not_picked":["Dagger Spray","Backflip"],"picked":"Dodge and Roll","floor":11.0},{"not_picked":["Dodge and Roll","Bane"],"picked":"Bouncing Flask","floor":14.0},{"not_picked":["Grand Finale","Burst"],"picked":"After Image","floor":16},{"not_picked":["Slice","Sucker Punch"],"picked":"Dagger Throw","floor":18},{"not_picked":["Dagger Throw","Prepared"],"picked":"Glass Knife","floor":20}],"player_experience":2796796,"relics_obtained":[{"floor":9.0,"key":"Kunai"}],"event_choices":[{"damage_healed":0.0,"max_hp_gain":0.0,"max_hp_loss":0.0,"gold_gain":0.0,"event_name":"Scrap Ooze","player_choice":"Success","floor":5.0,"gold_loss":0.0,"damage_taken":11.0,"relics_obtained":["Toy Ornithopter"]},{"damage_healed":0.0,"max_hp_gain":0.0,"max_hp_loss":0.0,"gold_gain":0.0,"event_name":"Dead Adventurer","player_choice":"Searched \u00271\u0027 times","floor":10.0,"gold_loss":0.0,"damage_taken":0.0,"relics_obtained":["Du-Vu Doll"]},{"damage_healed":0.0,"max_hp_gain":0.0,"max_hp_loss":0.0,"gold_gain":0.0,"event_name":"Liars Game","player_choice":"Ignored","floor":13.0,"gold_loss":0.0,"damage_taken":0.0},{"damage_healed":0,"gold_gain":0,"player_choice":"Shed Blood","damage_taken":23,"max_hp_gain":5,"max_hp_loss":0,"event_name":"Forgotten Altar","floor":21,"gold_loss":0},{"damage_healed":0,"gold_gain":50,"player_choice":"Stole From Cult","damage_taken":0,"max_hp_gain":0,"max_hp_loss":0,"event_name":"Nest","floor":22,"gold_loss":0}],"is_beta":false,"boss_relics":[{"not_picked":["Fusion Hammer","Snecko Eye"],"picked":"Cursed Key"}],"items_purged_floors":[],"is_endless":false,"potions_floor_spawned":[3,4,7,14,18],"killed_by":"Gremlin Leader","ascension_level":20}}