{"host":"otf1z5955ddlv5pq","time":1608257344,"event":{"mods":["BaseMod","Beaked The Cultist","Better Altar","Better Match","Better Note","Better Sensory Stone","Better Skull","Better Third Choice","Colored Map","Colored Powertips","Downfall","Minty Spire (QoL Compilation)","Rare Cards Sparkle","Replay The Spire","StSLib"],"gold_per_floor":[113,128,128,148,160,160,175,175,175,175,22,38,38,2,2,105,105,116,126,126,126,26,26,41,41,41,41,41],"floor_reached":27,"playtime":1897,"items_purged":["Strike_P","Defend_P"],"score":203,"play_id":"29efad91-70a7-4408-9cc7-c526b7748e79","local_time":"20201217180904","is_ascension_mode":false,"campfire_choices":[{"data":"Wallop","floor":6,"key":"SMITH"},{"data":"Eruption","floor":8,"key":"SMITH"},{"data":"Vigilance","floor":10,"key":"SMITH"},{"data":"Strike_P","floor":15,"key":"PURGE"},{"data":"Swivel","floor":23,"key":"SMITH"},{"data":"Evaluate","floor":25,"key":"SMITH"}],"circlet_count":0,"master_deck":["Strike_P","Strike_P","Defend_P","Defend_P","Defend_P","Eruption+1","Vigilance+1","Wallop+1","Halt+1","Replay:ManipulateFuture","FollowUp","Swivel+1","Consecrate","Evaluate+1","Evaluate","LessonLearned","CutThroughFate+1"],"relics":["PureWater","CaptainsWheel","Philosopher\u0027s Stone","Prayer Wheel"],"acts_visited":["Exordium","TheCity"],"potions_floor_usage":[12,16,24,27],"damage_taken":[{"damage":0,"enemies":"Cultist","floor":1,"turns":2},{"damage":0,"enemies":"2 Louse","floor":2,"turns":3},{"damage":1,"enemies":"Jaw Worm","floor":4,"turns":3},{"damage":1,"enemies":"Looter","floor":5,"turns":3},{"damage":5,"enemies":"Exordium Thugs","floor":7,"turns":6},{"damage":0,"enemies":"Lots of Slimes","floor":12,"turns":3},{"damage":15,"enemies":"Slime Boss","floor":16,"turns":7},{"damage":2,"enemies":"Spheric Guardian","floor":18,"turns":5},{"damage":13,"enemies":"Shell Parasite","floor":19,"turns":6},{"damage":0,"enemies":"Chosen and Byrds","floor":24,"turns":6},{"damage":71,"enemies":"Book of Stabbing","floor":27,"turns":5}],"seed_played":"-2699370227574794328","potions_obtained":[{"floor":2,"key":"ColorlessPotion"},{"floor":3,"key":"Venom Potion"},{"floor":3,"key":"champ:CounterPotion"},{"floor":12,"key":"LifebloodPotion"}],"is_trial":false,"path_per_floor":["M","M","?","M","M","R","M","R","T","R","$","M","$","$","R_BF","B",null,"M","M","?","?","$","R","M","R","T","E"],"character_chosen":"WATCHER","items_purchased":["Swivel","Evaluate"],"campfire_rested":0,"item_purchase_floors":[11,14],"current_hp_per_floor":[79,79,79,78,77,77,72,72,72,72,72,72,72,72,72,57,79,77,64,64,64,64,64,64,64,64,0,0],"gold":41,"neow_bonus":"TEN_PERCENT_HP_BONUS","is_daily":false,"chose_seed":false,"campfire_upgraded":5,"win_rate":0.0,"timestamp":1608257344,"path_taken":["M","M","?","M","M","R","M","R","T","R","$","M","?","$","R_BF","BOSS","M","M","?","?","$","R","M","R","T","E"],"items_purchased_type":["Card","Card"],"build_version":"2020-12-13","purchased_purges":2,"victory":false,"max_hp_per_floor":[79,79,79,79,79,79,79,79,79,79,79,79,79,79,79,79,79,79,79,79,79,79,79,79,79,79,79,79],"card_choices":[{"not_picked":["JustLucky","FlyingSleeves"],"picked":"Wallop","floor":1},{"not_picked":["WaveOfTheHand","SashWhip"],"picked":"Halt","floor":2},{"not_picked":["Indignation","Wallop"],"picked":"Replay:ManipulateFuture","floor":4},{"not_picked":["Evaluate","Halt"],"picked":"FollowUp","floor":5},{"not_picked":["Replay:BluntJabs","ForeignInfluence","Replay:AtTheReady"],"picked":"SKIP","floor":7},{"not_picked":["CrushJoints","Ragnarok"],"picked":"Consecrate","floor":12},{"not_picked":["Vault","Alpha"],"picked":"LessonLearned","floor":16},{"not_picked":["Evaluate+1","EmptyFist"],"picked":"CutThroughFate+1","floor":18},{"not_picked":["Replay:Anticipation","Pray","Replay:AtTheReady"],"picked":"SKIP","floor":19},{"not_picked":["EmptyFist","Crescendo+1","Replay:BluntJabs"],"picked":"SKIP","floor":24}],"player_experience":920500,"relics_obtained":[{"floor":9,"key":"CaptainsWheel"},{"floor":26,"key":"Prayer Wheel"}],"event_choices":[{"damage_healed":0,"gold_gain":0,"player_choice":"Got Potions","damage_taken":0,"max_hp_gain":0,"max_hp_loss":0,"event_name":"Lab","floor":3,"gold_loss":0},{"damage_healed":0,"gold_gain":0,"player_choice":"Ignored","damage_taken":0,"max_hp_gain":0,"max_hp_loss":0,"event_name":"N\u0027loth","floor":20,"gold_loss":0},{"cards_removed":["CutThroughFate"],"damage_healed":0,"gold_gain":0,"player_choice":"Give","damage_taken":0,"max_hp_gain":0,"max_hp_loss":0,"event_name":"betterNote:BetterNote","floor":21,"gold_loss":0,"cards_obtained":["None"]}],"is_beta":false,"boss_relics":[{"not_picked":["Coffee Dripper","Fusion Hammer"],"picked":"Philosopher\u0027s Stone"}],"items_purged_floors":[11,22],"is_endless":false,"potions_floor_spawned":[2,5,12],"killed_by":"Book of Stabbing","ascension_level":0}}