{"host":"vumwfieg2b2mnrfl","time":1608335439,"event":{"mods":["AchievementEnabler","BaseMod","Minty Spire (QoL Compilation)","Rare Cards Sparkle","Relic Stats"],"gold_per_floor":[115,115,131,141,153,178,178,192,192,192,247,280,280,306,306,407,407,418,438,456,555,555,587,587,600,600,613,83,116,127,144,144,247,247,258,107,124,124,174,206,256,256,256,256,291,310,344,87,87,87,87,87,16,47,47],"floor_reached":56,"playtime":3732,"items_purged":["Decay","Strike_R"],"score":1626,"play_id":"40d305d5-cac3-4be0-8100-3276bbed86af","local_time":"20201218175039","is_ascension_mode":true,"campfire_choices":[{"floor":7.0,"key":"REST"},{"floor":10.0,"key":"REST"},{"floor":13.0,"key":"REST"},{"data":"Rampage","floor":15.0,"key":"SMITH"},{"floor":24.0,"key":"REST"},{"floor":32.0,"key":"REST"},{"floor":42.0,"key":"REST"},{"floor":44.0,"key":"RECALL"},{"data":"Armaments","floor":49.0,"key":"SMITH"},{"floor":52.0,"key":"REST"}],"circlet_count":0,"master_deck":["Strike_R","Strike_R","Defend_R","Defend_R","Defend_R","Bash","Hemokinesis","Anger","Rampage+1","Thunderclap","Clash","Armaments+1","Entrench+1","Shrug It Off+1","Demon Form+1","Body Slam+1","Pummel+1","Dual Wield+1","Bloodletting+1","Flex+1","Shrug It Off+1","Rage+1","Warcry+1","Metallicize+1","Rage+1","Dark Shackles+1","Barricade+1","Shrug It Off+1","Heavy Blade","Limit Break+1","Havoc+1","Metallicize+1"],"relics":["Black Star","White Beast Statue","Frozen Egg 2","Toxic Egg 2","Strawberry","Self Forming Clay","InkBottle","Tiny Chest","Mummified Hand","Astrolabe","Regal Pillow","Darkstone Periapt","PreservedInsect","Kunai","Pocketwatch","Potion Belt","Busted Crown","Lizard Tail","Prayer Wheel","Ornamental Fan","Torii","Charon\u0027s Ashes","Meat on the Bone","Centennial Puzzle","Gremlin Horn","Bag of Marbles","Bag of Preparation","Blue Candle","Oddly Smooth Stone"],"acts_visited":["Exordium","TheCity","TheBeyond","TheEnding"],"potions_floor_usage":[55,55],"damage_taken":[{"damage":10.0,"enemies":"Small Slimes","floor":1.0,"turns":3.0},{"damage":3.0,"enemies":"Cultist","floor":3.0,"turns":3.0},{"damage":12.0,"enemies":"Jaw Worm","floor":4.0,"turns":3.0},{"damage":2.0,"enemies":"Large Slime","floor":5.0,"turns":3.0},{"damage":31.0,"enemies":"Lagavulin","floor":6.0,"turns":7.0},{"damage":21.0,"enemies":"Blue Slaver","floor":8.0,"turns":5.0},{"damage":22.0,"enemies":"3 Sentries","floor":12.0,"turns":5.0},{"damage":19.0,"enemies":"Lagavulin","floor":14.0,"turns":7.0},{"damage":44.0,"enemies":"Hexaghost","floor":16.0,"turns":10.0},{"damage":16.0,"enemies":"Chosen","floor":18.0,"turns":3.0},{"damage":26.0,"enemies":"Spheric Guardian","floor":19.0,"turns":6.0},{"damage":50.0,"enemies":"Shelled Parasite and Fungi","floor":20.0,"turns":7.0},{"damage":30.0,"enemies":"Gremlin Leader","floor":23.0,"turns":5.0},{"damage":14.0,"enemies":"Snecko","floor":25.0,"turns":4.0},{"damage":19.0,"enemies":"Centurion and Healer","floor":27.0,"turns":6.0},{"damage":17.0,"enemies":"Book of Stabbing","floor":29.0,"turns":5.0},{"damage":3.0,"enemies":"Sentry and Sphere","floor":30.0,"turns":4.0},{"damage":6.0,"enemies":"Snecko","floor":31.0,"turns":6.0},{"damage":28.0,"enemies":"Champ","floor":33.0,"turns":6.0},{"damage":9.0,"enemies":"Orb Walker","floor":35.0,"turns":4.0},{"damage":0.0,"enemies":"3 Shapes","floor":37.0,"turns":5.0},{"damage":0.0,"enemies":"2 Orb Walkers","floor":39.0,"turns":6.0},{"damage":6.0,"enemies":"Reptomancer","floor":40.0,"turns":6.0},{"damage":0.0,"enemies":"Mind Bloom Boss Battle","floor":41.0,"turns":10.0},{"damage":0.0,"enemies":"Giant Head","floor":45.0,"turns":7.0},{"damage":5.0,"enemies":"Sphere and 2 Shapes","floor":46.0,"turns":7.0},{"damage":20.0,"enemies":"Reptomancer","floor":47.0,"turns":5.0},{"damage":24.0,"enemies":"Donu and Deca","floor":50.0,"turns":6.0},{"damage":31.0,"enemies":"Shield and Spear","floor":54.0,"turns":6.0},{"damage":43,"enemies":"The Heart","floor":55,"turns":10}],"seed_played":"7327809939997076846","potions_obtained":[{"floor":1.0,"key":"FearPotion"},{"floor":4.0,"key":"Regen Potion"},{"floor":6.0,"key":"Strength Potion"},{"floor":8.0,"key":"Regen Potion"},{"floor":12.0,"key":"BloodPotion"},{"floor":14.0,"key":"Strength Potion"},{"floor":16.0,"key":"FearPotion"},{"floor":19.0,"key":"Explosive Potion"},{"floor":20.0,"key":"SteroidPotion"},{"floor":23.0,"key":"FairyPotion"},{"floor":25.0,"key":"Energy Potion"},{"floor":27.0,"key":"ColorlessPotion"},{"floor":29.0,"key":"Regen Potion"},{"floor":30.0,"key":"EssenceOfSteel"},{"floor":31.0,"key":"PowerPotion"},{"floor":33.0,"key":"Block Potion"},{"floor":35.0,"key":"SneckoOil"},{"floor":37.0,"key":"SkillPotion"},{"floor":39.0,"key":"ElixirPotion"},{"floor":40.0,"key":"Fire Potion"},{"floor":46.0,"key":"SteroidPotion"},{"floor":54.0,"key":"EssenceOfSteel"}],"is_trial":false,"path_per_floor":["M","?","M","M","M","E","R","M","T","R","T","E","R","E","R","B",null,"M","M","M","?","?","E","R","M","T","M","$","E","M","M","R","B",null,"M","$","M","T","?","E","?","R","T","R","E","M","E","$","R","B",null,"R","$","E","B",null],"character_chosen":"IRONCLAD","items_purchased":["Metallicize+1","Kunai","Rage+1","Dark Shackles+1","Shrug It Off+1","Bag of Preparation","FairyPotion","Metallicize+1"],"campfire_rested":7,"item_purchase_floors":[28,28,28,28,36,48,48,53],"current_hp_per_floor":[62,62,59,47,45,14,38,17,17,41,48,26,52,48,48,4,66,50,41,5,5,34,4,45,31,31,12,12,26,23,17,58,30,73,64,64,64,64,64,58,58,87,87,87,87,82,62,62,62,52,78,87,87,56,25],"gold":47,"neow_bonus":"BOSS_RELIC","is_daily":false,"chose_seed":false,"campfire_upgraded":2,"win_rate":0.0,"timestamp":1608335439,"path_taken":["M","?","M","M","M","E","R","?","T","R","?","E","R","E","R","BOSS","M","?","M","?","?","E","R","M","T","M","$","E","M","M","R","BOSS","M","$","M","?","?","E","?","R","T","R","E","M","E","?","R","BOSS","R","$","E","BOSS"],"items_purchased_type":["Card","Relic","Card","Card","Card","Relic","Potion","Card"],"build_version":"2020-12-13","purchased_purges":2,"victory":true,"max_hp_per_floor":[80,80,80,80,80,80,80,80,80,80,87,87,87,87,87,87,87,87,87,87,87,87,87,87,87,87,87,87,87,87,87,87,87,87,87,87,87,87,87,87,87,87,87,87,87,87,87,87,87,87,87,87,87,87,87],"relic_stats":{"Darkstone Periapt":0,"Regal Pillow":33,"Torii":59,"Gremlin Horn":[2,2],"counters":[30,170],"Self Forming Clay":[306],"Astrolabe":["Body Slam","Pummel","Dual Wield"],"Blue Candle":[0],"PreservedInsect":354,"Charon\u0027s Ashes":[96],"Bag of Preparation":[6],"Lizard Tail":0,"Centennial Puzzle":[14],"Busted Crown":20,"Mummified Hand":[52],"Ornamental Fan":[40],"Tiny Chest":1,"Prayer Wheel":1,"Black Star":9,"Kunai":[24],"obtain_stats":[{"Darkstone Periapt":23,"Regal Pillow":23,"Torii":40,"Gremlin Horn":47,"Bag of Preparation":48,"Burning Blood":0,"Lizard Tail":38,"Centennial Puzzle":45,"Mummified Hand":14,"Strawberry":11,"Tiny Chest":14,"Prayer Wheel":39,"Kunai":28,"Toxic Egg 2":9,"InkBottle":12,"Potion Belt":29,"Self Forming Clay":12,"Astrolabe":17,"Blue Candle":54,"Oddly Smooth Stone":54,"PreservedInsect":26,"Charon\u0027s Ashes":41,"Frozen Egg 2":6,"White Beast Statue":6,"Busted Crown":34,"Ornamental Fan":40,"Black Star":0,"Bag of Marbles":47,"Pocketwatch":29,"Meat on the Bone":45},{"Darkstone Periapt":13,"Regal Pillow":13,"Torii":23,"Gremlin Horn":27,"Bag of Preparation":27,"Burning Blood":0,"Lizard Tail":21,"Centennial Puzzle":25,"Mummified Hand":8,"Strawberry":6,"Tiny Chest":8,"Prayer Wheel":22,"Kunai":15,"Toxic Egg 2":6,"InkBottle":7,"Potion Belt":16,"Self Forming Clay":7,"Astrolabe":9,"Blue Candle":29,"Oddly Smooth Stone":29,"PreservedInsect":14,"Charon\u0027s Ashes":24,"Frozen Egg 2":5,"White Beast Statue":5,"Busted Crown":19,"Ornamental Fan":23,"Black Star":0,"Bag of Marbles":27,"Pocketwatch":16,"Meat on the Bone":25},{"Darkstone Periapt":67,"Regal Pillow":67,"Torii":119,"Gremlin Horn":148,"Bag of Preparation":148,"Burning Blood":0,"Lizard Tail":107,"Centennial Puzzle":136,"Mummified Hand":36,"Strawberry":24,"Tiny Chest":36,"Prayer Wheel":113,"Kunai":77,"Toxic Egg 2":24,"InkBottle":29,"Potion Belt":82,"Self Forming Clay":29,"Astrolabe":46,"Blue Candle":160,"Oddly Smooth Stone":160,"PreservedInsect":71,"Charon\u0027s Ashes":129,"Frozen Egg 2":19,"White Beast Statue":19,"Busted Crown":98,"Ornamental Fan":119,"Black Star":0,"Bag of Marbles":148,"Pocketwatch":82,"Meat on the Bone":136}],"InkBottle":[55],"Pocketwatch":[89],"Meat on the Bone":12},"card_choices":[{"not_picked":["Blood for Blood","Havoc"],"picked":"Hemokinesis","floor":1.0},{"not_picked":["Seeing Red","Evolve"],"picked":"Anger","floor":3.0},{"not_picked":["Clothesline","Headbutt"],"picked":"Rampage","floor":4.0},{"not_picked":["Clothesline","Body Slam"],"picked":"Thunderclap","floor":5.0},{"not_picked":["Pummel","Sword Boomerang"],"picked":"Clash","floor":6.0},{"not_picked":["Shrug It Off","Anger"],"picked":"Armaments","floor":8.0},{"not_picked":["Havoc+1","Clothesline"],"picked":"Entrench+1","floor":12.0},{"not_picked":["Reckless Charge","Havoc+1"],"picked":"Shrug It Off+1","floor":14.0},{"not_picked":["Limit Break+1","Exhume+1"],"picked":"Demon Form+1","floor":16.0},{"not_picked":["True Grit+1","Twin Strike"],"picked":"Bloodletting+1","floor":18.0},{"not_picked":["Fire Breathing+1","Second Wind+1","Cleave"],"picked":"SKIP","floor":19.0},{"not_picked":["Headbutt","Clash+1"],"picked":"Flex+1","floor":20.0},{"not_picked":["Fiend Fire","Clothesline"],"picked":"Shrug It Off+1","floor":23.0},{"not_picked":["Heavy Blade","Entrench+1"],"picked":"Rage+1","floor":25.0},{"not_picked":["Clash","Body Slam+1"],"picked":"Warcry+1","floor":27.0},{"not_picked":["Bloodletting+1","Hemokinesis","Wild Strike+1"],"picked":"SKIP","floor":29.0},{"not_picked":["Anger","Pommel Strike+1","Clothesline"],"picked":"SKIP","floor":30.0},{"not_picked":["Rampage","Combust+1","Brutality+1"],"picked":"SKIP","floor":31.0},{"not_picked":["Feed","Fiend Fire"],"picked":"Barricade+1","floor":33.0},{"not_picked":["Clothesline+1"],"picked":"SKIP","floor":35.0},{"not_picked":[],"picked":"Heavy Blade","floor":37.0},{"not_picked":[],"picked":"Limit Break+1","floor":40.0},{"not_picked":["Infernal Blade+1"],"picked":"SKIP","floor":45.0},{"not_picked":[],"picked":"Havoc+1","floor":46.0},{"not_picked":["Rupture+1"],"picked":"SKIP","floor":46.0},{"not_picked":["Rupture+1"],"picked":"SKIP","floor":47.0},{"not_picked":["Fire Breathing+1"],"picked":"SKIP","floor":54.0}],"player_experience":247030,"relics_obtained":[{"floor":6.0,"key":"White Beast Statue"},{"floor":6.0,"key":"Frozen Egg 2"},{"floor":9.0,"key":"Toxic Egg 2"},{"floor":11.0,"key":"Strawberry"},{"floor":12.0,"key":"Self Forming Clay"},{"floor":12.0,"key":"InkBottle"},{"floor":14.0,"key":"Tiny Chest"},{"floor":14.0,"key":"Mummified Hand"},{"floor":23.0,"key":"Regal Pillow"},{"floor":23.0,"key":"Darkstone Periapt"},{"floor":26.0,"key":"PreservedInsect"},{"floor":29.0,"key":"Pocketwatch"},{"floor":29.0,"key":"Potion Belt"},{"floor":38.0,"key":"Lizard Tail"},{"floor":39.0,"key":"Prayer Wheel"},{"floor":40.0,"key":"Ornamental Fan"},{"floor":40.0,"key":"Torii"},{"floor":41.0,"key":"Charon\u0027s Ashes"},{"floor":45.0,"key":"Meat on the Bone"},{"floor":45.0,"key":"Centennial Puzzle"},{"floor":47.0,"key":"Gremlin Horn"},{"floor":47.0,"key":"Bag of Marbles"},{"floor":54.0,"key":"Blue Candle"},{"floor":54.0,"key":"Oddly Smooth Stone"}],"event_choices":[{"damage_healed":0.0,"max_hp_gain":0.0,"max_hp_loss":0.0,"gold_gain":0.0,"event_name":"Wheel of Change","player_choice":"Cursed","floor":2.0,"gold_loss":0.0,"damage_taken":0.0,"cards_obtained":["Decay"]},{"damage_healed":0.0,"max_hp_gain":0.0,"max_hp_loss":0.0,"gold_gain":99.0,"event_name":"Nest","player_choice":"Stole From Cult","floor":21.0,"gold_loss":0.0,"damage_taken":0.0},{"damage_healed":29.0,"max_hp_gain":0.0,"max_hp_loss":0.0,"gold_gain":0.0,"event_name":"The Library","player_choice":"Heal","floor":22.0,"gold_loss":0.0,"damage_taken":0.0},{"damage_healed":0.0,"max_hp_gain":0.0,"max_hp_loss":0.0,"gold_gain":0.0,"event_name":"Mysterious Sphere","player_choice":"Fight","floor":39.0,"gold_loss":0.0,"damage_taken":0.0},{"damage_healed":0.0,"max_hp_gain":0.0,"max_hp_loss":0.0,"gold_gain":0.0,"event_name":"MindBloom","player_choice":"Fight","floor":41.0,"gold_loss":0.0,"damage_taken":0.0}],"is_beta":false,"boss_relics":[{"not_picked":["Philosopher\u0027s Stone","Coffee Dripper"],"picked":"Astrolabe"},{"not_picked":["Velvet Choker","Mark of Pain"],"picked":"Busted Crown"}],"items_purged_floors":[28,36],"is_endless":false,"potions_floor_spawned":[1,4,6,8,12,14,16,18,19,20,23,25,27,29,30,31,33,35,37,39,40,41,45,46,54],"ascension_level":6}}