{"host":"h7xtspmc2x3i8s2i","time":1608315217,"event":{"mods":["2.2 Compatiblity","AchievementEnabler","Act Like it!","AlwaysNeverKeys","Aspiration","Astrologer","BaseMod","Beaked The Cultist","Better Match","Better Sensory Stone","Better Third Choice","Better Vampires","BetterRewards","Challenge The Spire","Colored Map","Colored Powertips","Colorless Booster Pack","Curses Come First","Defuse TimeMaze Blight","Dio Mod","Downfall","Duelist Mod","EXCEPTION","Energized Spire","Friendly Minions","GifTheSpireLib","Gold Saver","Gremlin Skip","Halation","Hubris","Jedi Mod","Key Reminder","Marked Mod","Minty Spire (QoL Compilation)","Pale of the Ancients","Permanent Neow","Random Character Button","Random Character Mod","Rare Cards Sparkle","Relic Filter","Relic Stats","Replay The Spire","SacredBarkPlus","Shop Mod","Somnambulant","Spicy Shops","Spikes Relics","Spire Birthday Party","StSLib","Steal the Spire","Stuff the Spire","SuperFastMode","The Awakened One except there are too many feathers","The Blue Laboratory","The Cursed","The Death Knight","The Dragon Tamer","The Edgeheg","The Hierophant","The Problem Sleuth","The Wild Card","Transform Curses","Unceasing Turn Reminder","everything is the same but u backflip on backflip","slay the spire mod where everything is the same but ironclad has a cowboy hat","vexMod"],"gold_per_floor":[941,941,955,261,261,294,365,290,305,305,321,386,402,402,416,416,416],"floor_reached":16,"playtime":753,"items_purged":["DTMod:Strike"],"score":125,"play_id":"94effca8-5204-4b5c-a796-c2c13757784c","local_time":"20201218131337","is_ascension_mode":false,"metric_token":4243,"campfire_choices":[{"floor":8,"key":"REST"},{"floor":10,"key":"RECALL"}],"dtmod_dragon_data":[19,50,-1,-1,0,0],"circlet_count":0,"master_deck":["DTMod:Strike","DTMod:Strike","DTMod:Strike","DTMod:DoubleHit","DTMod:TargetDefense","DTMod:TargetDefense","DTMod:TargetDefense","DTMod:TargetDefense","DTMod:SwitchingTactic+1","DTMod:Feint","DTMod:BurningEnergy","DTMod:MagiciansMark","DTMod:Training","DTMod:Harmonize","DTMod:GhostSkin","DTMod:WarmUp","DTMod:Haste","DTMod:Feint","DTMod:Adaptation"],"relics":["DTMod:PactStone","hubris:Towel","Bronze Scales","MerchantsRug","Omamori","vexMod:InvisibilityCloak","keyreminder:keyreminder","downfall:HeartBlessingBlue","Pet Ghost"],"acts_visited":["Exordium"],"potions_floor_usage":[3,4,4,6,12,13,16],"damage_taken":[{"damage":0,"enemies":"Small Slimes","floor":3,"turns":6},{"damage":0,"enemies":"downfall:FleeingMerchant","floor":4,"turns":5},{"damage":0,"enemies":"Gremlin Nob","floor":6,"turns":4},{"damage":0,"enemies":"Jaw Worm","floor":9,"turns":5},{"damage":0,"enemies":"Cultist","floor":11,"turns":3},{"damage":7,"enemies":"3 Sentries","floor":12,"turns":10},{"damage":0,"enemies":"Lots of Slimes","floor":13,"turns":3},{"damage":5,"enemies":"Exordium Thugs","floor":15,"turns":3},{"damage":50,"enemies":"downfall:Ironclad","floor":16,"turns":6}],"seed_played":"-5334545299322684312","potions_obtained":[{"floor":0,"key":"Death Potion"},{"floor":0,"key":"Flashbang"},{"floor":0,"key":"LiquidMemories"},{"floor":3,"key":"EntropicBrew"},{"floor":9,"key":"Block Potion"},{"floor":11,"key":"blueLaboratory:AbyssPotion"},{"floor":15,"key":"blueLaboratory:BottleOfVodka"}],"is_trial":false,"path_per_floor":["R_BF","?","M","$","?","E","T","R","M","R","M","?","M","?","M","B"],"character_chosen":"THE_DT","items_purchased":["DTMod:MagiciansMark","DTMod:Training","DTMod:Harmonize","Bronze Scales","MerchantsRug","jedi:StrikingPotion"],"campfire_rested":1,"item_purchase_floors":[4,4,4,4,4,4],"current_hp_per_floor":[45,45,45,45,39,39,39,55,55,55,55,48,48,48,43,0,0],"gold":416,"neow_bonus":"THREE_SMALL_POTIONS","is_daily":false,"chose_seed":false,"campfire_upgraded":0,"win_rate":0.0,"timestamp":1608315217,"path_taken":["R_BF","?","?","$","?","E","T","R","M","R","?","?","M","?","M","BOSS"],"items_purchased_type":["Card","Card","Card","Relic","Relic","Potion"],"build_version":"2020-12-13","purchased_purges":1,"victory":false,"max_hp_per_floor":[45,45,45,45,45,45,45,55,55,55,55,55,55,55,55,55,55],"relic_stats":{"counters":[9,45],"Bronze Scales":[45],"obtain_stats":[{"keyreminder:keyreminder":7,"MerchantsRug":4,"vexMod:InvisibilityCloak":6,"DTMod:PactStone":0,"downfall:HeartBlessingBlue":8,"Bronze Scales":4,"Omamori":5,"hubris:Towel":1,"Pet Ghost":12},{"keyreminder:keyreminder":3,"MerchantsRug":2,"vexMod:InvisibilityCloak":3,"DTMod:PactStone":0,"downfall:HeartBlessingBlue":3,"Bronze Scales":2,"Omamori":2,"hubris:Towel":0,"Pet Ghost":6},{"keyreminder:keyreminder":15,"MerchantsRug":11,"vexMod:InvisibilityCloak":15,"DTMod:PactStone":0,"downfall:HeartBlessingBlue":15,"Bronze Scales":11,"Omamori":11,"hubris:Towel":0,"Pet Ghost":33}]},"card_choices":[{"not_picked":["DTMod:QuickFly","DTMod:ResonanceForm"],"picked":"DTMod:Feint","floor":3},{"not_picked":["DTMod:BurningForce","DTMod:BreakAttack"],"picked":"DTMod:BurningEnergy","floor":4},{"not_picked":["DTMod:Overwhelm","DTMod:BuildUp"],"picked":"DTMod:GhostSkin","floor":6},{"not_picked":["DTMod:BurningEnergy","DTMod:BuildUp","DTMod:Astonish"],"picked":"SKIP","floor":9},{"not_picked":["DTMod:StarRain","DTMod:MagicField"],"picked":"DTMod:WarmUp","floor":11},{"not_picked":["DTMod:Threaten","DTMod:MagicField"],"picked":"DTMod:Haste","floor":12},{"not_picked":["DTMod:BizarreTactic","DTMod:BlazingStrike"],"picked":"DTMod:Feint","floor":13},{"not_picked":["DTMod:Prediction","DTMod:BuildUp"],"picked":"DTMod:Adaptation","floor":15}],"player_experience":517242,"relics_obtained":[{"floor":6,"key":"vexMod:InvisibilityCloak"},{"floor":12,"key":"Pet Ghost"}],"event_choices":[{"damage_healed":0,"gold_gain":0,"player_choice":"Upgraded","damage_taken":0,"max_hp_gain":0,"max_hp_loss":0,"event_name":"Upgrade Shrine","floor":2,"gold_loss":0,"cards_upgraded":["DTMod:SwitchingTactic"]},{"damage_healed":0,"gold_gain":0,"player_choice":"Leave","damage_taken":0,"max_hp_gain":0,"max_hp_loss":0,"event_name":"FaceTrader","floor":14,"gold_loss":0}],"is_beta":false,"boss_relics":[],"items_purged_floors":[4],"is_endless":false,"potions_floor_spawned":[3,9,11,15],"killed_by":"downfall:Ironclad","ascension_level":0}}