{"host":"tyfpg4h531zkrrpn","time":1608273927,"event":{"mods":["Act Like it!","BaseMod","CapriCore","Card Filter","Colored Map","Minty Spire (QoL Compilation)","MostiFishMod","Permanent Neow","Quick Restart","StSLib","Waifu the Spire"],"gold_per_floor":[111,128,138,156,176,205,205,230,256,266,266,295,307,307,307,381,381,395,409,859,859,859],"floor_reached":21,"playtime":965,"items_purged":[],"score":556,"play_id":"54b468a4-5493-415c-adea-83af069fe5f4","local_time":"20201217224527","is_ascension_mode":true,"campfire_choices":[{"data":"Disarm","floor":11,"key":"SMITH"},{"data":"Armaments","floor":15,"key":"SMITH"}],"circlet_count":0,"master_deck":["AscendersBane","Strike_R","Strike_R","Strike_R","Strike_R","Strike_R","Defend_R","Defend_R","Defend_R","Defend_R","Bash","MostiFishMod:RacingGame+1","Panacea","Armaments+1","Disarm+1","Twin Strike","Pommel Strike","Thunderclap","Pommel Strike","Sword Boomerang","MostiFishMod:PerfectStrikeMKII","Warcry","Sever Soul"],"relics":["Burning Blood","DaveBox","EGODaCapo","Question Card","Ancient Tea Set","Mercury Hourglass","Dream Catcher","ImportantClient","ChiXiaoBlade"],"acts_visited":["Exordium","TheCity"],"potions_floor_usage":[],"damage_taken":[{"damage":0,"enemies":"Cultist","floor":1,"turns":2},{"damage":3,"enemies":"Jaw Worm","floor":2,"turns":3},{"damage":2,"enemies":"2 Louse","floor":3,"turns":3},{"damage":3,"enemies":"Exordium Thugs","floor":4,"turns":3},{"damage":6,"enemies":"Large Slime","floor":5,"turns":4},{"damage":24,"enemies":"3 Sentries","floor":6,"turns":6},{"damage":10,"enemies":"Gremlin Nob","floor":8,"turns":4},{"damage":0,"enemies":"Blue Slaver","floor":10,"turns":2},{"damage":0,"enemies":"Lagavulin","floor":12,"turns":5},{"damage":0,"enemies":"3 Louse","floor":13,"turns":3},{"damage":0,"enemies":"Slime Boss","floor":16,"turns":5},{"damage":0,"enemies":"Chosen","floor":18,"turns":3},{"damage":3,"enemies":"3 Byrds","floor":19,"turns":4},{"damage":21,"enemies":"Shelled Parasite and Fungi","floor":21,"turns":2}],"seed_played":"-1212825499728345069","potions_obtained":[{"floor":1,"key":"FearPotion"},{"floor":4,"key":"SteroidPotion"},{"floor":8,"key":"DuplicationPotion"},{"floor":12,"key":"Swift Potion"}],"is_trial":false,"path_per_floor":["M","M","M","M","M","E","$","E","T","M","R","E","M","$","R","B",null,"M","M","?","M"],"character_chosen":"IRONCLAD","items_purchased":[],"campfire_rested":0,"item_purchase_floors":[],"current_hp_per_floor":[74,75,75,75,75,57,57,53,53,59,59,65,71,71,71,75,75,75,75,29,8,8],"gold":859,"neow_bonus":"RANDOM_COLORLESS","is_daily":false,"chose_seed":false,"campfire_upgraded":2,"win_rate":0.0,"timestamp":1608273927,"path_taken":["M","M","M","?","M","E","$","E","T","M","R","E","M","$","R","BOSS","M","M","?","M"],"items_purchased_type":[],"build_version":"2020-12-13","purchased_purges":0,"victory":false,"max_hp_per_floor":[75,75,75,75,75,75,75,75,75,75,75,75,75,75,75,75,75,75,75,75,75,75],"card_choices":[{"not_picked":["Bandage Up","Blind"],"picked":"Panacea","floor":0},{"not_picked":["Rupture","Warcry"],"picked":"Armaments","floor":1},{"not_picked":["Pummel","Anger","Shrug It Off"],"picked":"Disarm","floor":2},{"not_picked":["Headbutt","Ghostly Armor","Body Slam"],"picked":"Twin Strike","floor":3},{"not_picked":["Shockwave","Battle Trance","Combust"],"picked":"Pommel Strike","floor":4},{"not_picked":["Feed","Bloodletting","Warcry"],"picked":"Sever Soul","floor":5},{"not_picked":["Second Wind","Disarm","Body Slam"],"picked":"Thunderclap","floor":6},{"not_picked":["Rampage","Headbutt","Flame Barrier","Dual Wield"],"picked":"SKIP","floor":8},{"not_picked":["Perfected Strike","Wild Strike","Hemokinesis","Sever Soul"],"picked":"SKIP","floor":10},{"not_picked":["Fire Breathing","Rage","Hemokinesis"],"picked":"Pommel Strike","floor":12},{"not_picked":["Fire Breathing","Twin Strike","Combust"],"picked":"Sword Boomerang","floor":13},{"not_picked":["Reaper","Brutality","Bludgeon"],"picked":"MostiFishMod:PerfectStrikeMKII","floor":16},{"not_picked":["Ghostly Armor","Heavy Blade","Clothesline","Battle Trance"],"picked":"SKIP","floor":18},{"not_picked":["Sword Boomerang","Body Slam","Anger"],"picked":"Warcry","floor":19}],"player_experience":548318,"relics_obtained":[{"floor":1,"key":"Question Card"},{"floor":6,"key":"Ancient Tea Set"},{"floor":8,"key":"Mercury Hourglass"},{"floor":12,"key":"Dream Catcher"},{"floor":16,"key":"ImportantClient"}],"event_choices":[{"damage_healed":0,"gold_gain":450,"player_choice":"GOLD GOLD GOLD GOLD GOLD ","damage_taken":46,"max_hp_gain":0,"max_hp_loss":0,"event_name":"Knowing Skull","floor":20,"potions_obtained":[],"gold_loss":0,"cards_obtained":[]}],"is_beta":false,"boss_relics":[{"not_picked":["Pandora\u0027s Box","NightmareShop"],"picked":"ChiXiaoBlade"}],"items_purged_floors":[],"is_endless":false,"potions_floor_spawned":[1,4,8,10,12,13,19],"killed_by":"Shelled Parasite and Fungi","ascension_level":20}}