{"host":"qwttrqaysb380yri","time":1608286398,"event":{"mods":["BaseMod","Custom Start","Minty Spire (QoL Compilation)","Puzzle Mod","Relic Stats","StSLib","The Cursed","The Hierophant"],"gold_per_floor":[110,110,126,136,147,147,176,176,226,259,270,39,39,56,56,56,56],"floor_reached":16,"playtime":399,"items_purged":["Pain"],"score":196,"play_id":"f093fe89-5bee-43cd-a6a8-b24f7b15d28d","local_time":"20201218111318","is_ascension_mode":true,"campfire_choices":[{"data":"Combust","floor":6.0,"key":"SMITH"},{"data":"True Grit","floor":8.0,"key":"SMITH"},{"data":"Clothesline","floor":15.0,"key":"SMITH"}],"circlet_count":0,"master_deck":["AscendersBane","Strike_R","Strike_R","Strike_R","Strike_R","Defend_R","Defend_R","Defend_R","Defend_R","Bash+1","Combust+1","True Grit+1","Clothesline+1","Sword Boomerang","Thunderclap","Power Through","Shrug It Off","Whirlwind"],"relics":["Burning Blood","WarpedTongs","Frozen Egg 2","Akabeko","PreservedInsect","Lee\u0027s Waffle"],"acts_visited":["Exordium"],"potions_floor_usage":[],"damage_taken":[{"damage":12.0,"enemies":"Small Slimes","floor":1.0,"turns":4.0},{"damage":3.0,"enemies":"Cultist","floor":3.0,"turns":3.0},{"damage":14.0,"enemies":"Jaw Worm","floor":4.0,"turns":5.0},{"damage":14.0,"enemies":"3 Louse","floor":5.0,"turns":4.0},{"damage":39.0,"enemies":"Lagavulin","floor":7.0,"turns":8.0},{"damage":13.0,"enemies":"3 Sentries","floor":10.0,"turns":5.0},{"damage":4.0,"enemies":"2 Fungi Beasts","floor":11.0,"turns":2.0},{"damage":0.0,"enemies":"Gremlin Gang","floor":14.0,"turns":3.0},{"damage":0,"enemies":"The Guardian","floor":16,"turns":1}],"seed_played":"-2026829326274661080","potions_obtained":[{"floor":1.0,"key":"BloodPotion"},{"floor":7.0,"key":"Fire Potion"},{"floor":10.0,"key":"Weak Potion"},{"floor":14.0,"key":"DuplicationPotion"}],"is_trial":false,"path_per_floor":["M","?","M","M","M","R","E","R","T","E","M","$","?","M","R","B"],"character_chosen":"IRONCLAD","items_purchased":["Lee\u0027s Waffle"],"campfire_rested":0,"item_purchase_floors":[12],"current_hp_per_floor":[62,62,65,57,49,49,16,16,16,24,26,82,75,81,81,81,81],"gold":56,"neow_bonus":"UPGRADE_CARD","is_daily":false,"chose_seed":false,"campfire_upgraded":3,"win_rate":0.0,"timestamp":1608286398,"path_taken":["M","?","M","M","?","R","E","R","T","E","M","$","?","M","R","BOSS"],"items_purchased_type":["Relic"],"build_version":"2020-12-13","purchased_purges":1,"victory":false,"max_hp_per_floor":[75,75,75,75,75,75,75,75,75,75,75,82,82,82,82,82,82],"relic_stats":{"Lee\u0027s Waffle":56,"counters":[9,35],"PreservedInsect":0,"obtain_stats":[{"Lee\u0027s Waffle":12,"PreservedInsect":10,"Frozen Egg 2":7,"Burning Blood":0,"Akabeko":9,"WarpedTongs":2},{"Lee\u0027s Waffle":7,"PreservedInsect":6,"Frozen Egg 2":5,"Burning Blood":0,"Akabeko":5,"WarpedTongs":1},{"Lee\u0027s Waffle":31,"PreservedInsect":29,"Frozen Egg 2":24,"Burning Blood":0,"Akabeko":24,"WarpedTongs":4}],"Burning Blood":48,"WarpedTongs":[31]},"card_choices":[{"not_picked":["Power Through","Wild Strike"],"picked":"Combust","floor":1.0},{"not_picked":["Armaments","Spot Weakness"],"picked":"True Grit","floor":3.0},{"not_picked":["Berserk","Shrug It Off"],"picked":"Clothesline","floor":4.0},{"not_picked":["Warcry","Searing Blow"],"picked":"Sword Boomerang","floor":5.0},{"not_picked":["Havoc","Heavy Blade"],"picked":"Thunderclap","floor":7.0},{"not_picked":["Flex","Offering"],"picked":"Power Through","floor":10.0},{"not_picked":["Reckless Charge","Body Slam"],"picked":"Shrug It Off","floor":11.0},{"not_picked":["Thunderclap","Clash"],"picked":"Whirlwind","floor":14.0}],"player_experience":1873773,"relics_obtained":[{"floor":7.0,"key":"Frozen Egg 2"},{"floor":9.0,"key":"Akabeko"},{"floor":10.0,"key":"PreservedInsect"}],"event_choices":[{"damage_healed":0.0,"max_hp_gain":0.0,"max_hp_loss":0.0,"gold_gain":0.0,"event_name":"Accursed Blacksmith","player_choice":"Rummage","floor":2.0,"gold_loss":0.0,"damage_taken":0.0,"relics_obtained":["WarpedTongs"],"cards_obtained":["Pain"]},{"cards_removed":["Strike_R"],"damage_healed":0.0,"max_hp_gain":0.0,"max_hp_loss":0.0,"gold_gain":0.0,"event_name":"Golden Wing","player_choice":"Card Removal","floor":13.0,"gold_loss":0.0,"damage_taken":7.0}],"is_beta":false,"boss_relics":[],"items_purged_floors":[12],"is_endless":false,"potions_floor_spawned":[1,7,10,14],"killed_by":"The Guardian","ascension_level":15}}