{"host":"ydrqlkwz2nodhfch","time":1608263179,"event":{"mods":["AchievementEnabler","BaseMod","Better Third Choice","BetterRewards","Card Forge","Minty Spire (QoL Compilation)","Permanent Neow","Quick Restart","StSLib"],"gold_per_floor":[109,109,126,126,126,158,158,177,177,196,196,210,227,237,237,340,340,358,358,211,227,227,227,147,147,147,147,147,147,247,162,162,266,266,286,286,336,336,348,375,375,385,385,233,233,248,248,259,259,259],"floor_reached":51,"playtime":5246,"items_purged":["Strike_G"],"score":723,"play_id":"f37af17b-9383-4d40-8920-6644825cd808","local_time":"20201217224619","is_ascension_mode":false,"campfire_choices":[{"floor":7,"key":"REST"},{"data":"Catalyst","floor":11,"key":"SMITH"},{"data":"Envenom","floor":15,"key":"SMITH"},{"data":"Deflect","floor":23,"key":"SMITH"},{"data":"Blur","floor":25,"key":"SMITH"},{"floor":32,"key":"REST"},{"floor":41,"key":"REST"},{"data":"After Image","floor":47,"key":"SMITH"},{"data":"After Image","floor":49,"key":"SMITH"}],"circlet_count":0,"master_deck":["Survivor","Envenom+1","Poisoned Stab+1","Poisoned Stab","Poisoned Stab","After Image+1","Deflect+1","Dash","Blur+1","Backflip","Catalyst+1","Poisoned Stab+1","Infinite Blades","Bane","Corpse Explosion","Noxious Fumes","Deflect","After Image+1","Bouncing Flask+1"],"relics":["Ring of the Snake","Hammer of Thor","Seething Fire","Anvil of the Gods","Juzu Bracelet","Calipers","Torii","Tough Bandages","HornCleat","Ornamental Fan","WristBlade","Snake Skull","Regal Pillow","Paper Crane","Nilry\u0027s Codex","Toxic Egg 2","Busted Crown","Incense Burner","Whetstone","Mercury Hourglass","Lee\u0027s Waffle"],"acts_visited":["Exordium","TheCity","TheBeyond"],"potions_floor_usage":[14,16,18,40],"damage_taken":[{"damage":6,"enemies":"Jaw Worm","floor":1,"turns":3},{"damage":0,"enemies":"Small Slimes","floor":3,"turns":2},{"damage":11,"enemies":"3 Sentries","floor":6,"turns":11},{"damage":0,"enemies":"Cultist","floor":8,"turns":4},{"damage":0,"enemies":"2 Fungi Beasts","floor":10,"turns":3},{"damage":0,"enemies":"Blue Slaver","floor":12,"turns":3},{"damage":1,"enemies":"Exordium Thugs","floor":13,"turns":5},{"damage":4,"enemies":"Lots of Slimes","floor":14,"turns":5},{"damage":0,"enemies":"The Guardian","floor":16,"turns":7},{"damage":0,"enemies":"3 Byrds","floor":18,"turns":2},{"damage":1,"enemies":"Spheric Guardian","floor":21,"turns":4},{"damage":48,"enemies":"Collector","floor":33,"turns":8},{"damage":6,"enemies":"3 Darklings","floor":35,"turns":4},{"damage":0,"enemies":"Mind Bloom Boss Battle","floor":37,"turns":5},{"damage":1,"enemies":"3 Shapes","floor":39,"turns":3},{"damage":46,"enemies":"Reptomancer","floor":40,"turns":4},{"damage":0,"enemies":"Sphere and 2 Shapes","floor":42,"turns":4},{"damage":0,"enemies":"Spire Growth","floor":46,"turns":3},{"damage":2,"enemies":"4 Shapes","floor":48,"turns":3},{"damage":3,"enemies":"Time Eater","floor":50,"turns":7}],"seed_played":"-5790614910632242542","potions_obtained":[{"floor":8,"key":"Weak Potion"},{"floor":13,"key":"Strength Potion"},{"floor":14,"key":"Weak Potion"},{"floor":16,"key":"DistilledChaos"},{"floor":33,"key":"BlessingOfTheForge"},{"floor":39,"key":"DistilledChaos"},{"floor":42,"key":"SteroidPotion"},{"floor":48,"key":"EssenceOfSteel"}],"is_trial":false,"path_per_floor":["M","?","M","?","$","E","R","M","T","M","R","M","M","M","R","B",null,"M","?","$","M","?","R","$","R","T","T","?","?","?","?","R","B",null,"M","?","?","?","M","E","R","M","T","$","?","M","R","M","R","B",null],"character_chosen":"THE_SILENT","items_purchased":["Infinite Blades","Juzu Bracelet","Torii","Snake Skull","Noxious Fumes","Lee\u0027s Waffle"],"campfire_rested":3,"item_purchase_floors":[0,0,0,20,24,44],"current_hp_per_floor":[32,55,55,55,55,44,65,65,65,65,65,65,64,60,60,60,70,70,70,70,69,56,56,56,56,56,56,40,40,40,40,75,27,75,69,69,69,69,68,22,59,59,59,82,82,82,82,80,80,77],"gold":259,"neow_bonus":"","is_daily":false,"chose_seed":false,"campfire_upgraded":6,"win_rate":0.0,"timestamp":1608263179,"path_taken":["M","?","M","?","$","E","R","M","T","M","R","M","M","M","R","BOSS","M","?","$","M","?","R","$","R","T","?","?","?","?","?","R","BOSS","M","?","?","?","M","E","R","M","T","?","?","M","R","M","R","BOSS"],"items_purchased_type":["Card","Relic","Relic","Relic","Card","Relic"],"build_version":"2020-12-13","purchased_purges":1,"victory":true,"max_hp_per_floor":[70,70,70,70,70,70,70,70,70,70,70,70,70,70,70,70,70,70,70,70,70,75,75,75,75,75,75,75,75,75,75,75,75,75,75,75,75,75,75,75,75,75,75,82,82,82,82,82,82,82],"card_choices":[{"not_picked":["Outmaneuver","All Out Attack","Flying Knee"],"picked":"SKIP","floor":1},{"not_picked":["Poisoned Stab","Dodge and Roll"],"picked":"Catalyst","floor":3},{"not_picked":["Eviscerate","Acrobatics"],"picked":"Poisoned Stab","floor":6},{"not_picked":["Skewer","Slice"],"picked":"Infinite Blades","floor":8},{"not_picked":["Prepared","Acrobatics","Backflip"],"picked":"SKIP","floor":10},{"not_picked":["Predator","Poisoned Stab","Finisher"],"picked":"SKIP","floor":12},{"not_picked":["Dagger Throw","Prepared"],"picked":"Bane","floor":13},{"not_picked":["Acrobatics","Dagger Throw","Underhanded Strike"],"picked":"SKIP","floor":14},{"not_picked":["Malaise","Glass Knife"],"picked":"Corpse Explosion","floor":16},{"not_picked":["Caltrops","Dash+1","Underhanded Strike+1"],"picked":"SKIP","floor":18},{"not_picked":["Predator+1","Poisoned Stab+1","Sucker Punch"],"picked":"SKIP","floor":21},{"not_picked":["Doppelganger+1","Unload"],"picked":"After Image","floor":33},{"not_picked":["Well Laid Plans+1"],"picked":"SKIP","floor":35},{"not_picked":[],"picked":"Bouncing Flask+1","floor":39},{"not_picked":["Escape Plan+1"],"picked":"SKIP","floor":40},{"not_picked":["Deflect+1"],"picked":"SKIP","floor":42},{"not_picked":["Skewer"],"picked":"SKIP","floor":46},{"not_picked":["Underhanded Strike+1"],"picked":"SKIP","floor":48}],"player_experience":22818,"relics_obtained":[{"floor":6,"key":"HornCleat"},{"floor":9,"key":"Ornamental Fan"},{"floor":26,"key":"Regal Pillow"},{"floor":27,"key":"Paper Crane"},{"floor":28,"key":"Nilry\u0027s Codex"},{"floor":37,"key":"Incense Burner"},{"floor":40,"key":"Whetstone"},{"floor":43,"key":"Mercury Hourglass"}],"event_choices":[{"damage_healed":23,"gold_gain":0,"player_choice":"Banana","damage_taken":0,"max_hp_gain":0,"max_hp_loss":0,"event_name":"Big Fish","floor":2,"gold_loss":0},{"cards_removed":["Poisoned Stab"],"damage_healed":0,"gold_gain":0,"player_choice":"Gave Card","damage_taken":0,"relics_obtained":["Tough Bandages"],"max_hp_gain":0,"max_hp_loss":0,"event_name":"WeMeetAgain","floor":4,"gold_loss":0},{"damage_healed":0,"gold_gain":0,"player_choice":"Ignored","damage_taken":0,"max_hp_gain":0,"max_hp_loss":0,"event_name":"Vampires","floor":19,"gold_loss":0},{"damage_healed":0,"gold_gain":0,"player_choice":"Shed Blood","damage_taken":18,"max_hp_gain":5,"max_hp_loss":0,"event_name":"Forgotten Altar","floor":22,"gold_loss":0},{"damage_healed":0,"gold_gain":0,"player_choice":"Obtained Book","damage_taken":16,"max_hp_gain":0,"max_hp_loss":0,"event_name":"Cursed Tome","floor":28,"gold_loss":0},{"damage_healed":0,"gold_gain":0,"player_choice":"Read","damage_taken":0,"max_hp_gain":0,"max_hp_loss":0,"event_name":"The Library","floor":29,"gold_loss":0,"cards_obtained":["Deflect"]},{"damage_healed":0,"gold_gain":100,"player_choice":"Pray","damage_taken":0,"max_hp_gain":0,"max_hp_loss":0,"event_name":"Golden Shrine","floor":30,"gold_loss":0},{"damage_healed":0,"gold_gain":0,"player_choice":"Obtained Relic","damage_taken":0,"relics_obtained":["Toxic Egg 2"],"max_hp_gain":0,"max_hp_loss":0,"event_name":"Addict","floor":31,"gold_loss":85},{"damage_healed":0,"gold_gain":0,"player_choice":"Memory 1","damage_taken":0,"max_hp_gain":0,"max_hp_loss":0,"event_name":"SensoryStone","floor":36,"gold_loss":0},{"damage_healed":0,"gold_gain":0,"player_choice":"Fight","damage_taken":0,"max_hp_gain":0,"max_hp_loss":0,"event_name":"MindBloom","floor":37,"gold_loss":0},{"damage_healed":0,"gold_gain":0,"player_choice":"Ignored","damage_taken":0,"max_hp_gain":0,"max_hp_loss":0,"event_name":"Tomb of Lord Red Mask","floor":38,"gold_loss":0},{"damage_healed":0,"gold_gain":0,"player_choice":"Ignored","damage_taken":0,"max_hp_gain":0,"max_hp_loss":0,"event_name":"betterThird:BetterPortal","floor":45,"gold_loss":0}],"is_beta":false,"boss_relics":[{"not_picked":["Velvet Choker","Runic Pyramid"],"picked":"WristBlade"},{"not_picked":["Calling Bell","Ring of the Serpent"],"picked":"Busted Crown"}],"items_purged_floors":[0],"is_endless":false,"potions_floor_spawned":[8,13,14,16,33,39,42,48],"ascension_level":0}}