{"host":"ftc0tgnuzn0d2s6e","time":1608335929,"event":{"mods":["Act Like it!","Ascension Reborn","BaseMod","CapriCore","Colored Powertips","Conspire","Downfall","Gensokyo","GifTheSpireLib","KinomotoSakuraMod(Ä¾Ö®±¾Ó£)","Lobotomy","LobotomyExtend","Marisa£¨ìFÓê¡¡Ä§ÀíÉ³£©","Minty Spire (QoL Compilation)","MostiFishMod","Quick Restart","Reimu£¨²©ÀöÁéÃÎ£©","Replay The Spire","Shop Mod","StSLib","TestMod","The Administrix","The Animator","The Immortal","The Jungle","The Servant 0.9.4","Youmu£¨»êÆÇÑýÃÎ£©","vexMod"],"gold_per_floor":[117,129,339,357,370,382,382,395,395,414,414,428,446,488,488,892,892,911,928,943,943,962,962,962,991,991,1030,1030,1030],"floor_reached":28,"playtime":1502,"items_purged":[],"score":350,"play_id":"19cbe84a-ad30-48ea-9948-5be67007f62f","local_time":"20201219075849","is_ascension_mode":true,"campfire_choices":[{"data":"TheWorld","floor":7.0,"key":"SMITH"},{"floor":15.0,"key":"RECALL"}],"circlet_count":0,"master_deck":["Strike_YM+1","Strike_YM+1","Strike_YM+1","Strike_YM+1","Defend_YM+1","Defend_YM+1","Defend_YM+1","Defend_YM+1","SlashOfPresentWorld+1","WheelOfPainOfLivingAndDead+1","Doubt","Scorched","TheWorld+1","PunishingBird","QueenOfHatred","PassingAway:ReiMu+1","LongBird","LovePray:ReiMu+1","DespairKnight"],"relics":["HalfPhantom","DaveBox","ChiXiaoBlade","testmod-SaigiyounoYou","CogitoBucket","RabbitCall","Question Card","PrismaticShard","LetterFromLob","conspire:BottledYoYo","BackwardClock","Nunchaku","Replay:Bottled Snecko","Centennial Puzzle","Old Coin","ImportantClient","testmod-EnergyCheck","AspirationHeart","Potion Belt","Quantum Egg","testmod-Hope","AdjustmentMirror"],"acts_visited":["Exordium","TheCity"],"potions_floor_usage":[18,27],"damage_taken":[{"damage":0.0,"enemies":"Jaw Worm","floor":1.0,"turns":2.0},{"damage":0.0,"enemies":"conspire:RoseBush","floor":2.0,"turns":1.0},{"damage":0.0,"enemies":"Cultist","floor":4.0,"turns":2.0},{"damage":0.0,"enemies":"Looter","floor":5.0,"turns":1.0},{"damage":0.0,"enemies":"Large Slime","floor":6.0,"turns":1.0},{"damage":13.0,"enemies":"Blue Slaver","floor":8.0,"turns":4.0},{"damage":0.0,"enemies":"2 Fungi Beasts","floor":10.0,"turns":1.0},{"damage":12.0,"enemies":"Exordium Wildlife","floor":12.0,"turns":2.0},{"damage":1.0,"enemies":"Large Slime","floor":13.0,"turns":3.0},{"damage":0.0,"enemies":"3 Sentries","floor":14.0,"turns":3.0},{"damage":15.0,"enemies":"Slime Boss","floor":16.0,"turns":4.0},{"damage":80,"enemies":"Shell Parasite","floor":18,"turns":9},{"damage":0,"enemies":"conspire:FuzzyDice","floor":19,"turns":3},{"damage":5,"enemies":"Snecko","floor":20,"turns":2},{"damage":0,"enemies":"3 Cultists","floor":22,"turns":2},{"damage":25,"enemies":"conspire:SneckoGhost","floor":25,"turns":7}],"seed_played":"-6105733215493560084","potions_obtained":[{"floor":1.0,"key":"PowerPotion"},{"floor":2.0,"key":"Reflective Coating"},{"floor":6.0,"key":"Fruit Juice"},{"floor":6.0,"key":"Toxic Potion"},{"floor":16,"key":"champ:CounterPotion"},{"floor":20,"key":"testmod-TimePotion"},{"floor":25,"key":"testmod-TestPotion"}],"is_trial":false,"path_per_floor":["M","M","?","M","M","M","R","M","T","M","?","M","M","E","R","B",null,"M","M","M","?","M","R","?","E","T","M","?"],"character_chosen":"YOUMU","items_purchased":[],"campfire_rested":0,"item_purchase_floors":[],"current_hp_per_floor":[80,80,80,80,80,85,85,77,77,79,79,74,85,85,85,83,90,66,84,93,93,100,100,100,88,88,85,85,85],"gold":1030,"neow_bonus":"","is_daily":false,"chose_seed":false,"campfire_upgraded":1,"win_rate":0.0,"timestamp":1608335929,"path_taken":["M","M","?","M","M","M","R","M","T","M","?","M","M","E","R","BOSS","BOSS","M","M","M","?","?","R","?","E","T","M","?"],"items_purchased_type":[],"build_version":"2020-12-13","purchased_purges":0,"victory":false,"max_hp_per_floor":[80,80,80,80,80,85,85,85,85,85,85,85,85,85,85,90,90,100,100,100,100,100,100,100,100,100,100,100,100],"card_choices":[{"not_picked":["NakedNest","CherryBlossoms","DespairKnight"],"picked":"Singing Bowl","floor":1.0},{"not_picked":["FlashingScatteredFlowers","HeartExcerptSlash","CrescentMoonSlash"],"picked":"SKIP","floor":1.0},{"not_picked":["ShyLook","Funeral","Woodsman"],"picked":"Singing Bowl","floor":2.0},{"not_picked":["Combust","ClowCardTheChange","ClowCardTheLock","champ:FanOfKnives"],"picked":"SKIP","floor":2.0},{"not_picked":["FairyFestival","Bloodbath","BlackSwan"],"picked":"Singing Bowl","floor":4.0},{"not_picked":["BigBadWolf","SnowQueen"],"picked":"Scorched","floor":4.0},{"not_picked":["ReplayTheSpireMod:Reroute Power","sneckomod:DiceBoulder+1","Pommel Strike+1"],"picked":"TheWorld","floor":4.0},{"not_picked":["CrumblingArmor","WallGazer","CherryBlossoms"],"picked":"Singing Bowl","floor":5.0},{"not_picked":["Murderer","CrumblingArmor"],"picked":"PunishingBird","floor":5.0},{"not_picked":["MokouMod:Sear","animator:Yuuichirou","Slimebound:FinishingTackle+1","BasicCrystalCard+1"],"picked":"SKIP","floor":5.0},{"not_picked":["FieryBird","Murderer"],"picked":"QueenOfHatred","floor":6.0},{"not_picked":["ReplayTheSpireMod:Private Reserves","IllusionStar","AdministrixMod:MixOfMercury","sneckomod:Unknown1Cost"],"picked":"SKIP","floor":6.0},{"not_picked":["BeautyBeast","LittlePrince","OldLady"],"picked":"Singing Bowl","floor":8.0},{"not_picked":["Flex","Intuition:ReiMu","Reckless Charge+1"],"picked":"PassingAway:ReiMu","floor":8.0},{"not_picked":["LaLuna","Woodsman","FairyFestival"],"picked":"Singing Bowl","floor":10.0},{"not_picked":["MokouMod:AdaptivePyromancy","hexamod:GhostflameInferno","animator:ElricAlphonse","champ:FanOfKnives"],"picked":"SKIP","floor":10.0},{"not_picked":["Freischutz","OldLady"],"picked":"LongBird","floor":12.0},{"not_picked":["Aggregate","expansioncontent:DefensiveMode+1","FourthMatchFlame"],"picked":"LovePray:ReiMu+1","floor":12.0},{"not_picked":["MeatLantern","ShyLook","Scarecrow"],"picked":"Singing Bowl","floor":13.0},{"not_picked":["Shockwave","Crystallizer","Conclude","Headbutt"],"picked":"SKIP","floor":13.0},{"not_picked":["Wellcheers","SpiderBud","LittlePrince"],"picked":"Singing Bowl","floor":14.0},{"not_picked":["animator:Mikaela","conspire:SharedLibrary","GrandCross","IllusionStar"],"picked":"SKIP","floor":14.0},{"not_picked":["AdministrixMod:ImmortalGrace+1","animator:Gillette","animator:TukaLunaMarceau+1","Finesse"],"picked":"SKIP","floor":14.0},{"not_picked":["GreedKing","FieryBird"],"picked":"DespairKnight","floor":18},{"not_picked":["FollowUp","animator:Vesta","Regret_ego","animator:PandorasActor"],"picked":"SKIP","floor":18},{"not_picked":["CrumblingArmor","BlackArmy","Yin"],"picked":"Singing Bowl","floor":19},{"not_picked":["sneckomod:Nope","Guardian:BronzeOrb","Slimebound:GoopTackle","CrimsonScar"],"picked":"SKIP","floor":19},{"not_picked":["Woodsman","Bloodbath","WallGazer"],"picked":"Singing Bowl","floor":20},{"not_picked":["SprinkleStarSeal","Prepared","animator:DolaSchwi","Body Slam"],"picked":"SKIP","floor":20},{"not_picked":["GreedKing","SpiderBud","Yin"],"picked":"Singing Bowl","floor":22},{"not_picked":["Deep Breath","MokouMod:RoaringFlare","Compile Driver","animator:Priestess"],"picked":"SKIP","floor":22},{"not_picked":["DreamingCurrent","RedShoes","WallGazer"],"picked":"Singing Bowl","floor":25},{"not_picked":["champ:FalseCounter","hexamod:Hexaguard","ClowCardTheDream","MostiFishMod:DawningShadow"],"picked":"SKIP","floor":25},{"not_picked":["Sweeping Beam","EmptyBody","Consecrate","SpiritMediumsBind"],"picked":"SKIP","floor":27}],"player_experience":180450,"relics_obtained":[{"floor":1.0,"key":"Question Card"},{"floor":1.0,"key":"PrismaticShard"},{"floor":1.0,"key":"LetterFromLob"},{"floor":4.0,"key":"conspire:BottledYoYo"},{"floor":8.0,"key":"Nunchaku"},{"floor":9.0,"key":"Replay:Bottled Snecko"},{"floor":14.0,"key":"Centennial Puzzle"},{"floor":16,"key":"Old Coin"},{"floor":16,"key":"ImportantClient"},{"floor":25,"key":"Quantum Egg"},{"floor":26,"key":"testmod-Hope"}],"event_choices":[{"damage_healed":0.0,"max_hp_gain":0.0,"max_hp_loss":0.0,"gold_gain":175.0,"event_name":"Liars Game","player_choice":"AGREE","floor":3.0,"gold_loss":0.0,"damage_taken":0.0,"cards_obtained":["Doubt"]},{"damage_healed":0,"gold_gain":0,"player_choice":"0 cards matched","damage_taken":0,"max_hp_gain":0,"max_hp_loss":0,"event_name":"Match and Keep!","floor":21,"gold_loss":0,"cards_obtained":[]},{"damage_healed":0,"gold_gain":0,"player_choice":"Swap Relic","damage_taken":0,"relics_obtained":["Potion Belt"],"max_hp_gain":0,"max_hp_loss":0,"event_name":"¸ø×Ô¼ºµÄºÐ×Ó","floor":24,"relics_lost":["testmod-TestBox"],"gold_loss":0}],"is_beta":false,"boss_relics":[{"not_picked":["Abe\u0027s Treasure","testmod-BloodSacrificeSpiritualization"],"picked":"testmod-EnergyCheck"}],"items_purged_floors":[],"is_endless":false,"potions_floor_spawned":[2,5,6,10,12,20,22,25],"ascension_level":0}}