{"host":"1hv1kueuvc4r3rdp","time":1608304604,"event":{"mods":["AchievementEnabler","BaseMod","DeckTracker","Highlight Path","Minty Spire (QoL Compilation)","Permanent Neow","StSLib"],"gold_per_floor":[211,222,239,46,16,45,45,45,45,45,63,89,89,101,101,202,202,220,220],"floor_reached":18,"playtime":1076,"items_purged":[],"score":249,"play_id":"7717572b-97c9-4ab5-a62e-a3de94738858","local_time":"20201218091644","is_ascension_mode":true,"campfire_choices":[{"floor":7,"key":"REST"},{"data":"Neutralize","floor":10,"key":"SMITH"},{"floor":13,"key":"REST"},{"data":"Blade Dance","floor":15,"key":"SMITH"}],"circlet_count":0,"master_deck":["Strike_G","Strike_G","Strike_G","Strike_G","Strike_G","Defend_G","Defend_G","Defend_G","Defend_G","Defend_G","Survivor","Neutralize+1","Quick Slash+1","Adrenaline","Blade Dance+1","Phantasmal Killer"],"relics":["Ring of the Snake","HandDrill","Lizard Tail","The Specimen","Meat on the Bone","Runic Pyramid"],"acts_visited":["Exordium","TheCity"],"potions_floor_usage":[6,12,16,16,16],"damage_taken":[{"damage":1,"enemies":"Jaw Worm","floor":1,"turns":7},{"damage":0,"enemies":"2 Louse","floor":2,"turns":4},{"damage":2,"enemies":"Small Slimes","floor":3,"turns":5},{"damage":1,"enemies":"Looter","floor":5,"turns":4},{"damage":35,"enemies":"Gremlin Nob","floor":6,"turns":5},{"damage":4,"enemies":"Exordium Thugs","floor":11,"turns":5},{"damage":17,"enemies":"3 Sentries","floor":12,"turns":12},{"damage":1,"enemies":"2 Fungi Beasts","floor":14,"turns":4},{"damage":68,"enemies":"Hexaghost","floor":16,"turns":16},{"damage":3,"enemies":"3 Byrds","floor":18,"turns":5}],"seed_played":"-6586545254604769894","potions_obtained":[{"floor":2,"key":"Dexterity Potion"},{"floor":6,"key":"SneckoOil"},{"floor":11,"key":"LiquidMemories"},{"floor":14,"key":"Block Potion"}],"is_trial":false,"path_per_floor":["M","M","M","$","M","E","R","?","T","R","M","E","R","M","R","B",null,"M"],"character_chosen":"THE_SILENT","items_purchased":["HandDrill","Poison Potion"],"campfire_rested":2,"item_purchase_floors":[4,4],"current_hp_per_floor":[62,62,60,60,59,24,45,45,45,45,41,24,45,44,44,24,59,56,56],"gold":220,"neow_bonus":"HUNDRED_GOLD","is_daily":false,"chose_seed":false,"campfire_upgraded":2,"win_rate":0.0,"timestamp":1608304604,"path_taken":["M","M","M","$","M","E","R","?","T","R","M","E","R","M","R","BOSS","M"],"items_purchased_type":["Relic","Potion"],"build_version":"2020-12-13","purchased_purges":0,"victory":false,"max_hp_per_floor":[70,70,70,70,70,70,70,70,70,70,70,70,70,70,70,70,70,70,70],"card_choices":[{"not_picked":["Cloak And Dagger","Expertise","Slice"],"picked":"SKIP","floor":1},{"not_picked":["Backflip","Dodge and Roll","Cloak And Dagger"],"picked":"SKIP","floor":2},{"not_picked":["Outmaneuver","Tactician","Deflect"],"picked":"SKIP","floor":3},{"not_picked":["Eviscerate","Infinite Blades"],"picked":"Quick Slash","floor":5},{"not_picked":["Heel Hook","Setup","Deflect"],"picked":"SKIP","floor":6},{"not_picked":["Reflex","Finisher","Setup"],"picked":"SKIP","floor":11},{"not_picked":["Underhanded Strike","Reflex"],"picked":"Adrenaline","floor":12},{"not_picked":["Slice","Cloak And Dagger"],"picked":"Blade Dance","floor":14},{"not_picked":["Doppelganger","Bullet Time"],"picked":"Phantasmal Killer","floor":16}],"player_experience":1043886,"relics_obtained":[{"floor":6,"key":"Lizard Tail"},{"floor":9,"key":"The Specimen"},{"floor":12,"key":"Meat on the Bone"}],"event_choices":[{"damage_healed":0,"gold_gain":0,"player_choice":"Grow","damage_taken":0,"max_hp_gain":0,"max_hp_loss":0,"event_name":"Living Wall","floor":8,"gold_loss":0,"cards_upgraded":["Quick Slash"]}],"is_beta":false,"boss_relics":[{"not_picked":["Philosopher\u0027s Stone","Fusion Hammer"],"picked":"Runic Pyramid"}],"items_purged_floors":[],"is_endless":false,"potions_floor_spawned":[2,6,11,14],"killed_by":"3 Byrds","ascension_level":9}}