{"host":"14itbdr21u872c1w","time":1608305270,"event":{"mods":["AchievementEnabler","BaseMod","Minty Spire (QoL Compilation)","StSLib","SuperFastMode","everything is the same but u backflip on backflip"],"gold_per_floor":[112,112,122,197,222,222,222,256,282,282,295,312,312,330,330,409,409,424,101,116,116,116,116],"floor_reached":22,"playtime":433,"items_purged":["Strike_R"],"score":313,"play_id":"b188fa88-9ead-4386-a18a-9eaeefc9676f","local_time":"20201219002750","is_ascension_mode":true,"campfire_choices":[{"data":"Demon Form","floor":6.0,"key":"SMITH"},{"data":"Flame Barrier","floor":10.0,"key":"SMITH"},{"data":"Twin Strike","floor":13.0,"key":"SMITH"},{"floor":15.0,"key":"REST"}],"circlet_count":0,"master_deck":["AscendersBane","Strike_R","Strike_R","Strike_R","Defend_R+1","Defend_R+1","Defend_R","Defend_R","Demon Form+1","Flame Barrier+1","Twin Strike+1","Feed","Barricade","Shrug It Off","Wild Strike","Pommel Strike","Metallicize"],"relics":["Burning Blood","Toy Ornithopter","Oddly Smooth Stone","War Paint","SlaversCollar"],"acts_visited":["Exordium","TheCity"],"potions_floor_usage":[],"damage_taken":[{"damage":5.0,"enemies":"2 Louse","floor":1.0,"turns":3.0},{"damage":8.0,"enemies":"Cultist","floor":3.0,"turns":5.0},{"damage":34.0,"enemies":"3 Sentries","floor":8.0,"turns":8.0},{"damage":6.0,"enemies":"Jaw Worm","floor":11.0,"turns":5.0},{"damage":2.0,"enemies":"Looter","floor":12.0,"turns":4.0},{"damage":0.0,"enemies":"2 Fungi Beasts","floor":14.0,"turns":2.0},{"damage":31.0,"enemies":"Hexaghost","floor":16.0,"turns":8.0},{"damage":40.0,"enemies":"2 Thieves","floor":18.0,"turns":5.0},{"damage":18.0,"enemies":"Chosen","floor":20.0,"turns":7.0},{"damage":37,"enemies":"Centurion and Healer","floor":22,"turns":10}],"seed_played":"-5122797776683349740","potions_obtained":[{"floor":1.0,"key":"EssenceOfSteel"},{"floor":11.0,"key":"SteroidPotion"},{"floor":14.0,"key":"EntropicBrew"},{"floor":20.0,"key":"Strength Potion"}],"is_trial":false,"path_per_floor":["M","?","M","?","T","R","?","E","T","R","M","M","R","M","R","B",null,"M","$","M","?","M"],"character_chosen":"IRONCLAD","items_purchased":["Barricade","Shrug It Off","Wild Strike"],"campfire_rested":1,"item_purchase_floors":[19,19,19],"current_hp_per_floor":[69,69,67,56,56,56,53,30,30,30,30,34,34,45,67,42,67,49,49,37,37,0,0],"gold":116,"neow_bonus":"TRANSFORM_CARD","is_daily":false,"chose_seed":false,"campfire_upgraded":3,"win_rate":0.0,"timestamp":1608305270,"path_taken":["M","?","?","?","?","R","?","E","T","R","M","M","R","M","R","BOSS","M","$","M","?","M"],"items_purchased_type":["Card","Card","Card"],"build_version":"2020-12-13","purchased_purges":1,"victory":false,"max_hp_per_floor":[75,75,75,75,75,75,75,75,75,75,75,75,75,75,75,75,75,78,78,78,78,78,78],"card_choices":[{"not_picked":["Bloodletting","Body Slam"],"picked":"Flame Barrier","floor":1.0},{"not_picked":["Inflame","Flex","True Grit"],"picked":"SKIP","floor":3.0},{"not_picked":["Havoc","Headbutt","Sentinel"],"picked":"SKIP","floor":8.0},{"not_picked":["Reckless Charge","Sentinel"],"picked":"Twin Strike","floor":11.0},{"not_picked":["Clothesline","Flex","Hemokinesis"],"picked":"SKIP","floor":12.0},{"not_picked":["Inflame","Combust","Thunderclap"],"picked":"SKIP","floor":14.0},{"not_picked":["Bludgeon","Brutality"],"picked":"Feed","floor":16.0},{"not_picked":["Clothesline","Flex","Iron Wave"],"picked":"SKIP","floor":18.0},{"not_picked":["Bloodletting","True Grit"],"picked":"Pommel Strike","floor":20.0}],"player_experience":341708,"relics_obtained":[{"floor":8.0,"key":"Oddly Smooth Stone"},{"floor":9.0,"key":"War Paint"}],"event_choices":[{"damage_healed":0.0,"max_hp_gain":0.0,"max_hp_loss":0.0,"gold_gain":0.0,"event_name":"The Woman in Blue","player_choice":"Bought 0 Potions","floor":2.0,"gold_loss":0.0,"damage_taken":0.0},{"damage_healed":0.0,"max_hp_gain":0.0,"max_hp_loss":0.0,"gold_gain":75.0,"event_name":"World of Goop","player_choice":"Gather Gold","floor":4.0,"gold_loss":0.0,"damage_taken":11.0},{"damage_healed":0.0,"max_hp_gain":0.0,"max_hp_loss":0.0,"gold_gain":0.0,"event_name":"Scrap Ooze","player_choice":"Success","floor":7.0,"gold_loss":0.0,"damage_taken":3.0,"relics_obtained":["Toy Ornithopter"]},{"damage_healed":0.0,"max_hp_gain":0.0,"max_hp_loss":0.0,"gold_gain":0.0,"cards_transformed":["Bash"],"event_name":"Transmorgrifier","player_choice":"Transformed","floor":21.0,"gold_loss":0.0,"damage_taken":0.0,"cards_obtained":["Metallicize"]}],"is_beta":false,"boss_relics":[{"not_picked":["Tiny House","Calling Bell"],"picked":"SlaversCollar"}],"items_purged_floors":[19],"is_endless":false,"potions_floor_spawned":[1,11,14,20],"killed_by":"Centurion and Healer","ascension_level":14}}