{"host":"zarlo6d4cquq04ti","time":1608255684,"event":{"mods":["BaseMod","BetterRewards","Downfall","Minty Spire (QoL Compilation)","Quick Restart","Remove Card Discount Mod","Replay The Spire","Shop Mod","StSLib","óô»ðÖ¸ÄÏ"],"gold_per_floor":[110,123,123,318,332,359,370,398,443,453,25,43,77,95,29,127,127,144,158,39,52,52,52,151,170,170,201,170,183,39,55,55,156,156,166,184,0,51,101,135,145,29,29,49,37,37,57,77,0,0],"floor_reached":51,"playtime":5565,"items_purged":["Strike_B","Defend_B","Defend_B","Strike_B","Scrape","Pain"],"score":698,"play_id":"85cf8075-ec7c-4b7e-b1ab-f12d012371d7","local_time":"20201217174124","is_ascension_mode":false,"campfire_choices":[{"data":"Apotheosis","floor":23,"key":"SMITH"}],"circlet_count":0,"master_deck":["Dualcast","Apotheosis+1","FTL","Go for the Eyes","Stack","Conserve Battery","Hologram","ReplayTheSpireMod:Calculation Training+1","Darkness","Doom and Gloom","Self Repair","Redo","Cold Snap","Streamline","Defragment","Conserve Battery+1","Ball Lightning","Coolheaded+1","Dualcast","Panache","Gash","Aggregate","Redo","Panic Button","Machine Learning","Ball Lightning","Capacitor","expansioncontent:DonusPower","Loop+1","Loop","Redo","Coolheaded","Self Repair","Aggregate+1","Storm","Hologram+1","Streamline","Ball Lightning","Storm+1","Stack","Fission","Chill+1","Fusion+1","Rip and Tear+1","Hello World","Scrape","Force Field","Gash","Panache","Fusion+1","expansioncontent:DefensiveMode","Panache","Flash of Steel","Doom and Gloom","Chaos+1","Doom and Gloom","BasicCrystalCard","Static Discharge"],"relics":["Cracked Core","Membership Card","ReplayTheSpireMod:TigerMarble","MerchantsRug","Centennial Puzzle","Pantograph","Ornamental Fan","Mummified Hand","Replay:Wax Seal","DollysMirror","Geode","Bronze Scales","SlaversCollar","Toolbox","Juzu Bracelet","Replay:PocketPolymizer","PreservedInsect","ReplayTheSpireMod:CursedCoin","ReplayTheSpireMod:Lightbulb","Blood Vial","Happy Flower","Nuclear Battery","Prayer Wheel","Red Mask","Durian","Calipers","Strawberry","Pen Nib"],"acts_visited":["Exordium","TheCity","TheBeyond"],"potions_floor_usage":[16,16,35,50],"damage_taken":[{"damage":0,"enemies":"Cultist","floor":1,"turns":2},{"damage":0,"enemies":"2 Louse","floor":2,"turns":2},{"damage":0,"enemies":"Small Slimes","floor":5,"turns":3},{"damage":7,"enemies":"Gremlin Nob","floor":6,"turns":5},{"damage":2,"enemies":"Exordium Wildlife","floor":7,"turns":4},{"damage":14,"enemies":"3 Sentries","floor":8,"turns":5},{"damage":1,"enemies":"Gremlin Gang","floor":10,"turns":3},{"damage":0,"enemies":"2 Fungi Beasts","floor":12,"turns":1},{"damage":0,"enemies":"Gremlin Nob","floor":13,"turns":3},{"damage":3,"enemies":"Blue Slaver","floor":14,"turns":1},{"damage":20,"enemies":"Hexaghost","floor":16,"turns":5},{"damage":5,"enemies":"Shell Parasite","floor":18,"turns":4},{"damage":9,"enemies":"2 Thieves","floor":19,"turns":3},{"damage":26,"enemies":"Shelled Parasite and Fungi","floor":21,"turns":3},{"damage":3,"enemies":"Centurion and Healer","floor":25,"turns":4},{"damage":11,"enemies":"Book of Stabbing","floor":27,"turns":3},{"damage":14,"enemies":"3 Cultists","floor":29,"turns":3},{"damage":11,"enemies":"Snecko","floor":31,"turns":3},{"damage":4,"enemies":"Collector","floor":33,"turns":5},{"damage":12,"enemies":"3 Shapes","floor":35,"turns":2},{"damage":22,"enemies":"3 Darklings","floor":36,"turns":4},{"damage":30,"enemies":"2 Orb Walkers","floor":38,"turns":4},{"damage":0,"enemies":"Mind Bloom Boss Battle","floor":39,"turns":3},{"damage":0,"enemies":"R_Hoarder","floor":40,"turns":4},{"damage":0,"enemies":"Spire Growth","floor":41,"turns":4},{"damage":0,"enemies":"Maw","floor":44,"turns":4},{"damage":3,"enemies":"Sphere and 2 Shapes","floor":47,"turns":3},{"damage":11,"enemies":"4 Shapes","floor":48,"turns":3},{"damage":0,"enemies":"Replay:Hell Engine","floor":50,"turns":9}],"seed_played":"-4303311306461735821","potions_obtained":[{"floor":5,"key":"Elixir"},{"floor":7,"key":"Toxic Potion"},{"floor":8,"key":"Strength Potion"},{"floor":10,"key":"Regen Potion"},{"floor":14,"key":"champ:CounterPotion"},{"floor":25,"key":"Adrenaline Potion"},{"floor":29,"key":"SteroidPotion"},{"floor":36,"key":"SneckoOil"}],"is_trial":false,"path_per_floor":["M","M","?","?","M","E","M","E","T","M","R","M","E","M","R","B",null,"M","M","$","M","?","R","?","M","T","E","$","M","R","M","R","B",null,"M","M","?","?","?","E","M","R","T","M","$","?","M","M","R","B",null],"character_chosen":"DEFECT","items_purchased":["Membership Card","ReplayTheSpireMod:TigerMarble","Apotheosis","MerchantsRug","Centennial Puzzle","FTL","Go for the Eyes","Stack","Mummified Hand","Defragment","Conserve Battery","Replay:Wax Seal","Ball Lightning","Coolheaded","DollysMirror","Panache","Scrape","Panic Button","Bronze Scales","Toolbox","expansioncontent:DonusPower","ReplayTheSpireMod:CursedCoin","ReplayTheSpireMod:Lightbulb","Blood Vial","Aggregate+1","Storm","Happy Flower","Force Field","Gash","Panache","Strawberry","Pen Nib"],"campfire_rested":0,"item_purchase_floors":[0,0,0,0,0,0,0,0,11,11,11,11,11,11,11,11,11,15,15,20,20,28,28,28,30,30,30,42,42,42,45,49],"current_hp_per_floor":[75,75,75,45,45,38,46,39,39,48,48,48,58,55,55,72,75,75,66,66,47,47,47,47,51,51,40,40,35,35,36,36,75,75,70,64,64,55,80,80,80,80,80,80,87,77,83,74,74,87],"gold":0,"neow_bonus":"","is_daily":false,"chose_seed":false,"campfire_upgraded":1,"win_rate":0.0,"timestamp":1608255684,"path_taken":["M","M","?","?","?","E","M","E","T","M","R","M","E","?","R","BOSS","M","M","$","M","?","R","?","M","T","E","$","M","R","M","R","BOSS","M","M","?","?","?","E","M","R","T","M","?","?","M","M","R","BOSS"],"items_purchased_type":["Relic","Relic","Card","Relic","Relic","Card","Card","Card","Relic","Card","Card","Relic","Card","Card","Relic","Card","Card","Card","Relic","Relic","Card","Relic","Relic","Relic","Card","Card","Relic","Card","Card","Card","Relic","Relic"],"build_version":"2020-12-13","purchased_purges":6,"victory":true,"max_hp_per_floor":[75,75,75,75,75,75,75,75,75,75,75,75,75,75,75,75,75,75,75,75,75,75,75,75,75,75,75,75,75,75,75,75,75,75,75,75,75,80,80,80,80,80,80,80,87,87,87,87,87,87],"card_choices":[{"not_picked":["Beam Cell","Redo"],"picked":"Conserve Battery","floor":1},{"not_picked":["Leap","Ball Lightning"],"picked":"Hologram","floor":2},{"not_picked":["Beam Cell","Cold Snap"],"picked":"Darkness","floor":4},{"not_picked":["Streamline","Steam"],"picked":"Doom and Gloom","floor":5},{"not_picked":["BootSequence","Genetic Algorithm"],"picked":"Self Repair","floor":6},{"not_picked":["Amplify","Coolheaded"],"picked":"Redo","floor":7},{"not_picked":["Go for the Eyes","Blizzard"],"picked":"Cold Snap","floor":8},{"not_picked":["Stack","ReplayGash"],"picked":"Streamline","floor":10},{"not_picked":["Conserve Battery","Leap"],"picked":"Gash","floor":12},{"not_picked":["Electrodynamics","Ball Lightning"],"picked":"Aggregate","floor":13},{"not_picked":["Darkness","ReplayTheSpireMod:Calculation Training"],"picked":"Redo","floor":14},{"not_picked":["ReplayRNGCard","ReplayTheSpireMod:Fabricate Wheel"],"picked":"Machine Learning","floor":16},{"not_picked":["Go for the Eyes+1","Force Field"],"picked":"Ball Lightning","floor":18},{"not_picked":["Skim","Blizzard+1"],"picked":"Capacitor","floor":19},{"not_picked":["Compile Driver","Steam Power"],"picked":"Loop+1","floor":21},{"not_picked":["Leap+1","ReplayTheSpireMod:Repulse"],"picked":"Loop","floor":25},{"not_picked":["Conserve Battery","Blizzard"],"picked":"Redo","floor":27},{"not_picked":["Panic Button","BasicCrystalCard"],"picked":"Coolheaded","floor":29},{"not_picked":["Auto Shields","Streamline"],"picked":"Hologram+1","floor":31},{"not_picked":["Fission","Mirror Shield"],"picked":"ReplayTheSpireMod:Fabricate Wheel","floor":33},{"not_picked":["Beam Cell+1","Panic Button"],"picked":"Ball Lightning","floor":35},{"not_picked":["White Noise+1","Coolheaded+1"],"picked":"Storm+1","floor":36},{"not_picked":["Steam+1","Cold Snap"],"picked":"Stack","floor":36},{"not_picked":["BasicCrystalCard","Storm"],"picked":"Fission","floor":38},{"not_picked":["Sweeping Beam+1","Leap"],"picked":"Chill+1","floor":39},{"not_picked":["Stack+1","Panic Button+1"],"picked":"Fusion+1","floor":40},{"not_picked":["Hologram","FTL"],"picked":"Rip and Tear+1","floor":41},{"not_picked":["Conserve Battery+1","Beam Cell"],"picked":"Hello World","floor":41},{"not_picked":["Conserve Battery","ReplayTheSpireMod:Fabricate Wheel"],"picked":"Fusion+1","floor":44},{"not_picked":["Hologram","Cold Snap+1","Panic Button"],"picked":"SKIP","floor":44},{"not_picked":["Replay:Sssssssssstrike","expansioncontent:LastStand"],"picked":"expansioncontent:DefensiveMode","floor":46},{"not_picked":["Forethought","Finesse"],"picked":"Panache","floor":46},{"not_picked":["Good Instincts","Replay:SS_fish_1"],"picked":"Flash of Steel","floor":46},{"not_picked":["Cold Snap","ReplaySolidLightProjector+1"],"picked":"Doom and Gloom","floor":47},{"not_picked":["Barrage+1","Panic Button"],"picked":"Chaos+1","floor":47},{"not_picked":["Coolheaded+1","Beam Cell"],"picked":"Doom and Gloom","floor":48},{"not_picked":["Stack+1","Conserve Battery+1"],"picked":"BasicCrystalCard","floor":48}],"player_experience":23047,"relics_obtained":[{"floor":6,"key":"Pantograph"},{"floor":8,"key":"Ornamental Fan"},{"floor":9,"key":"Replay:Baseball"},{"floor":13,"key":"Geode"},{"floor":26,"key":"Replay:PocketPolymizer"},{"floor":27,"key":"PreservedInsect"},{"floor":38,"key":"Durian"},{"floor":39,"key":"Calipers"},{"floor":40,"key":"War Paint"},{"floor":43,"key":"Quantum Egg"}],"event_choices":[{"damage_healed":0,"gold_gain":99,"player_choice":"Stole From Cult","damage_taken":0,"max_hp_gain":0,"max_hp_loss":0,"event_name":"Nest","floor":24,"gold_loss":0},{"damage_healed":0,"gold_gain":0,"player_choice":"Ignored","damage_taken":0,"max_hp_gain":0,"max_hp_loss":0,"event_name":"Beggar","floor":32,"gold_loss":0},{"damage_healed":0,"gold_gain":0,"player_choice":"Paid","damage_taken":0,"relics_obtained":["Red Mask"],"max_hp_gain":0,"max_hp_loss":0,"event_name":"Tomb of Lord Red Mask","floor":37,"gold_loss":184},{"damage_healed":0,"gold_gain":0,"player_choice":"Fight","damage_taken":0,"max_hp_gain":0,"max_hp_loss":0,"event_name":"Mysterious Sphere","floor":38,"gold_loss":0},{"damage_healed":0,"gold_gain":0,"player_choice":"Fight","damage_taken":0,"max_hp_gain":0,"max_hp_loss":0,"event_name":"MindBloom","floor":39,"gold_loss":0},{"damage_healed":0,"gold_gain":0,"player_choice":"Memory 3","damage_taken":10,"max_hp_gain":0,"max_hp_loss":0,"event_name":"SensoryStone","floor":46,"gold_loss":0}],"is_beta":false,"boss_relics":[{"not_picked":["Kintsugi","Abe\u0027s Treasure"],"picked":"SlaversCollar"},{"not_picked":["Honey Jar","Astrolabe"],"picked":"Nuclear Battery"}],"items_purged_floors":[11,11,11,11,28,28],"is_endless":false,"potions_floor_spawned":[5,7,8,10,14,25,29,36,38,40],"ascension_level":0}}