{"host":"Kdaddybrian","time":1608261054,"event":{"mods":["AchievementEnabler","BaseMod","Bestiary","Colored Powertips","Minty Spire (QoL Compilation)","Potion Indicator Mod","Quick Restart","Rare Cards Sparkle","Relic Stats","StSLib","Uncapped"],"gold_per_floor":[109,129,149,149,149,149,174,174,174,229,245,245,258,258,258,258,258],"floor_reached":16,"playtime":626,"items_purged":[],"score":150,"play_id":"8c335591-57e1-405c-8046-a427fc56c711","local_time":"20201217221054","is_ascension_mode":true,"campfire_choices":[{"data":"Dagger Spray","floor":6,"key":"SMITH"},{"data":"Sucker Punch","floor":8,"key":"SMITH"},{"floor":12,"key":"REST"},{"data":"Skewer","floor":15,"key":"SMITH"}],"circlet_count":0,"master_deck":["AscendersBane","Strike_G","Strike_G","Strike_G","Strike_G","Defend_G","Defend_G","Defend_G","Defend_G","Defend_G","Survivor","Neutralize","Sucker Punch+1","Dagger Spray+1","Leg Sweep","Sucker Punch","Skewer+1"],"relics":["Ring of the Snake","MealTicket","HornCleat","Paper Crane","Pocketwatch"],"acts_visited":["Exordium"],"potions_floor_usage":[7,16,16,16],"damage_taken":[{"damage":1,"enemies":"Cultist","floor":1,"turns":5},{"damage":7,"enemies":"Small Slimes","floor":2,"turns":4},{"damage":2,"enemies":"2 Louse","floor":3,"turns":2},{"damage":26,"enemies":"Lagavulin","floor":7,"turns":6},{"damage":20,"enemies":"Gremlin Nob","floor":10,"turns":7},{"damage":0,"enemies":"2 Fungi Beasts","floor":11,"turns":3},{"damage":0,"enemies":"Red Slaver","floor":13,"turns":5},{"damage":42,"enemies":"Hexaghost","floor":16,"turns":16}],"seed_played":"3836942637737968892","potions_obtained":[{"floor":1,"key":"FearPotion"},{"floor":10,"key":"SkillPotion"},{"floor":11,"key":"GamblersBrew"},{"floor":13,"key":"Fruit Juice"}],"is_trial":false,"path_per_floor":["M","M","M","?","?","R","E","R","T","?","M","R","M","?","R","B"],"character_chosen":"THE_SILENT","items_purchased":[],"campfire_rested":1,"item_purchase_floors":[],"current_hp_per_floor":[62,55,53,58,58,58,32,32,32,12,12,34,34,34,34,0,0],"gold":258,"neow_bonus":"RANDOM_COMMON_RELIC","is_daily":false,"chose_seed":false,"campfire_upgraded":3,"win_rate":0.0,"timestamp":1608261054,"path_taken":["M","M","M","?","?","R","E","R","T","?","M","R","M","?","R","BOSS"],"items_purchased_type":[],"build_version":"2020-12-17","purchased_purges":0,"victory":false,"max_hp_per_floor":[70,70,70,75,75,75,75,75,75,75,75,75,75,75,75,80,80],"relic_stats":{"counters":[8,48],"MealTicket":0,"obtain_stats":[{"HornCleat":7,"MealTicket":0,"Paper Crane":9,"Ring of the Snake":0,"Pocketwatch":10},{"HornCleat":4,"MealTicket":0,"Paper Crane":4,"Ring of the Snake":0,"Pocketwatch":5},{"HornCleat":17,"MealTicket":0,"Paper Crane":17,"Ring of the Snake":0,"Pocketwatch":24}],"Ring of the Snake":[16],"Pocketwatch":[45]},"card_choices":[{"not_picked":["Flying Knee","Dodge and Roll"],"picked":"Sucker Punch","floor":1},{"not_picked":["Sucker Punch","Caltrops"],"picked":"Dagger Spray","floor":2},{"not_picked":["Accuracy","Concentrate","Backflip"],"picked":"SKIP","floor":3},{"not_picked":["Slice","Acrobatics"],"picked":"Leg Sweep","floor":7},{"not_picked":["Dodge and Roll","Deflect"],"picked":"Sucker Punch","floor":10},{"not_picked":["Dodge and Roll","Dagger Throw"],"picked":"Skewer","floor":11},{"not_picked":["Calculated Gamble","Underhanded Strike","Prepared"],"picked":"SKIP","floor":13}],"player_experience":2872948,"relics_obtained":[{"floor":7,"key":"HornCleat"},{"floor":9,"key":"Paper Crane"},{"floor":10,"key":"Pocketwatch"}],"event_choices":[{"damage_healed":0,"gold_gain":0,"player_choice":"Donut","damage_taken":0,"max_hp_gain":5,"max_hp_loss":0,"event_name":"Big Fish","floor":4,"gold_loss":0},{"damage_healed":0,"gold_gain":0,"player_choice":"Leave","damage_taken":0,"max_hp_gain":0,"max_hp_loss":0,"event_name":"The Cleric","floor":5,"gold_loss":0},{"damage_healed":0,"gold_gain":0,"player_choice":"Searched \u00272\u0027 times","damage_taken":0,"max_hp_gain":0,"max_hp_loss":0,"event_name":"Dead Adventurer","floor":10,"gold_loss":0},{"cards_removed":["Strike_G"],"damage_healed":0,"gold_gain":0,"player_choice":"Offered Basic","damage_taken":0,"max_hp_gain":0,"max_hp_loss":0,"event_name":"Bonfire Elementals","floor":14,"gold_loss":0}],"is_beta":true,"boss_relics":[],"items_purged_floors":[],"is_endless":false,"potions_floor_spawned":[1,10,11,13],"killed_by":"Hexaghost","ascension_level":10}}