{"host":"usewcu4ohw2wtmxk","time":1608280946,"event":{"mods":["AchievementEnabler","BaseMod","Colored Powertips","Minty Spire (QoL Compilation)","Permanent Neow","Quick Restart","Relic Stats","StSLib"],"gold_per_floor":[117,132,152,77,37,37,65,65,65,97,115,115,115,134,134,209,209,219,235,235,246,38,38,38],"floor_reached":23,"playtime":541,"items_purged":[],"score":406,"play_id":"4cc9bce5-5115-4669-a80f-26d4e8e0c31a","local_time":"20201218164226","is_ascension_mode":true,"campfire_choices":[{"data":"Blade Dance","floor":6.0,"key":"SMITH"},{"data":"Accuracy","floor":8.0,"key":"SMITH"},{"data":"Neutralize","floor":12.0,"key":"SMITH"},{"data":"Cloak And Dagger","floor":15.0,"key":"SMITH"}],"circlet_count":0,"master_deck":["AscendersBane","Strike_G","Strike_G","Strike_G","Defend_G","Defend_G","Defend_G","Defend_G","Defend_G","Survivor","Neutralize+1","Reflex","Backstab","Blade Dance+1","Accuracy+1","Backflip","Slice","Cloak And Dagger+1","Phantasmal Killer","CurseOfTheBell","Acrobatics","After Image","Prepared+1","Prepared","Concentrate"],"relics":["WristBlade","White Beast Statue","StrikeDummy","Ornamental Fan","Calling Bell","Bag of Marbles","Kunai","Peace Pipe","Orrery"],"acts_visited":["Exordium","TheCity"],"potions_floor_usage":[23,23],"damage_taken":[{"damage":1.0,"enemies":"Cultist","floor":1.0,"turns":5.0},{"damage":3.0,"enemies":"Jaw Worm","floor":2.0,"turns":4.0},{"damage":0.0,"enemies":"Small Slimes","floor":3.0,"turns":4.0},{"damage":7.0,"enemies":"Exordium Thugs","floor":5.0,"turns":5.0},{"damage":22.0,"enemies":"Gremlin Nob","floor":7.0,"turns":4.0},{"damage":12.0,"enemies":"Lagavulin","floor":10.0,"turns":6.0},{"damage":0.0,"enemies":"3 Louse","floor":11.0,"turns":2.0},{"damage":0.0,"enemies":"Large Slime","floor":14.0,"turns":3.0},{"damage":3.0,"enemies":"The Guardian","floor":16.0,"turns":8.0},{"damage":2.0,"enemies":"3 Byrds","floor":18.0,"turns":5.0},{"damage":4.0,"enemies":"Shell Parasite","floor":19.0,"turns":2.0},{"damage":19.0,"enemies":"Sentry and Sphere","floor":21.0,"turns":4.0},{"damage":9,"enemies":"Gremlin Leader","floor":23,"turns":3}],"seed_played":"-6026505629855071087","potions_obtained":[{"floor":1.0,"key":"Weak Potion"},{"floor":2.0,"key":"Ancient Potion"},{"floor":7.0,"key":"Explosive Potion"},{"floor":10.0,"key":"LiquidMemories"},{"floor":11.0,"key":"Fire Potion"},{"floor":14.0,"key":"SteroidPotion"},{"floor":16.0,"key":"FearPotion"},{"floor":18.0,"key":"SkillPotion"},{"floor":21.0,"key":"Fire Potion"}],"is_trial":false,"path_per_floor":["M","M","M","?","M","R","E","R","T","E","M","R","?","M","R","B",null,"M","M","?","M","$","E"],"character_chosen":"THE_SILENT","items_purchased":["Orrery","Concentrate"],"campfire_rested":0,"item_purchase_floors":[22,22],"current_hp_per_floor":[58,55,55,55,48,48,26,26,26,14,14,14,14,14,14,11,52,50,46,28,9,9,0,0],"gold":38,"neow_bonus":"BOSS_RELIC","is_daily":false,"chose_seed":false,"campfire_upgraded":4,"win_rate":0.0,"timestamp":1608280946,"path_taken":["M","?","M","?","M","R","E","R","T","E","M","R","?","M","R","BOSS","M","M","?","M","$","E"],"items_purchased_type":["Relic","Card"],"build_version":"2020-12-13","purchased_purges":0,"victory":false,"max_hp_per_floor":[66,66,66,66,66,66,66,66,66,66,66,66,66,66,66,66,66,66,66,71,71,71,71,71],"relic_stats":{"Peace Pipe":0,"counters":[13,55],"Ornamental Fan":[80],"Kunai":[10],"obtain_stats":[{"Calling Bell":17,"Peace Pipe":17,"WristBlade":0,"Ornamental Fan":10,"Orrery":22,"Bag of Marbles":17,"Kunai":17,"StrikeDummy":9,"White Beast Statue":7,"Ring of the Snake":0},{"Calling Bell":9,"Peace Pipe":9,"WristBlade":0,"Ornamental Fan":6,"Orrery":12,"Bag of Marbles":9,"Kunai":9,"StrikeDummy":5,"White Beast Statue":5,"Ring of the Snake":0},{"Calling Bell":41,"Peace Pipe":41,"WristBlade":0,"Ornamental Fan":28,"Orrery":52,"Bag of Marbles":41,"Kunai":41,"StrikeDummy":22,"White Beast Statue":22,"Ring of the Snake":0}]},"card_choices":[{"not_picked":["Choke","Dodge and Roll"],"picked":"Reflex","floor":1.0},{"not_picked":["Skewer","Bane","Dagger Throw"],"picked":"SKIP","floor":2.0},{"not_picked":["Distraction","Sucker Punch"],"picked":"Backstab","floor":3.0},{"not_picked":["Dagger Spray","Bane"],"picked":"Blade Dance","floor":5.0},{"not_picked":["Cloak And Dagger","Backflip"],"picked":"Accuracy","floor":7.0},{"not_picked":["Poisoned Stab","Bane","PiercingWail"],"picked":"SKIP","floor":10.0},{"not_picked":["Dash","Dagger Spray"],"picked":"Backflip","floor":11.0},{"not_picked":["Slice","Dodge and Roll"],"picked":"Cloak And Dagger","floor":14.0},{"not_picked":["Burst","A Thousand Cuts"],"picked":"Phantasmal Killer","floor":16.0},{"not_picked":["PiercingWail","Sucker Punch","Dagger Throw+1"],"picked":"SKIP","floor":18.0},{"not_picked":["Cloak And Dagger","Outmaneuver","Choke"],"picked":"SKIP","floor":19.0},{"not_picked":["Backflip","Flechettes"],"picked":"Acrobatics","floor":21.0},{"not_picked":["Backflip","Outmaneuver"],"picked":"After Image","floor":22.0},{"not_picked":["Infinite Blades","Quick Slash"],"picked":"Prepared+1","floor":22.0},{"not_picked":["Outmaneuver","Deflect"],"picked":"Prepared","floor":22.0}],"player_experience":286507,"relics_obtained":[{"floor":7.0,"key":"White Beast Statue"},{"floor":9.0,"key":"StrikeDummy"},{"floor":10.0,"key":"Ornamental Fan"},{"floor":17.0,"key":"Bag of Marbles"},{"floor":17.0,"key":"Kunai"},{"floor":17.0,"key":"Peace Pipe"}],"event_choices":[{"cards_removed":["Strike_G"],"damage_healed":0.0,"max_hp_gain":0.0,"max_hp_loss":0.0,"gold_gain":0.0,"event_name":"The Cleric","player_choice":"Card Removal","floor":4.0,"gold_loss":75.0,"damage_taken":0.0},{"damage_healed":0.0,"max_hp_gain":0.0,"max_hp_loss":0.0,"gold_gain":0.0,"cards_transformed":["Strike_G"],"event_name":"Living Wall","player_choice":"Change","floor":13.0,"gold_loss":0.0,"damage_taken":0.0,"cards_obtained":["Slice"]},{"damage_healed":0.0,"max_hp_gain":5.0,"max_hp_loss":0.0,"gold_gain":0.0,"event_name":"Forgotten Altar","player_choice":"Shed Blood","floor":20.0,"gold_loss":0.0,"damage_taken":23.0}],"is_beta":false,"boss_relics":[{"not_picked":["Fusion Hammer","Astrolabe"],"picked":"Calling Bell"}],"items_purged_floors":[],"is_endless":false,"potions_floor_spawned":[1,2,7,10,11,14,16,18,19,21],"killed_by":"Gremlin Leader","ascension_level":20}}