{"host":"hvwa7s69zr612rn1","time":1608251398,"event":{"mods":["BaseMod","Colored Map","Colored Powertips","Downfall","Minty Spire (QoL Compilation)","StSLib"],"gold_per_floor":[99,114,114,124,139,155,155,169,169,201,215,228,228,246,262,262,262],"floor_reached":16,"playtime":965,"items_purged":[],"score":108,"play_id":"e96e8d99-47fe-412e-9f57-048353ab07e5","local_time":"20201218112958","is_ascension_mode":false,"campfire_choices":[{"data":"hexamod:Strike","floor":1,"key":"SMITH"},{"data":"hexamod:SkipABeat","floor":3,"key":"SMITH"}],"circlet_count":0,"master_deck":["hexamod:Strike","hexamod:Strike+1","hexamod:Defend","hexamod:Defend","hexamod:Sear","hexamod:Float","hexamod:SkipABeat+1","hexamod:SuperheatedStrike","hexamod:GhostOfSpireFuture","hexamod:EmpoweredFlame","hexamod:BacktrackSmack","hexamod:SpectralSpark"],"relics":["hexamod:SpiritBrand","Bottled Flame","Girya"],"acts_visited":["Exordium"],"potions_floor_usage":[8,10,15],"damage_taken":[{"damage":0,"enemies":"Cultist","floor":2,"turns":3},{"damage":0,"enemies":"Jaw Worm","floor":4,"turns":3},{"damage":0,"enemies":"Small Slimes","floor":5,"turns":3},{"damage":7,"enemies":"2 Fungi Beasts","floor":6,"turns":3},{"damage":7,"enemies":"Exordium Wildlife","floor":8,"turns":2},{"damage":16,"enemies":"3 Sentries","floor":10,"turns":9},{"damage":0,"enemies":"3 Louse","floor":11,"turns":3},{"damage":2,"enemies":"Blue Slaver","floor":12,"turns":3},{"damage":4,"enemies":"2 Fungi Beasts","floor":14,"turns":3},{"damage":0,"enemies":"Exordium Wildlife","floor":15,"turns":4},{"damage":27,"enemies":"downfall:Defect","floor":16,"turns":4}],"seed_played":"-7930788511130545170","potions_obtained":[{"floor":2,"key":"champ:CounterPotion"},{"floor":5,"key":"Dexterity Potion"},{"floor":11,"key":"Ancient Potion"},{"floor":12,"key":"Weak Potion"}],"is_trial":false,"path_per_floor":["R","M","R","M","M","M","T","M","?","E","M","M","?","M","M","B"],"character_chosen":"THE_SPIRIT","items_purchased":[],"campfire_rested":0,"item_purchase_floors":[],"current_hp_per_floor":[63,63,63,63,63,56,56,49,49,33,33,31,31,27,27,0,0],"gold":262,"neow_bonus":"REMOVE_TWO","is_daily":false,"chose_seed":false,"campfire_upgraded":2,"win_rate":0.0,"timestamp":1608251398,"path_taken":["R","M","R","?","M","M","T","?","?","E","M","M","?","M","M","BOSS"],"items_purchased_type":[],"build_version":"2020-12-13","purchased_purges":0,"victory":false,"max_hp_per_floor":[63,63,63,63,63,63,63,63,63,63,63,63,63,63,63,63,63],"card_choices":[{"not_picked":["hexamod:HauntingEcho","hexamod:BurningTouch"],"picked":"hexamod:SkipABeat","floor":2},{"not_picked":["hexamod:ShieldOfDarkness","hexamod:Firestarter","hexamod:HauntingEcho"],"picked":"SKIP","floor":4},{"not_picked":["hexamod:ThermalTransfer","hexamod:ShieldOfDarkness","hexamod:SpectersWail"],"picked":"SKIP","floor":5},{"not_picked":["hexamod:NecessarySacrifice","hexamod:FourthSeal"],"picked":"hexamod:SuperheatedStrike","floor":6},{"not_picked":["hexamod:FourthSeal","hexamod:CatchUp"],"picked":"hexamod:GhostOfSpireFuture","floor":8},{"not_picked":["hexamod:Firestarter","hexamod:HauntingEcho","hexamod:BacktrackSmack"],"picked":"SKIP","floor":10},{"not_picked":["hexamod:SwordOfDarkness","hexamod:NightmareStrike","hexamod:FastForward"],"picked":"SKIP","floor":11},{"not_picked":["hexamod:BacktrackSmack","hexamod:GhostLash"],"picked":"hexamod:EmpoweredFlame","floor":12},{"not_picked":["hexamod:SkipABeat","hexamod:SpectersWail","hexamod:BacktrackSmack"],"picked":"SKIP","floor":14},{"not_picked":["hexamod:InspiringFlames","hexamod:BacktrackSmack"],"picked":"hexamod:SpectralSpark","floor":15}],"player_experience":374665,"relics_obtained":[{"floor":7,"key":"Bottled Flame"},{"floor":10,"key":"Girya"}],"event_choices":[{"cards_removed":["hexamod:Defend"],"damage_healed":0,"gold_gain":0,"player_choice":"Card Removal","damage_taken":0,"max_hp_gain":0,"max_hp_loss":0,"event_name":"The Cleric","floor":9,"gold_loss":0},{"damage_healed":0,"gold_gain":0,"cards_transformed":["hexamod:Strike"],"player_choice":"Change","damage_taken":0,"max_hp_gain":0,"max_hp_loss":0,"event_name":"Living Wall","floor":13,"gold_loss":0,"cards_obtained":["hexamod:BacktrackSmack"]}],"is_beta":false,"boss_relics":[],"items_purged_floors":[],"is_endless":false,"potions_floor_spawned":[2,5,11,12],"killed_by":"downfall:Defect","ascension_level":0}}