{"host":"9ndbo4kgsfoemf7y","time":1608287132,"event":{"mods":["AchievementEnabler","BaseMod","Colored Map","DeckTracker","Keyboard Shortcuts","Minty Spire (QoL Compilation)","Permanent Neow","Quick Restart","Relic Stats","StSLib","SuperFastMode"],"gold_per_floor":[211,225,225,66,76,76,76,109,109,109,109],"floor_reached":10,"playtime":250,"items_purged":["Strike_G"],"score":122,"play_id":"ad5ab73a-1b9d-43ff-99df-10bc638a5b57","local_time":"20201218192532","is_ascension_mode":true,"campfire_choices":[{"data":"Prepared","floor":6.0,"key":"SMITH"}],"circlet_count":0,"master_deck":["AscendersBane","Strike_G","Strike_G","Strike_G","Strike_G","Defend_G","Defend_G","Defend_G","Defend_G","Defend_G","Survivor","Neutralize","Dagger Spray","Prepared+1","Escape Plan","Dagger Throw","Backflip"],"relics":["Ring of the Snake","Ginger","Sundial"],"acts_visited":["Exordium"],"potions_floor_usage":[10],"damage_taken":[{"damage":9.0,"enemies":"Jaw Worm","floor":1.0,"turns":5.0},{"damage":6.0,"enemies":"Cultist","floor":2.0,"turns":4.0},{"damage":4.0,"enemies":"2 Louse","floor":5.0,"turns":3.0},{"damage":31.0,"enemies":"3 Sentries","floor":8.0,"turns":8.0},{"damage":20,"enemies":"Lagavulin","floor":10,"turns":2}],"seed_played":"-8077001663463735431","potions_obtained":[{"floor":2.0,"key":"Strength Potion"},{"floor":3.0,"key":"Energy Potion"}],"is_trial":false,"path_per_floor":["M","M","?","$","M","R","$","E","T","E"],"character_chosen":"THE_SILENT","items_purchased":["Escape Plan"],"campfire_rested":0,"item_purchase_floors":[4],"current_hp_per_floor":[50,44,44,44,40,40,40,9,9,0,0],"gold":109,"neow_bonus":"HUNDRED_GOLD","is_daily":false,"chose_seed":false,"campfire_upgraded":1,"win_rate":0.0,"timestamp":1608287132,"path_taken":["M","M","?","$","M","R","?","E","T","E"],"items_purchased_type":["Card"],"build_version":"2020-12-13","purchased_purges":1,"victory":false,"max_hp_per_floor":[66,66,66,66,66,66,66,66,66,66,66],"relic_stats":{"counters":[5,22],"Sundial":[0],"Ginger":[0],"obtain_stats":[{"Sundial":9,"Ginger":8,"Ring of the Snake":0},{"Sundial":4,"Ginger":4,"Ring of the Snake":0},{"Sundial":20,"Ginger":20,"Ring of the Snake":0}],"Ring of the Snake":[10]},"card_choices":[{"not_picked":["Quick Slash","Outmaneuver"],"picked":"Dagger Spray","floor":1.0},{"not_picked":["Dodge and Roll","Flying Knee"],"picked":"Prepared","floor":2.0},{"not_picked":["Quick Slash","Skewer"],"picked":"Dagger Throw","floor":5.0},{"not_picked":["Bane","All Out Attack"],"picked":"Backflip","floor":8.0}],"player_experience":695347,"relics_obtained":[{"floor":8.0,"key":"Ginger"},{"floor":9.0,"key":"Sundial"}],"event_choices":[{"damage_healed":0.0,"max_hp_gain":0.0,"max_hp_loss":0.0,"gold_gain":0.0,"event_name":"Lab","player_choice":"Got Potions","floor":3.0,"gold_loss":0.0,"damage_taken":0.0}],"is_beta":false,"boss_relics":[],"items_purged_floors":[4],"is_endless":false,"potions_floor_spawned":[2,5],"killed_by":"Lagavulin","ascension_level":17}}