{"host":"tgr1xoidyjfo4u0n","time":1608259541,"event":{"mods":["Act Like it!","BaseMod","Colored Powertips","GifTheSpireLib","Highlight Path","Marisa£®ÏF”Í°°ƒß¿Ì…≥£©","Minty Spire (QoL Compilation)","StSLib"],"gold_per_floor":[417,417,417,427,427,463,159,159,159,109,169,0,90,113,113,263,263,307,341,341,77,77,115,115,188,188,188,188],"floor_reached":27,"playtime":1346,"items_purged":["Strike_MRS","Strike_MRS"],"score":266,"play_id":"803b89be-ec27-43ef-9622-7c5094bfc117","local_time":"20201218104541","is_ascension_mode":true,"campfire_choices":[{"data":"MasterSpark","floor":8.0,"key":"SMITH"},{"data":"MagicChant","floor":15.0,"key":"SMITH"},{"data":"Apotheosis","floor":24.0,"key":"SMITH"}],"circlet_count":0,"master_deck":["Defend_MRS+1","Defend_MRS","Defend_MRS","Defend_MRS+1","MasterSpark+1","UpSweep","LuminesStrike","GrandCross","OneTimeOff","PowerUp","WitchOfGreed","MachineGunSpark","MeteoricShower","MagicChant+1","Acceleration","TreasureHunter","MilkyWay","PowerUp","BlazeAway","Apotheosis+1"],"relics":["MiniHakkero","Old Coin","Golden Idol","Lantern","Anchor","Juzu Bracelet","Bag of Marbles","Runic Pyramid","The Courier","Meat on the Bone","Art of War","Blue Candle"],"acts_visited":["Exordium","TheCity"],"potions_floor_usage":[],"damage_taken":[{"damage":0.0,"enemies":"Small Slimes","floor":1.0,"turns":3.0},{"damage":7.0,"enemies":"Jaw Worm","floor":4.0,"turns":3.0},{"damage":5.0,"enemies":"3 Sentries","floor":6.0,"turns":8.0},{"damage":12.0,"enemies":"Gremlin Nob","floor":11.0,"turns":4.0},{"damage":8.0,"enemies":"3 Sentries","floor":13.0,"turns":5.0},{"damage":10.0,"enemies":"Slime Boss","floor":16.0,"turns":8.0},{"damage":16.0,"enemies":"3 Byrds","floor":18.0,"turns":4.0},{"damage":0.0,"enemies":"Chosen","floor":19.0,"turns":3.0},{"damage":8.0,"enemies":"Gremlin Leader","floor":23.0,"turns":3.0},{"damage":21.0,"enemies":"Slavers","floor":25.0,"turns":5.0},{"damage":0,"enemies":"Snecko","floor":27,"turns":1}],"seed_played":"3712004682999591027","potions_obtained":[{"floor":11.0,"key":"Explosive Potion"},{"floor":11.0,"key":"LiquidBronze"},{"floor":13.0,"key":"Fire Potion"},{"floor":16.0,"key":"LiquidMemories"},{"floor":18.0,"key":"ColorlessPotion"},{"floor":18.0,"key":"Ancient Potion"},{"floor":25.0,"key":"Block Potion"}],"is_trial":false,"path_per_floor":["M","?","?","M","?","E","$","R","T","?","E","$","?","T","R","B",null,"M","M","?","$","?","E","R","E","T","M"],"character_chosen":"MARISA","items_purchased":["PowerUp","WitchOfGreed","MachineGunSpark","GamblersBrew","MagicChant","BlazeAway","Apotheosis"],"campfire_rested":0,"item_purchase_floors":[7,7,7,7,12,21,21],"current_hp_per_floor":[68,54,54,47,47,42,42,42,42,42,30,30,22,22,22,12,63,47,47,47,47,47,39,39,30,30,30,30],"gold":188,"neow_bonus":"ONE_RARE_RELIC","is_daily":false,"chose_seed":false,"campfire_upgraded":3,"win_rate":0.0,"timestamp":1608259541,"path_taken":["M","?","?","?","?","E","$","R","T","?","E","$","?","?","R","BOSS","M","M","?","$","?","E","R","E","T","M"],"items_purchased_type":["Card","Card","Card","Potion","Card","Card","Card"],"build_version":"2020-12-13","purchased_purges":2,"victory":false,"max_hp_per_floor":[68,68,68,68,63,63,63,63,63,63,63,63,63,63,63,63,63,63,63,63,63,63,63,63,63,63,63,63],"card_choices":[{"not_picked":["IllusionStar","WitchLeyline"],"picked":"LuminesStrike","floor":1.0},{"not_picked":["DoubleSpark","ShootingEcho"],"picked":"GrandCross","floor":4.0},{"not_picked":["StarDustReverie","MysteriousBeam"],"picked":"OneTimeOff","floor":6.0},{"not_picked":["NonDirectionalLaser","LuminesStrike"],"picked":"MeteoricShower","floor":11.0},{"not_picked":["ChargeUpSpray","PowerUp"],"picked":"Acceleration","floor":13.0},{"not_picked":["BigCrunch","BlazingStar"],"picked":"TreasureHunter","floor":16.0},{"not_picked":["LuminesStrike","GravityBeat","DoubleSpark"],"picked":"SKIP","floor":18.0},{"not_picked":["WitchLeyline","AsteroidBelt"],"picked":"MilkyWay","floor":19.0},{"not_picked":["DoubleSpark+1","AlicesGift","DarkSpark"],"picked":"SKIP","floor":23.0},{"not_picked":["NonDirectionalLaser","ShootTheMoon+1","DragonMeteor"],"picked":"SKIP","floor":25.0}],"player_experience":443014,"relics_obtained":[{"floor":6.0,"key":"Lantern"},{"floor":11.0,"key":"Anchor"},{"floor":13.0,"key":"Juzu Bracelet"},{"floor":14.0,"key":"Bag of Marbles"},{"floor":23.0,"key":"The Courier"},{"floor":23.0,"key":"Meat on the Bone"},{"floor":25.0,"key":"Art of War"},{"floor":26.0,"key":"Blue Candle"}],"event_choices":[{"damage_healed":0.0,"max_hp_gain":0.0,"max_hp_loss":0.0,"gold_gain":0.0,"event_name":"Shining Light","player_choice":"Entered Light","floor":2.0,"gold_loss":0.0,"damage_taken":14.0,"cards_upgraded":["Defend_MRS","Defend_MRS"]},{"cards_removed":["Strike_MRS"],"damage_healed":0.0,"max_hp_gain":0.0,"max_hp_loss":0.0,"gold_gain":0.0,"event_name":"Purifier","player_choice":"Purged","floor":3.0,"gold_loss":0.0,"damage_taken":0.0},{"damage_healed":0.0,"max_hp_gain":0.0,"max_hp_loss":5.0,"gold_gain":0.0,"event_name":"Golden Idol","player_choice":"Lose Max HP","floor":5.0,"gold_loss":0.0,"damage_taken":0.0,"relics_obtained":["Golden Idol"]},{"cards_removed":["Strike_MRS"],"damage_healed":0.0,"max_hp_gain":0.0,"max_hp_loss":0.0,"gold_gain":0.0,"event_name":"The Cleric","player_choice":"Card Removal","floor":10.0,"gold_loss":50.0,"damage_taken":0.0},{"damage_healed":0.0,"max_hp_gain":0.0,"max_hp_loss":0.0,"gold_gain":0.0,"event_name":"Dead Adventurer","player_choice":"Searched \u00272\u0027 times","floor":13.0,"gold_loss":0.0,"damage_taken":0.0},{"damage_healed":0.0,"max_hp_gain":0.0,"max_hp_loss":0.0,"gold_gain":0.0,"event_name":"Duplicator","player_choice":"Copied","floor":20.0,"gold_loss":0.0,"damage_taken":0.0,"cards_obtained":["PowerUp"]},{"damage_healed":0.0,"max_hp_gain":0.0,"max_hp_loss":0.0,"gold_gain":0.0,"event_name":"The Mausoleum","player_choice":"Ignored","floor":22.0,"gold_loss":0.0,"damage_taken":0.0}],"is_beta":false,"boss_relics":[{"not_picked":["Ectoplasm","ExperimentalFamiliar"],"picked":"Runic Pyramid"}],"items_purged_floors":[7,12],"is_endless":false,"potions_floor_spawned":[11,13,18,19,23],"killed_by":"Snecko","ascension_level":1}}