{"host":"Ian","time":1608328664,"event":{"mods":["BaseMod","Bestiary","Block Reminder","Colored Map","Highlight Path","Key Reminder","Minty Spire (QoL Compilation)","Relic Stats"],"gold_per_floor":[118,193,193,213,227,259,259,279,279,296,296,324,340,370,370,449,449,421,421,437,46,64,64,91,0,27,43,43,43],"floor_reached":28,"playtime":1306,"items_purged":["Strike_R"],"score":500,"play_id":"949fb973-3a04-422d-a14a-9428101fefde","local_time":"20201218215744","is_ascension_mode":true,"campfire_choices":[{"data":"Havoc","floor":7.0,"key":"SMITH"},{"floor":11.0,"key":"REST"},{"floor":15.0,"key":"REST"},{"floor":23.0,"key":"REST"}],"circlet_count":0,"master_deck":["AscendersBane","Strike_R","Strike_R","Strike_R+1","Defend_R","Defend_R","Defend_R","Defend_R","Bash","Pummel+1","Havoc+1","Inflame","Dark Embrace","Twin Strike","Sentinel","Feel No Pain","Impervious","Pommel Strike","Bludgeon","Limit Break","Headbutt+1","Disarm","Second Wind","Carnage","Warcry"],"relics":["Burning Blood","NeowsBlessing","Smiling Mask","keyreminder:keyreminder","Ancient Tea Set","Question Card","Odd Mushroom","Black Star","Toy Ornithopter","Pen Nib","Centennial Puzzle","Whetstone","Orichalcum"],"acts_visited":["Exordium","TheCity"],"potions_floor_usage":[24,24,28],"damage_taken":[{"damage":0.0,"enemies":"Cultist","floor":1.0,"turns":1.0},{"damage":0.0,"enemies":"2 Louse","floor":4.0,"turns":1.0},{"damage":0.0,"enemies":"Small Slimes","floor":5.0,"turns":1.0},{"damage":59.0,"enemies":"3 Sentries","floor":6.0,"turns":8.0},{"damage":24.0,"enemies":"3 Louse","floor":8.0,"turns":4.0},{"damage":7.0,"enemies":"Looter","floor":10.0,"turns":4.0},{"damage":7.0,"enemies":"Lagavulin","floor":12.0,"turns":7.0},{"damage":8.0,"enemies":"Large Slime","floor":13.0,"turns":6.0},{"damage":19.0,"enemies":"The Mushroom Lair","floor":14.0,"turns":5.0},{"damage":36.0,"enemies":"The Guardian","floor":16.0,"turns":13.0},{"damage":29.0,"enemies":"2 Thieves","floor":18.0,"turns":4.0},{"damage":41.0,"enemies":"Shell Parasite","floor":20.0,"turns":5.0},{"damage":11.0,"enemies":"Chosen and Byrds","floor":22.0,"turns":7.0},{"damage":29,"enemies":"Book of Stabbing","floor":24,"turns":6},{"damage":12,"enemies":"Snecko","floor":27,"turns":5},{"damage":20,"enemies":"Slavers","floor":28,"turns":1}],"seed_played":"-9158267837267838050","potions_obtained":[{"floor":1.0,"key":"LiquidBronze"},{"floor":4.0,"key":"Regen Potion"},{"floor":6.0,"key":"SpeedPotion"},{"floor":8.0,"key":"DuplicationPotion"},{"floor":13.0,"key":"BlessingOfTheForge"},{"floor":20.0,"key":"Dexterity Potion"},{"floor":22.0,"key":"Block Potion"},{"floor":27,"key":"Block Potion"}],"is_trial":false,"path_per_floor":["M","?","?","M","M","E","R","M","T","M","R","E","M","?","R","B",null,"M","?","M","$","M","R","E","?","T","M","E"],"character_chosen":"IRONCLAD","items_purchased":["Toy Ornithopter","Pen Nib"],"campfire_rested":3,"item_purchase_floors":[21,21],"current_hp_per_floor":[74,63,63,69,75,37,37,19,19,18,40,39,37,24,46,16,60,37,52,17,17,12,34,21,21,21,15,0,0],"gold":43,"neow_bonus":"THREE_ENEMY_KILL","is_daily":false,"chose_seed":false,"campfire_upgraded":1,"win_rate":0.0,"timestamp":1608328664,"path_taken":["M","?","?","M","?","E","R","M","T","M","R","E","M","?","R","BOSS","M","?","M","$","M","R","E","?","T","M","E"],"items_purchased_type":["Relic","Relic"],"build_version":"2020-12-17","purchased_purges":1,"victory":false,"max_hp_per_floor":[75,75,75,75,75,75,75,75,75,75,75,75,75,75,75,75,75,75,75,75,75,75,75,75,75,75,75,75,75],"relic_stats":{"Centennial Puzzle":[6],"counters":[16,78],"Pen Nib":[3],"Black Star":1,"Whetstone":["Strike_R","Pummel"],"Orichalcum":[12],"Smiling Mask":25,"Question Card":8,"obtain_stats":[{"NeowsBlessing":0,"Pen Nib":21,"Whetstone":24,"Odd Mushroom":14,"Orichalcum":26,"Smiling Mask":6,"Ancient Tea Set":9,"Question Card":12,"Burning Blood":0,"keyreminder:keyreminder":6,"Centennial Puzzle":24,"Black Star":17,"Toy Ornithopter":21},{"NeowsBlessing":0,"Pen Nib":12,"Whetstone":14,"Odd Mushroom":9,"Orichalcum":14,"Smiling Mask":4,"Ancient Tea Set":5,"Question Card":7,"Burning Blood":0,"keyreminder:keyreminder":4,"Centennial Puzzle":14,"Black Star":10,"Toy Ornithopter":12},{"NeowsBlessing":0,"Pen Nib":59,"Whetstone":72,"Odd Mushroom":37,"Orichalcum":72,"Smiling Mask":11,"Ancient Tea Set":15,"Question Card":26,"Burning Blood":0,"keyreminder:keyreminder":11,"Centennial Puzzle":72,"Black Star":50,"Toy Ornithopter":59}],"Burning Blood":90,"Toy Ornithopter":15},"card_choices":[{"not_picked":["Havoc","Evolve"],"picked":"Pummel","floor":1.0},{"not_picked":["Shrug It Off","True Grit"],"picked":"Inflame","floor":4.0},{"not_picked":["Iron Wave","Blood for Blood"],"picked":"Dark Embrace","floor":5.0},{"not_picked":["True Grit","Berserk"],"picked":"Twin Strike","floor":6.0},{"not_picked":["Havoc","Warcry"],"picked":"Sentinel","floor":8.0},{"not_picked":["Shrug It Off","Bloodletting"],"picked":"Feel No Pain","floor":10.0},{"not_picked":["Inflame","Pommel Strike"],"picked":"Impervious","floor":12.0},{"not_picked":["Infernal Blade","Wild Strike","Intimidate"],"picked":"Pommel Strike","floor":13.0},{"not_picked":["Anger","Dual Wield","Infernal Blade"],"picked":"Bludgeon","floor":14.0},{"not_picked":["Exhume","Berserk","Fiend Fire"],"picked":"Limit Break","floor":16.0},{"not_picked":["Rage+1","Fire Breathing","Sword Boomerang"],"picked":"Headbutt+1","floor":18.0},{"not_picked":["Power Through","Dual Wield","Headbutt"],"picked":"Disarm","floor":20.0},{"not_picked":["Cleave","Iron Wave","Feel No Pain"],"picked":"Second Wind","floor":22.0},{"not_picked":["Shrug It Off","Armaments","Feel No Pain+1"],"picked":"Carnage","floor":24},{"not_picked":["Sword Boomerang+1","Shrug It Off","Flex"],"picked":"Warcry","floor":27}],"player_experience":2554412,"relics_obtained":[{"floor":6.0,"key":"Smiling Mask"},{"floor":9.0,"key":"Ancient Tea Set"},{"floor":12.0,"key":"Question Card"},{"floor":14.0,"key":"Odd Mushroom"},{"floor":24,"key":"Centennial Puzzle"},{"floor":24,"key":"Whetstone"},{"floor":26,"key":"Orichalcum"}],"event_choices":[{"damage_healed":0.0,"max_hp_gain":0.0,"max_hp_loss":0.0,"gold_gain":75.0,"event_name":"World of Goop","player_choice":"Gather Gold","floor":2.0,"gold_loss":0.0,"damage_taken":11.0},{"damage_healed":0.0,"max_hp_gain":0.0,"max_hp_loss":0.0,"gold_gain":0.0,"cards_transformed":["Strike_R"],"event_name":"Transmorgrifier","player_choice":"Transformed","floor":3.0,"gold_loss":0.0,"damage_taken":0.0,"cards_obtained":["Havoc"]},{"damage_healed":0.0,"max_hp_gain":0.0,"max_hp_loss":0.0,"gold_gain":0.0,"event_name":"Mushrooms","player_choice":"Fought Mushrooms","floor":14.0,"gold_loss":0.0,"damage_taken":0.0},{"damage_healed":15.0,"max_hp_gain":0.0,"max_hp_loss":0.0,"gold_gain":0.0,"event_name":"The Library","player_choice":"Heal","floor":19.0,"gold_loss":0.0,"damage_taken":0.0},{"damage_healed":0,"gold_gain":0,"player_choice":"Paid Fearfully","damage_taken":0,"max_hp_gain":0,"max_hp_loss":0,"event_name":"Masked Bandits","floor":25,"gold_loss":91}],"is_beta":true,"boss_relics":[{"not_picked":["Runic Dome","Runic Cube"],"picked":"Black Star"}],"items_purged_floors":[21],"is_endless":false,"potions_floor_spawned":[1,4,6,8,13,20,22,27],"killed_by":"Slavers","ascension_level":20}}