{"host":"fjbqinbax2bs4pe1","time":1608290009,"event":{"mods":["BaseMod","Colored Powertips","GifTheSpireLib","Grow up Mod","GungeonMod","Minty Spire (QoL Compilation)","Replay The Spire","Shop Mod","Small Relic Pack","Spicy Shops","StSLib","The Poker Player","[IsaacMod]ÒÔÈö¼âËþ","vexMod","¡¾ÒÅÎï¿¨ÅÆ¡¿REMEMod"],"gold_per_floor":[153,366,699,67,74,81,81],"floor_reached":6,"playtime":263,"items_purged":["Injury","DemoMod:BattleInHaste"],"score":138,"play_id":"4e0291bc-5084-4e44-91ab-0cd2f560246e","local_time":"20201218191329","daily_mods":["Draft","Vintage","Heirloom","Flight","DeadlyEvents","Elite Swarm","Lethality","Midas"],"is_ascension_mode":true,"campfire_choices":[],"circlet_count":0,"master_deck":["DemoMod:HuntsMan","DemoMod:PotionOfGunFriendShip","DemoMod:ProbeStrike","DemoMod:FastSwitch","DemoMod:Polaris","DemoMod:DoubleSwitch","DemoMod:EasyReloadBullets","DemoMod:TableSutra","DemoMod:MegaHand","DemoMod:TableSutra","DemoMod:FastSwitch","DemoMod:TeaPot","DemoMod:EasyReloadBullets","DemoMod:ShadowBullets","DemoMod:AbyssalTentacle","DemoMod:ChanceBullets"],"relics":["Unceasing Top","HushsDoor","REME_ComplimentaryCards","Gambling Chip","DemoMod:GlassGuonStoneRelic","Damocles","Peace Pipe","MerchantsRug","ReplayTheSpireMod:CursedCoin","SalivaCoin","REME_PuzzleBoxRelic","BookOfRevelations","DemoMod:MeatBun","ReplayTheSpireMod:TigerMarble"],"acts_visited":["Exordium"],"potions_floor_usage":[6,6],"damage_taken":[{"damage":24,"enemies":"Jaw Worm","floor":1,"turns":3},{"damage":0,"enemies":"2 Louse","floor":3,"turns":1},{"damage":0,"enemies":"3 Sentries","floor":6,"turns":1}],"seed_played":"-8293255896309566916","potions_obtained":[{"floor":1,"key":"AttackPotion"},{"floor":2,"key":"Venom Potion"},{"floor":2,"key":"Fire Potion"}],"is_trial":true,"path_per_floor":["M","?","M","$","?","E"],"character_chosen":"HUNTRESS","items_purchased":["MerchantsRug","ReplayTheSpireMod:CursedCoin","DemoMod:ChanceBullets","SalivaCoin","REME_PuzzleBoxRelic","DemoMod:MeatBun"],"campfire_rested":0,"item_purchase_floors":[4,4,4,4,4,4],"current_hp_per_floor":[66,40,50,74,69,0,0],"gold":81,"neow_bonus":"","is_daily":false,"chose_seed":false,"campfire_upgraded":0,"win_rate":0.0,"timestamp":1608290009,"path_taken":["M","?","?","$","?","E"],"items_purchased_type":["Relic","Relic","Card","Relic","Relic","Relic"],"build_version":"2020-12-13","purchased_purges":2,"victory":false,"max_hp_per_floor":[90,100,110,120,130,130,130],"card_choices":[{"not_picked":[],"picked":"ChaosCard","floor":0},{"not_picked":["DemoMod:DoubleSwitch","DemoMod:HungryBullets"],"picked":"DemoMod:HuntsMan","floor":0},{"not_picked":["DemoMod:RadGun","DemoMod:JK47"],"picked":"DemoMod:PotionOfGunFriendShip","floor":0},{"not_picked":["DemoMod:Ejector","DemoMod:CombinedRifle"],"picked":"DemoMod:ProbeStrike","floor":0},{"not_picked":["DemoMod:SAA","DemoMod:StickyCrossBow"],"picked":"DemoMod:FastSwitch","floor":0},{"not_picked":["DemoMod:ConditionalReflex","DemoMod:RadGun"],"picked":"DemoMod:Polaris","floor":0},{"not_picked":["DemoMod:BoxingGlove","DemoMod:DirectionalPad"],"picked":"DemoMod:DoubleSwitch","floor":0},{"not_picked":["DemoMod:BattleInHaste","DemoMod:LifeOrb"],"picked":"DemoMod:EasyReloadBullets","floor":0},{"not_picked":["DemoMod:TeaPot","DemoMod:HuntsMan"],"picked":"DemoMod:TableSutra","floor":0},{"not_picked":["DemoMod:SAA","DemoMod:FeignSurrender"],"picked":"DemoMod:MegaHand","floor":0},{"not_picked":["DemoMod:BoxingGlove","DemoMod:AC15"],"picked":"DemoMod:TableSutra","floor":0},{"not_picked":["DemoMod:PracticeMakesPerfect","DemoMod:Ejector"],"picked":"DemoMod:FastSwitch","floor":0},{"not_picked":["DemoMod:BattleInHaste","DemoMod:Ejector"],"picked":"DemoMod:TeaPot","floor":0},{"not_picked":["DemoMod:Unmoved","DemoMod:HardPowerCard"],"picked":"DemoMod:BattleInHaste","floor":0},{"not_picked":["DemoMod:FastSwitch","DemoMod:SniperShot"],"picked":"DemoMod:EasyReloadBullets","floor":0},{"not_picked":["DemoMod:BattleInHaste","DemoMod:ConditionalReflex"],"picked":"DemoMod:ShadowBullets","floor":0},{"not_picked":["DemoMod:ZorGun","DemoMod:DoubleSwitch"],"picked":"DemoMod:AbyssalTentacle","floor":2}],"player_experience":7560,"relics_obtained":[{"floor":1,"key":"Damocles"},{"floor":3,"key":"Old Coin"},{"floor":3,"key":"Peace Pipe"}],"event_choices":[],"is_beta":false,"boss_relics":[],"items_purged_floors":[4,4],"is_endless":true,"potions_floor_spawned":[1],"killed_by":"3 Sentries","ascension_level":1}}