{"host":"uwh382mre4waz4ff","time":1608262096,"event":{"mods":["AchievementEnabler","BaseMod","Better Note","Better Third Choice","BetterRewards","Downfall","Highlight Path","HololiveMod","Minty Spire (QoL Compilation)","Shop Mod","StSLib"],"gold_per_floor":[114,114,39,54,69,69,84,84,109,144,159,174,189,219,219,219,219],"floor_reached":16,"playtime":1496,"items_purged":["Decay"],"score":104,"play_id":"1f34cbbf-7d93-4b5e-847c-27cd66912371","local_time":"20201218112816","daily_mods":["downfall:Improvised","Uncertain Future","Night Terrors"],"is_ascension_mode":false,"campfire_choices":[{"data":"Eruption","floor":6,"key":"SMITH"},{"data":"sneckomod:UnknownUncommonPower","floor":8,"key":"SMITH"},{"data":"Perseverance","floor":15,"key":"SMITH"}],"circlet_count":0,"master_deck":["Strike_P","Strike_P","Strike_P+1","Strike_P","Defend_P","Defend_P","Defend_P","Defend_P","Eruption+1","Vigilance","sneckomod:UnknownCommonAttack","sneckomod:UnknownCommonAttack","sneckomod:UnknownCommonAttack+1","sneckomod:UnknownCommonSkill","sneckomod:UnknownCommonSkill","sneckomod:UnknownCommonSkill","sneckomod:UnknownUncommonAttack","sneckomod:UnknownUncommonSkill","sneckomod:UnknownUncommonPower+1","sneckomod:Unknown","Pray","Perseverance+1","WindmillStrike","Brilliance"],"relics":["PureWater","Whetstone","sneckomod:BlankCard","Gambling Chip"],"acts_visited":["Exordium"],"potions_floor_usage":[10,10,14,14],"damage_taken":[{"damage":0,"enemies":"Small Slimes","floor":1,"turns":2},{"damage":0,"enemies":"Cultist","floor":4,"turns":3},{"damage":0,"enemies":"2 Louse","floor":5,"turns":4},{"damage":2,"enemies":"Blue Slaver","floor":7,"turns":5},{"damage":13,"enemies":"3 Sentries","floor":10,"turns":4},{"damage":15,"enemies":"Exordium Thugs","floor":11,"turns":4},{"damage":0,"enemies":"Large Slime","floor":12,"turns":5},{"damage":2,"enemies":"Blue Slaver","floor":13,"turns":3},{"damage":26,"enemies":"Gremlin Nob","floor":14,"turns":3},{"damage":14,"enemies":"The Guardian","floor":16,"turns":2}],"seed_played":"4511563792049188764","potions_obtained":[{"floor":1,"key":"Fire Potion"},{"floor":4,"key":"Swift Potion"},{"floor":11,"key":"Fire Potion"},{"floor":13,"key":"hexamod:EctoCoolerPotion"}],"is_trial":false,"path_per_floor":["M","?","$","M","M","R","M","R","T","?","M","M","M","E","R","B"],"character_chosen":"WATCHER","items_purchased":[],"campfire_rested":0,"item_purchase_floors":[],"current_hp_per_floor":[72,72,72,72,72,72,70,70,70,57,42,42,40,14,14,0,0],"gold":219,"neow_bonus":"","is_daily":true,"chose_seed":false,"campfire_upgraded":3,"win_rate":0.0,"timestamp":1608262096,"path_taken":["M","?","$","M","?","R","M","R","T","?","M","M","M","E","R","BOSS"],"items_purchased_type":[],"build_version":"2020-12-13","purchased_purges":1,"victory":false,"max_hp_per_floor":[72,72,72,72,72,72,72,72,72,72,72,72,72,72,72,72,72],"card_choices":[{"not_picked":["ClearTheMind","Adaptation"],"picked":"Pray","floor":1},{"not_picked":["TalkToTheHand","Halt","FlurryOfBlows"],"picked":"SKIP","floor":4},{"not_picked":["ClearTheMind","Wallop"],"picked":"Perseverance","floor":5},{"not_picked":["CutThroughFate","ClearTheMind","Wireheading"],"picked":"SKIP","floor":7},{"not_picked":["Halt","EmptyBody","ClearTheMind"],"picked":"SKIP","floor":11},{"not_picked":["ThirdEye","FollowUp","PathToVictory"],"picked":"SKIP","floor":12},{"not_picked":["FlurryOfBlows","WaveOfTheHand"],"picked":"WindmillStrike","floor":13},{"not_picked":["Vault","EmptyMind"],"picked":"Brilliance","floor":14}],"player_experience":126823,"relics_obtained":[{"floor":9,"key":"Whetstone"},{"floor":14,"key":"Gambling Chip"}],"event_choices":[{"damage_healed":0,"gold_gain":0,"player_choice":"Cursed","damage_taken":0,"max_hp_gain":0,"max_hp_loss":0,"event_name":"Wheel of Change","floor":2,"gold_loss":0,"cards_obtained":["Decay"]},{"damage_healed":0,"gold_gain":0,"player_choice":"Searched \u00273\u0027 times","damage_taken":0,"relics_obtained":["sneckomod:BlankCard"],"max_hp_gain":0,"max_hp_loss":0,"event_name":"Dead Adventurer","floor":10,"gold_loss":0}],"is_beta":false,"boss_relics":[],"items_purged_floors":[3],"is_endless":false,"potions_floor_spawned":[1,4,11,13],"killed_by":"The Guardian","ascension_level":0}}