{"host":"5bdt6s51dmpd4l3v","time":1608279177,"event":{"mods":["AchievementEnabler","BaseMod","Colored Map","Colored Powertips","Highlight Path","Minty Spire (QoL Compilation)","Rare Cards Sparkle","StSLib"],"gold_per_floor":[363,333,193,206,14,14,14,14,14,48,48,48,0,0,0,0,0],"floor_reached":16,"playtime":291,"items_purged":[],"score":146,"play_id":"ffb895d6-30b8-4ea7-ae5f-e63f3910369b","local_time":"20201218161257","is_ascension_mode":true,"campfire_choices":[{"data":"Flex","floor":6,"key":"SMITH"},{"floor":15,"key":"REST"}],"circlet_count":0,"master_deck":["AscendersBane","Strike_R","Strike_R","Strike_R","Strike_R+1","Strike_R","Defend_R","Defend_R+1","Defend_R","Defend_R","Bash","Thunderclap","Flex+1","Enlightenment+1","Combust","Sword Boomerang"],"relics":["Burning Blood","Bag of Marbles","Eternal Feather","Smiling Mask","Anchor"],"acts_visited":["Exordium"],"potions_floor_usage":[10,10,16,16],"damage_taken":[{"damage":10,"enemies":"Small Slimes","floor":1,"turns":3},{"damage":1,"enemies":"Cultist","floor":4,"turns":3},{"damage":22,"enemies":"3 Sentries","floor":10,"turns":6},{"damage":54,"enemies":"The Guardian","floor":16,"turns":7}],"seed_played":"5505473316528291645","potions_obtained":[{"floor":2,"key":"Block Potion"},{"floor":2,"key":"Ancient Potion"},{"floor":4,"key":"ColorlessPotion"},{"floor":10,"key":"DuplicationPotion"}],"is_trial":false,"path_per_floor":["M","?","$","M","$","R","?","?","T","E","?","T","$","?","R","B"],"character_chosen":"IRONCLAD","items_purchased":["Flex","Enlightenment","Bag of Marbles","Combust","Strength Potion"],"campfire_rested":1,"item_purchase_floors":[3,3,5,5,13],"current_hp_per_floor":[47,47,47,52,52,52,36,36,36,20,20,20,20,20,53,0,0],"gold":0,"neow_bonus":"TWO_FIFTY_GOLD","is_daily":false,"chose_seed":false,"campfire_upgraded":1,"win_rate":0.0,"timestamp":1608279177,"path_taken":["M","?","$","?","$","R","?","?","T","E","?","?","$","?","R","BOSS"],"items_purchased_type":["Card","Card","Relic","Card","Potion"],"build_version":"2020-12-13","purchased_purges":0,"victory":false,"max_hp_per_floor":[80,80,80,80,80,80,80,80,80,80,80,80,80,80,80,80,80],"card_choices":[{"not_picked":["Clothesline","Heavy Blade"],"picked":"Thunderclap","floor":1},{"not_picked":["Clothesline","Blood for Blood","Anger"],"picked":"SKIP","floor":4},{"not_picked":["Headbutt","Brutality"],"picked":"Sword Boomerang","floor":10}],"player_experience":131017,"relics_obtained":[{"floor":9,"key":"Eternal Feather"},{"floor":10,"key":"Smiling Mask"},{"floor":12,"key":"Anchor"}],"event_choices":[{"damage_healed":0,"gold_gain":0,"player_choice":"Bought 2 Potions","damage_taken":0,"max_hp_gain":0,"max_hp_loss":0,"event_name":"The Woman in Blue","floor":2,"gold_loss":0},{"damage_healed":0,"gold_gain":0,"player_choice":"Entered Light","damage_taken":16,"max_hp_gain":0,"max_hp_loss":0,"event_name":"Shining Light","floor":7,"gold_loss":0,"cards_upgraded":["Strike_R","Defend_R"]},{"damage_healed":0,"gold_gain":0,"player_choice":"Ignored","damage_taken":0,"max_hp_gain":0,"max_hp_loss":0,"event_name":"Golden Wing","floor":8,"gold_loss":0},{"damage_healed":0,"gold_gain":0,"player_choice":"Fled","damage_taken":0,"max_hp_gain":0,"max_hp_loss":0,"event_name":"Scrap Ooze","floor":11,"gold_loss":0},{"damage_healed":0,"gold_gain":0,"player_choice":"Grow","damage_taken":0,"max_hp_gain":0,"max_hp_loss":0,"event_name":"Living Wall","floor":14,"gold_loss":0,"cards_upgraded":["Enlightenment"]}],"is_beta":false,"boss_relics":[],"items_purged_floors":[],"is_endless":false,"potions_floor_spawned":[4,10],"killed_by":"The Guardian","ascension_level":11}}