{"host":"m3qxensetu6036ua","time":1608312437,"event":{"mods":["2.2 Compatiblity","AchievementEnabler","BaseMod","Better Altar","Better Skull","Better Third Choice","Block Reminder","Colored Powertips","Displayed Cursed Tome","Downfall","Hubris","Minty Spire (QoL Compilation)","Rare Cards Sparkle","Remove Card Discount Mod","Replay The Spire","Spicy Shops","StSLib"],"gold_per_floor":[112,112,131,131,141,216,216,231,231,249,274,274,303,303,303,403,403,403],"floor_reached":17,"playtime":912,"items_purged":[],"score":165,"play_id":"12ca3ab0-daa6-4b9a-8d9f-3ab649a308f4","local_time":"20201218182717","is_ascension_mode":false,"campfire_choices":[{"floor":12,"key":"REST"},{"floor":15,"key":"DIG"}],"circlet_count":0,"master_deck":["Strike_B","Strike_B","Strike_B","Strike_B","Defend_B","Defend_B","Defend_B","Defend_B","Zap","Dualcast","Streamline","Coolheaded","BasicCrystalCard+1","Ball Lightning"],"relics":["Cracked Core","NeowsBlessing","Solar Panel","The Courier","hubris:SphereOfDissonance","CaptainsWheel","Boot","Prayer Wheel","Nuclear Battery"],"acts_visited":["Exordium","TheCity"],"potions_floor_usage":[13,16,16],"damage_taken":[{"damage":0,"enemies":"Jaw Worm","floor":1,"turns":1},{"damage":0,"enemies":"Small Slimes","floor":3,"turns":1},{"damage":0,"enemies":"2 Louse","floor":5,"turns":1},{"damage":7,"enemies":"2 Fungi Beasts","floor":8,"turns":3},{"damage":5,"enemies":"Blue Slaver","floor":10,"turns":3},{"damage":21,"enemies":"3 Sentries","floor":11,"turns":9},{"damage":4,"enemies":"Gremlin Nob","floor":13,"turns":3},{"damage":30,"enemies":"Hexaghost","floor":16,"turns":11}],"seed_played":"1743048502770104537","potions_obtained":[{"floor":3,"key":"BlessingOfTheForge"},{"floor":5,"key":"Dexterity Potion"},{"floor":10,"key":"Dexterity Potion"},{"floor":13,"key":"DuplicationPotion"}],"is_trial":false,"path_per_floor":["M","?","M","?","M","?","?","M","T","M","E","R","E","?","R","B",null],"character_chosen":"DEFECT","items_purchased":[],"campfire_rested":1,"item_purchase_floors":[],"current_hp_per_floor":[75,75,75,72,75,64,64,61,61,56,37,59,61,61,61,31,75,75],"gold":403,"neow_bonus":"THREE_ENEMY_KILL","is_daily":false,"chose_seed":false,"campfire_upgraded":0,"win_rate":0.0,"timestamp":1608312437,"path_taken":["M","?","M","?","M","?","?","?","T","M","E","R","E","?","R","BOSS"],"items_purchased_type":[],"build_version":"2020-12-13","purchased_purges":0,"victory":false,"max_hp_per_floor":[75,75,75,75,75,75,75,75,75,75,75,75,75,75,75,75,75,75],"card_choices":[{"not_picked":["Sweeping Beam","Rebound"],"picked":"Streamline","floor":1},{"not_picked":["Blizzard","Sweeping Beam"],"picked":"Coolheaded","floor":3},{"not_picked":["Doom and Gloom","Steam"],"picked":"BasicCrystalCard","floor":5},{"not_picked":["Reinforced Body","Streamline","hubris:Prefetch"],"picked":"SKIP","floor":8},{"not_picked":["Beam Cell","Streamline"],"picked":"Ball Lightning","floor":10},{"not_picked":["ReplayTheSpireMod:System Scan","Stack","Turbo"],"picked":"SKIP","floor":11},{"not_picked":["Seek","Aggregate"],"picked":"ReplayTheSpireMod:Fabricate Wheel","floor":13}],"player_experience":130508,"relics_obtained":[{"floor":9,"key":"The Courier"},{"floor":11,"key":"hubris:SphereOfDissonance"},{"floor":13,"key":"CaptainsWheel"},{"floor":15,"key":"Boot"}],"event_choices":[{"damage_healed":0,"gold_gain":0,"player_choice":"Leave","damage_taken":0,"max_hp_gain":0,"max_hp_loss":0,"event_name":"The Cleric","floor":2,"gold_loss":0},{"damage_healed":0,"gold_gain":0,"player_choice":"Relic ","damage_taken":3,"max_hp_gain":0,"max_hp_loss":0,"event_name":"betterThird:BetterScrap","floor":4,"gold_loss":0,"cards_obtained":["Atom Bomb"]},{"damage_healed":0,"gold_gain":75,"player_choice":"Gold","damage_taken":11,"max_hp_gain":0,"max_hp_loss":0,"event_name":"betterThird:BetterGoop","floor":6,"gold_loss":0},{"damage_healed":0,"gold_gain":0,"player_choice":"Grow","damage_taken":0,"max_hp_gain":0,"max_hp_loss":0,"event_name":"Living Wall","floor":7,"gold_loss":0,"cards_upgraded":["BasicCrystalCard"]}],"is_beta":false,"boss_relics":[{"not_picked":["hubris:Stopwatch","Ectoplasm"],"picked":"Nuclear Battery"}],"items_purged_floors":[],"is_endless":false,"potions_floor_spawned":[3,5,10,13],"ascension_level":0}}