{"host":"su73a2bh8339ktv3","time":1608289941,"event":{"mods":["AchievementEnabler","Aspiration","Bard","BaseMod","Beaked The Cultist","Better Altar","Better Match","Better Note","Better Sensory Stone","Better Skull","Better Third Choice","BetterRewards","CCEM","Clawfect","Colored Map","Conspire","Downfall","GifTheSpireLib","Googly Eyes","Halation","Hermit","Highlight Path","Hubris","Hunter ??","Infinite Spire","Jedi Mod","Jorbs\u0027s Wanderer Trilogy","Mad Scientist","Marisa????????","Mimic Mod","Minty Spire (QoL Compilation)","Permanent Neow","Replay The Spire","Shade Mod","Shop Mod","Spicy Shops","StSLib","Stuff the Spire","The Administrix","The Blackbeard","The Bug Knight","The Construct","The Cursed","The Disciple","The Gatherer","The Hierophant","The Jungle","The Mystic","The Necromancer","The Problem Sleuth","The Runesmith","The Servant 0.9.4","The Spell Scribe","The Witch","Unceasing Turn Reminder","[IsaacMod]????","everything is the same but u backflip on backflip","slay the spire mod where everything is the same but ironclad has a cowboy hat"],"gold_per_floor":[99,111,111,142,142,142,213,213,226,351,366,266,266,15,35,35,35],"floor_reached":16,"playtime":928,"items_purged":[],"score":108,"play_id":"0781d62b-e082-4db2-861d-f0e38eb54abd","local_time":"20201218221221","is_ascension_mode":false,"campfire_choices":[{"floor":1,"key":"RECALL"},{"data":"hexamod:HeatCrush","floor":3,"key":"SMITH"},{"data":"hexamod:Float","floor":8,"key":"SMITH"}],"circlet_count":0,"master_deck":["hexamod:Strike","hexamod:Strike","hexamod:Strike","hexamod:Defend","hexamod:Defend","hexamod:Defend","hexamod:Defend","hexamod:Sear","hexamod:Float+1","expansioncontent:GuardianWhirl","hexamod:HeatCrush+1","hexamod:ShieldOfDarkness","Amnesia","hexamod:HauntingEcho","hexamod:EmpoweringStance","hexamod:Hexaguard","Ghostly","hexamod:GiftsFromTheDead","hexamod:HexaLevel","hexamod:AdvancingGuard","hexamod:GhostShield","hexamod:NecessarySacrifice"],"relics":["hexamod:SpiritBrand","HushsDoor","SteamSale","Calipers","hubris:Icosahedron","Darkstone Periapt","hubris:MysteriousPyramids"],"acts_visited":["Exordium"],"potions_floor_usage":[10,10,11,11,11,16,16,16,16],"damage_taken":[{"damage":6,"enemies":"conspire:RoseBush","floor":2,"turns":3},{"damage":32,"enemies":"3 Sentries","floor":4,"turns":8},{"damage":4,"enemies":"Jaw Worm","floor":9,"turns":5},{"damage":49,"enemies":"Lagavulin","floor":10,"turns":10},{"damage":0,"enemies":"2 Louse","floor":11,"turns":1},{"damage":0,"enemies":"downfall:FleeingMerchant","floor":14,"turns":4},{"damage":4,"enemies":"Exordium Thugs","floor":15,"turns":6},{"damage":18,"enemies":"downfall:Watcher","floor":16,"turns":7}],"seed_played":"-2645596619801240886","potions_obtained":[{"floor":4,"key":"EntropicBrew"},{"floor":10,"key":"Weak Potion"},{"floor":15,"key":"SpeedPotion"}],"is_trial":false,"path_per_floor":["R","M","R","E","?","?","T","R","M","E","M","?","?","$","M","B"],"character_chosen":"THE_SPIRIT","items_purchased":["DuplicationPotion","DuplicationPotion","hexamod:AdvancingGuard","hexamod:GhostShield"],"campfire_rested":0,"item_purchase_floors":[14,14,14,14],"current_hp_per_floor":[70,64,64,32,70,70,70,70,66,17,17,17,17,17,13,0,0],"gold":35,"neow_bonus":"RANDOM_COLORLESS","is_daily":false,"chose_seed":false,"campfire_upgraded":2,"win_rate":0.0,"timestamp":1608289941,"path_taken":["R","M","R","E","?","?","T","R","M","E","?","?","?","?","M","BOSS"],"items_purchased_type":["Potion","Potion","Card","Card"],"build_version":"2020-12-13","purchased_purges":0,"victory":false,"max_hp_per_floor":[70,70,70,70,70,70,70,70,70,70,70,70,70,70,70,70,70],"card_choices":[{"not_picked":["Trip","Panacea"],"picked":"expansioncontent:GuardianWhirl","floor":0},{"not_picked":["hexamod:InspiringFlames","hexamod:RainOfEmbers"],"picked":"hexamod:HeatCrush","floor":2},{"not_picked":["hexamod:BurningTouch","hexamod:HauntingEcho"],"picked":"hexamod:ShieldOfDarkness","floor":4},{"not_picked":["hexamod:NightmareStrike","hexamod:FastForward"],"picked":"hexamod:HauntingEcho","floor":9},{"not_picked":["hexamod:VolcanoVisage","hexamod:AdvancingGuard"],"picked":"hexamod:EmpoweringStance","floor":10},{"not_picked":["hexamod:SecondSeal","hexamod:HauntingEcho"],"picked":"hexamod:Hexaguard","floor":11},{"not_picked":["hexamod:BacktrackSmack","hexamod:NightmareStrike"],"picked":"hexamod:HexaLevel","floor":14},{"not_picked":["hexamod:StepThrough","hexamod:FastForward"],"picked":"hexamod:NecessarySacrifice","floor":15}],"player_experience":104936,"relics_obtained":[{"floor":4,"key":"Calipers"},{"floor":7,"key":"Darkstone Periapt"},{"floor":10,"key":"hubris:MysteriousPyramids"}],"event_choices":[{"damage_healed":0,"gold_gain":0,"player_choice":"Argue","damage_taken":0,"max_hp_gain":0,"max_hp_loss":0,"event_name":"conspire:LoneGhost","floor":12,"gold_loss":0},{"damage_healed":0,"gold_gain":0,"cards_transformed":["hexamod:Strike"],"player_choice":"Transformed","damage_taken":0,"max_hp_gain":0,"max_hp_loss":0,"event_name":"Transmorgrifier","floor":13,"gold_loss":0,"cards_obtained":["hexamod:GiftsFromTheDead"]}],"is_beta":false,"boss_relics":[],"items_purged_floors":[],"is_endless":false,"potions_floor_spawned":[4,10,15],"killed_by":"downfall:Watcher","ascension_level":0}}