{"host":"ci7ivtocgfxh0ueo","time":1608279154,"event":{"mods":["BaseMod","GifTheSpireLib","Minty Spire (QoL Compilation)","StSLib"],"gold_per_floor":[115,32,45,45,45,45,70,30,30,41,41,116,116,131,131,131,131],"floor_reached":16,"playtime":343,"items_purged":[],"score":228,"play_id":"f422b891-aeca-4e87-ab9c-ef32c137864a","local_time":"20201218161234","is_ascension_mode":true,"campfire_choices":[{"data":"Neutralize","floor":6,"key":"SMITH"},{"data":"Tactician","floor":11,"key":"SMITH"},{"data":"Leg Sweep","floor":15,"key":"SMITH"}],"circlet_count":0,"master_deck":["AscendersBane","Strike_G","Strike_G","Strike_G","Strike_G","Strike_G","Defend_G","Defend_G","Defend_G","Defend_G","Defend_G","Survivor+1","Neutralize+1","Dagger Spray","Tactician+1","Leg Sweep+1","Well Laid Plans","Heel Hook","Burst"],"relics":["Ring of the Snake","NeowsBlessing","Mummified Hand","Peace Pipe"],"acts_visited":["Exordium"],"potions_floor_usage":[14,14],"damage_taken":[{"damage":0,"enemies":"Cultist","floor":1,"turns":1},{"damage":0,"enemies":"2 Louse","floor":3,"turns":1},{"damage":0,"enemies":"Gremlin Nob","floor":7,"turns":1},{"damage":0,"enemies":"Small Slimes","floor":10,"turns":5},{"damage":17,"enemies":"Gremlin Gang","floor":14,"turns":4},{"damage":31,"enemies":"Hexaghost","floor":16,"turns":14}],"seed_played":"-4950557280986849714","potions_obtained":[{"floor":3,"key":"LiquidMemories"},{"floor":10,"key":"CunningPotion"},{"floor":14,"key":"Ancient Potion"}],"is_trial":false,"path_per_floor":["M","$","M","$","?","R","E","$","T","M","R","?","?","M","R","B"],"character_chosen":"THE_SILENT","items_purchased":["Tactician","Well Laid Plans"],"campfire_rested":0,"item_purchase_floors":[2,8],"current_hp_per_floor":[59,59,59,59,59,59,59,59,59,59,59,48,48,31,31,0,0],"gold":131,"neow_bonus":"THREE_ENEMY_KILL","is_daily":false,"chose_seed":false,"campfire_upgraded":3,"win_rate":0.0,"timestamp":1608279154,"path_taken":["M","$","M","$","?","R","E","$","T","M","R","?","?","M","R","BOSS"],"items_purchased_type":["Card","Card"],"build_version":"2020-12-13","purchased_purges":0,"victory":false,"max_hp_per_floor":[66,66,66,66,66,66,66,66,66,66,66,66,66,66,66,66,66],"card_choices":[{"not_picked":["Acrobatics","Blade Dance"],"picked":"Dagger Spray","floor":1},{"not_picked":["Deadly Poison","Infinite Blades","Flechettes"],"picked":"SKIP","floor":3},{"not_picked":["Prepared","Backstab"],"picked":"Leg Sweep","floor":7},{"not_picked":["Masterful Stab","Backflip"],"picked":"Heel Hook","floor":10},{"not_picked":["Backflip","Masterful Stab"],"picked":"Burst","floor":14}],"player_experience":1271326,"relics_obtained":[{"floor":7,"key":"Mummified Hand"},{"floor":9,"key":"Peace Pipe"}],"event_choices":[{"damage_healed":0,"gold_gain":0,"player_choice":"Leave","damage_taken":0,"max_hp_gain":0,"max_hp_loss":0,"event_name":"The Cleric","floor":5,"gold_loss":0},{"damage_healed":0,"gold_gain":75,"player_choice":"Gather Gold","damage_taken":11,"max_hp_gain":0,"max_hp_loss":0,"event_name":"World of Goop","floor":12,"gold_loss":0},{"damage_healed":0,"gold_gain":0,"player_choice":"Grow","damage_taken":0,"max_hp_gain":0,"max_hp_loss":0,"event_name":"Living Wall","floor":13,"gold_loss":0,"cards_upgraded":["Survivor"]}],"is_beta":false,"boss_relics":[],"items_purged_floors":[],"is_endless":false,"potions_floor_spawned":[3,10,14],"killed_by":"Hexaghost","ascension_level":17}}