{"host":"ds3v42j7tpaaz1mg","time":1608275987,"event":{"mods":["AchievementEnabler","Aspiration","BaseMod","Bestiary","Better Altar","Better Note","Better Sensory Stone","BetterRewards","Block Reminder","Colored Powertips","Conspire","Downfall","Energized Spire","Halation","Hermit","Highlight Path","Hubris","Infinite Spire","Jorbs\u0027s Wanderer Trilogy","Minty Spire (QoL Compilation)","Relic Stats","Replay The Spire","StSLib","The Elementalist","The Servant 0.9.4","vexMod"],"gold_per_floor":[109,109,119,194,213,213,241,241,241,252,252,282,282,282,282,378,378,388,406,456,466,466,466,483,483,483],"floor_reached":25,"playtime":1182,"items_purged":[],"score":253,"play_id":"5087ebf7-0c0c-41f8-94e2-d9d535e27757","local_time":"20201218021947","is_ascension_mode":true,"campfire_choices":[{"data":"Replay:Bag of Tricks","floor":6,"key":"SMITH"},{"floor":8,"key":"REST"},{"floor":13,"key":"REST"},{"floor":15,"key":"REST"},{"floor":23,"key":"REST"}],"circlet_count":0,"master_deck":["Strike_G","Strike_G","Strike_G","Strike_G","Strike_G","Defend_G","Defend_G","Defend_G","Defend_G","Defend_G","Survivor","Neutralize","Bane","Looming Evil","Replay:Bag of Tricks+1","Noxious Fumes","Tools of the Trade","ReplayTheSpireMod:Speed Training","ReplayTheSpireMod:Trickstab","Envenom","hubris:EnhanceAbility","conspire:Banana","expansioncontent:PrepareCrush","PiercingWail","PiercingWail"],"relics":["Ring of the Snake","Replay:Mystery Machine","ReplayTheSpireMod:Ring of Exchange","Ring of Hypnosis","Centennial Puzzle","Happy Flower","halation:PinkSoulGem","vexMod:Dragonfruit","ReplayTheSpireMod:ShopPack","Blood Vial"],"acts_visited":["Exordium","TheCity"],"potions_floor_usage":[12,12,21,24,13024,24,25],"damage_taken":[{"damage":1,"enemies":"Jaw Worm","floor":1,"turns":4},{"damage":11,"enemies":"Cultist","floor":3,"turns":5},{"damage":0,"enemies":"2 Louse","floor":5,"turns":3},{"damage":27,"enemies":"Lagavulin","floor":7,"turns":7},{"damage":6,"enemies":"Red Slaver","floor":10,"turns":3},{"damage":20,"enemies":"3 Sentries","floor":12,"turns":5},{"damage":16,"enemies":"Fading Forest","floor":16,"turns":11},{"damage":19,"enemies":"3 Byrds","floor":18,"turns":4},{"damage":3,"enemies":"Chosen","floor":19,"turns":5},{"damage":15,"enemies":"Centurion and Healer","floor":21,"turns":6},{"damage":8,"enemies":"Shelled Parasite and Fungi","floor":24,"turns":3},{"damage":52,"enemies":"conspire:SneckoGhost","floor":25,"turns":7}],"seed_played":"-4735142634895406789","potions_obtained":[{"floor":7,"key":"SkillPotion"},{"floor":10,"key":"champ:CounterPotion"},{"floor":12,"key":"Elixir"},{"floor":18,"key":"champ:CounterPotion"},{"floor":19,"key":"Energy Potion"}],"is_trial":false,"path_per_floor":["M","?","M","?","M","R","E","R","T","M","?","E","R","?","R","B",null,"M","M","?","M","?","R","M","E"],"character_chosen":"THE_SILENT","items_purchased":[],"campfire_rested":4,"item_purchase_floors":[],"current_hp_per_floor":[69,69,58,51,51,51,24,45,45,39,39,24,46,46,68,70,75,57,55,55,41,2,25,36,0,0],"gold":483,"neow_bonus":"RANDOM_COMMON_RELIC","is_daily":false,"chose_seed":false,"campfire_upgraded":1,"win_rate":0.0,"timestamp":1608275987,"path_taken":["M","?","M","?","?","R","E","R","T","M","?","E","R","?","R","BOSS","M","M","?","M","?","R","M","E"],"items_purchased_type":[],"build_version":"2020-12-13","purchased_purges":0,"victory":false,"max_hp_per_floor":[70,70,70,70,70,70,70,70,70,70,70,75,75,75,75,75,75,76,77,77,78,78,78,79,80,80],"relic_stats":{"Blood Vial":4,"Centennial Puzzle":[24],"Happy Flower":[14],"counters":[12,63],"obtain_stats":[{"vexMod:Dragonfruit":12,"Blood Vial":22,"ReplayTheSpireMod:Ring of Exchange":2,"Centennial Puzzle":7,"Ring of Hypnosis":2,"Happy Flower":9,"Replay:Mystery Machine":0,"halation:PinkSoulGem":11,"Ring of the Snake":0,"ReplayTheSpireMod:ShopPack":17},{"vexMod:Dragonfruit":6,"Blood Vial":10,"ReplayTheSpireMod:Ring of Exchange":1,"Centennial Puzzle":4,"Ring of Hypnosis":1,"Happy Flower":4,"Replay:Mystery Machine":0,"halation:PinkSoulGem":5,"Ring of the Snake":0,"ReplayTheSpireMod:ShopPack":7},{"vexMod:Dragonfruit":27,"Blood Vial":53,"ReplayTheSpireMod:Ring of Exchange":4,"Centennial Puzzle":19,"Ring of Hypnosis":4,"Happy Flower":19,"Replay:Mystery Machine":0,"halation:PinkSoulGem":22,"Ring of the Snake":0,"ReplayTheSpireMod:ShopPack":38}],"Ring of the Snake":[24]},"card_choices":[{"not_picked":["Acrobatics","Masterful Stab"],"picked":"Bane","floor":1},{"not_picked":["Backstab","Sucker Punch"],"picked":"Replay:Bag of Tricks","floor":3},{"not_picked":["Slice","hubris:SlightOfHand"],"picked":"Noxious Fumes","floor":5},{"not_picked":["hubris:SlightOfHand","Envenom"],"picked":"Tools of the Trade","floor":7},{"not_picked":["Hidden Blade","Flying Knee","Underhanded Strike"],"picked":"SKIP","floor":10},{"not_picked":["Prepared","Sucker Punch"],"picked":"ReplayTheSpireMod:Speed Training","floor":12},{"not_picked":["Night Terror","Poison Darts"],"picked":"Envenom","floor":16},{"not_picked":["expansioncontent:DashGenerateEvil","Magnetism"],"picked":"hubris:EnhanceAbility","floor":17},{"not_picked":["Enlightenment","Metamorphosis"],"picked":"conspire:Banana","floor":17},{"not_picked":["expansioncontent:HyperBeam","expansioncontent:DefensiveStance"],"picked":"expansioncontent:PrepareCrush","floor":17},{"not_picked":["Infinite Blades","Prepared+1"],"picked":"PiercingWail","floor":18},{"not_picked":["Sucker Punch","Dagger Spray","infinitespire:Neurotoxin"],"picked":"SKIP","floor":19},{"not_picked":["Well Laid Plans","Infinite Blades","Endless Agony"],"picked":"SKIP","floor":21},{"not_picked":["Quick Slash","ReplayTheSpireMod:Speed Training"],"picked":"PiercingWail","floor":24}],"player_experience":548457,"relics_obtained":[{"floor":2,"key":"ReplayTheSpireMod:Ring of Exchange"},{"floor":2,"key":"Ring of Hypnosis"},{"floor":7,"key":"Centennial Puzzle"},{"floor":9,"key":"Happy Flower"},{"floor":12,"key":"vexMod:Dragonfruit"}],"event_choices":[{"damage_healed":0,"gold_gain":75,"player_choice":"Touch","damage_taken":7,"max_hp_gain":0,"max_hp_loss":0,"event_name":"FaceTrader","floor":4,"gold_loss":0},{"damage_healed":0,"gold_gain":0,"player_choice":"1 cards matched","damage_taken":0,"max_hp_gain":0,"max_hp_loss":0,"event_name":"Match and Keep!","floor":14,"gold_loss":0,"cards_obtained":["ReplayTheSpireMod:Trickstab"]},{"damage_healed":0,"gold_gain":0,"player_choice":" Potion Vial ","damage_taken":39,"relics_obtained":["Blood Vial"],"max_hp_gain":41,"max_hp_loss":2,"event_name":"betterAltar:BetterAltar","floor":22,"potions_obtained":["betterAltar:AltarPotion"],"relics_lost":[],"gold_loss":0}],"is_beta":false,"boss_relics":[{"not_picked":["energizedSpire:NeverEndingSparkler","Tiny House"],"picked":"ReplayTheSpireMod:ShopPack"}],"items_purged_floors":[],"is_endless":false,"potions_floor_spawned":[7,10,12,18,19],"killed_by":"conspire:SneckoGhost","ascension_level":4}}