{"host":"8yg5xi2a6w9qkgsw","time":1608332451,"event":{"mods":["AchievementEnabler","BaseMod","Block Reminder","Colored Powertips","Minty Spire (QoL Compilation)","MonsterHotkey","Random Character Button","Relic Stats"],"gold_per_floor":[110,127,141,153,172,172,213,213,283,350,350,372,1,11,11,116,143,163,192,107,124,146,181,201,201,201,201,235,235,263,263,263,371,371,399,415,430,430,430,430],"floor_reached":39,"playtime":5462,"items_purged":["Strike_P"],"score":872,"play_id":"e93f5d20-9a34-4d6c-a342-01d44d1cccf3","local_time":"20201219000051","is_ascension_mode":true,"campfire_choices":[{"data":"Eruption","floor":6.0,"key":"SMITH"},{"data":"Wallop","floor":8.0,"key":"SMITH"},{"data":"Meditate","floor":11.0,"key":"SMITH"},{"data":"Tantrum","floor":15.0,"key":"SMITH"},{"data":"Wireheading","floor":25.0,"key":"SMITH"},{"data":"Nirvana","floor":27.0,"key":"SMITH"},{"data":"Collect","floor":29.0,"key":"SMITH"},{"data":"DeusExMachina","floor":32.0,"key":"SMITH"}],"circlet_count":0,"master_deck":["AscendersBane","Strike_P+1","Defend_P","Defend_P","Defend_P","Eruption+1","Vigilance","Meditate+1","DeusExMachina+1","Consecrate+1","Wireheading+1","EmptyFist","Wallop+1","Collect+1","Tantrum+1","Establishment","Ragnarok+1","InnerPeace+1","ThirdEye+1","Nirvana+1","FlurryOfBlows","WaveOfTheHand+1","LessonLearned","Nirvana"],"relics":["Runic Pyramid","CeramicFish","HornCleat","Du-Vu Doll","Pen Nib","Blood Vial","Astrolabe","Dream Catcher","Bag of Marbles","Ancient Tea Set","Vajra","Omamori","Busted Crown"],"acts_visited":["Exordium","TheCity","TheBeyond"],"potions_floor_usage":[33,39],"damage_taken":[{"damage":0.0,"enemies":"Cultist","floor":1.0,"turns":2.0},{"damage":1.0,"enemies":"2 Louse","floor":2.0,"turns":3.0},{"damage":0.0,"enemies":"Jaw Worm","floor":3.0,"turns":3.0},{"damage":0.0,"enemies":"Red Slaver","floor":4.0,"turns":4.0},{"damage":11.0,"enemies":"Exordium Wildlife","floor":5.0,"turns":4.0},{"damage":9.0,"enemies":"3 Sentries","floor":7.0,"turns":3.0},{"damage":0.0,"enemies":"Gremlin Nob","floor":10.0,"turns":3.0},{"damage":11.0,"enemies":"Looter","floor":12.0,"turns":2.0},{"damage":1.0,"enemies":"Red Slaver","floor":14.0,"turns":2.0},{"damage":0.0,"enemies":"Hexaghost","floor":16.0,"turns":5.0},{"damage":7.0,"enemies":"Shell Parasite","floor":18.0,"turns":3.0},{"damage":0.0,"enemies":"Spheric Guardian","floor":19.0,"turns":1.0},{"damage":0.0,"enemies":"Chosen and Byrds","floor":21.0,"turns":4.0},{"damage":0.0,"enemies":"3 Cultists","floor":22.0,"turns":5.0},{"damage":0.0,"enemies":"Slavers","floor":23.0,"turns":1.0},{"damage":0.0,"enemies":"Snecko","floor":24.0,"turns":2.0},{"damage":5.0,"enemies":"Gremlin Leader","floor":28.0,"turns":5.0},{"damage":0.0,"enemies":"Slavers","floor":30.0,"turns":2.0},{"damage":12,"enemies":"Collector","floor":33,"turns":8},{"damage":23,"enemies":"3 Darklings","floor":35,"turns":5},{"damage":0,"enemies":"3 Shapes","floor":36,"turns":4},{"damage":2,"enemies":"Writhing Mass","floor":37,"turns":4},{"damage":56,"enemies":"Spire Growth","floor":39,"turns":4}],"seed_played":"6099146213383450830","potions_obtained":[{"floor":4.0,"key":"BlessingOfTheForge"},{"floor":5.0,"key":"BlessingOfTheForge"},{"floor":7.0,"key":"SteroidPotion"},{"floor":14.0,"key":"Weak Potion"},{"floor":23.0,"key":"CultistPotion"},{"floor":33,"key":"Strength Potion"},{"floor":35,"key":"EssenceOfSteel"}],"is_trial":false,"path_per_floor":["M","M","M","M","M","R","E","R","T","?","R","M","$","M","R","B",null,"M","M","?","M","M","E","M","R","T","R","E","R","E","?","R","B",null,"M","M","M","?","M"],"character_chosen":"WATCHER","items_purchased":["Pen Nib","Blood Vial"],"campfire_rested":0,"item_purchase_floors":[13,13],"current_hp_per_floor":[65,64,64,64,53,53,44,44,44,44,44,33,33,34,34,36,63,58,60,60,62,64,66,68,68,68,68,65,65,67,54,54,44,69,48,50,50,50,0,0],"gold":430,"neow_bonus":"BOSS_RELIC","is_daily":false,"chose_seed":false,"campfire_upgraded":8,"win_rate":0.0,"timestamp":1608332451,"path_taken":["M","M","M","?","M","R","E","R","T","?","R","M","$","M","R","BOSS","M","M","?","M","M","E","M","R","T","R","E","R","E","?","R","BOSS","M","M","M","?","M"],"items_purchased_type":["Relic","Relic"],"build_version":"2020-12-13","purchased_purges":1,"victory":false,"max_hp_per_floor":[72,72,72,72,72,72,72,72,72,72,72,72,72,72,72,72,72,72,72,72,72,72,72,72,72,72,72,72,72,72,77,77,77,77,77,77,77,77,77,77],"relic_stats":{"Blood Vial":30,"Dream Catcher":0,"Busted Crown":6,"counters":[23,79],"CeramicFish":108,"Astrolabe":["Ragnarok","InnerPeace","ThirdEye"],"Pen Nib":[12],"obtain_stats":[{"CeramicFish":7,"Astrolabe":17,"Vajra":28,"Pen Nib":13,"Omamori":30,"Ancient Tea Set":26,"Du-Vu Doll":10,"Blood Vial":13,"Dream Catcher":20,"HornCleat":9,"Busted Crown":34,"Bag of Marbles":23,"PureWater":0,"Runic Pyramid":0},{"CeramicFish":6,"Astrolabe":10,"Vajra":17,"Pen Nib":8,"Omamori":18,"Ancient Tea Set":16,"Du-Vu Doll":7,"Blood Vial":8,"Dream Catcher":12,"HornCleat":6,"Busted Crown":19,"Bag of Marbles":15,"PureWater":0,"Runic Pyramid":0},{"CeramicFish":19,"Astrolabe":31,"Vajra":52,"Pen Nib":24,"Omamori":54,"Ancient Tea Set":47,"Du-Vu Doll":22,"Blood Vial":24,"Dream Catcher":35,"HornCleat":19,"Busted Crown":62,"Bag of Marbles":45,"PureWater":0,"Runic Pyramid":0}]},"card_choices":[{"not_picked":["CrushJoints","Crescendo"],"picked":"Meditate","floor":1.0},{"not_picked":["ClearTheMind","CrushJoints"],"picked":"DeusExMachina","floor":2.0},{"not_picked":["Halt","Crescendo"],"picked":"Consecrate","floor":3.0},{"not_picked":["Perseverance","SandsOfTime"],"picked":"Wireheading","floor":4.0},{"not_picked":["EmptyBody","Wireheading"],"picked":"EmptyFist","floor":5.0},{"not_picked":["CutThroughFate","Protect"],"picked":"Wallop","floor":7.0},{"not_picked":["Sanctity","SignatureMove"],"picked":"Collect","floor":10.0},{"not_picked":["WaveOfTheHand","ThirdEye"],"picked":"Tantrum","floor":12.0},{"not_picked":["Study","Prostrate","PathToVictory"],"picked":"SKIP","floor":14.0},{"not_picked":["Blasphemy","DevaForm"],"picked":"Establishment","floor":16.0},{"not_picked":["Consecrate","SignatureMove","SandsOfTime"],"picked":"SKIP","floor":18.0},{"not_picked":["Wireheading","Consecrate"],"picked":"Nirvana","floor":19.0},{"not_picked":["FollowUp","Fasting2","EmptyFist"],"picked":"SKIP","floor":21.0},{"not_picked":["PathToVictory","Evaluate"],"picked":"FlurryOfBlows","floor":22.0},{"not_picked":["PathToVictory","Sanctity","BowlingBash"],"picked":"SKIP","floor":23.0},{"not_picked":["PathToVictory","JustLucky"],"picked":"WaveOfTheHand+1","floor":24.0},{"not_picked":["WindmillStrike","CarveReality+1","Collect"],"picked":"SKIP","floor":28.0},{"not_picked":["FlyingSleeves","SandsOfTime","Establishment"],"picked":"SKIP","floor":30.0},{"not_picked":["DevaForm","Devotion"],"picked":"LessonLearned","floor":33},{"not_picked":[],"picked":"Nirvana","floor":35},{"not_picked":["Prostrate+1"],"picked":"SKIP","floor":36},{"not_picked":["EmptyFist"],"picked":"SKIP","floor":37}],"player_experience":1418905,"relics_obtained":[{"floor":7.0,"key":"CeramicFish"},{"floor":9.0,"key":"HornCleat"},{"floor":10.0,"key":"Du-Vu Doll"},{"floor":23.0,"key":"Bag of Marbles"},{"floor":26.0,"key":"Ancient Tea Set"},{"floor":28.0,"key":"Vajra"},{"floor":30.0,"key":"Omamori"}],"event_choices":[{"damage_healed":0.0,"max_hp_gain":0.0,"max_hp_loss":0.0,"gold_gain":0.0,"event_name":"Dead Adventurer","player_choice":"Searched \u00272\u0027 times","floor":10.0,"gold_loss":0.0,"damage_taken":0.0},{"damage_healed":0.0,"max_hp_gain":0.0,"max_hp_loss":0.0,"gold_gain":0.0,"event_name":"Addict","player_choice":"Obtained Relic","floor":20.0,"gold_loss":85.0,"damage_taken":0.0,"relics_obtained":["Dream Catcher"]},{"damage_healed":0.0,"max_hp_gain":5.0,"max_hp_loss":0.0,"gold_gain":0.0,"event_name":"Forgotten Altar","player_choice":"Shed Blood","floor":31.0,"gold_loss":0.0,"damage_taken":18.0},{"damage_healed":0,"gold_gain":0,"player_choice":"Ignored","damage_taken":0,"max_hp_gain":0,"max_hp_loss":0,"event_name":"SecretPortal","floor":38,"gold_loss":0}],"is_beta":false,"boss_relics":[{"not_picked":["Snecko Eye","SlaversCollar"],"picked":"Astrolabe"},{"not_picked":["Coffee Dripper","Tiny House"],"picked":"Busted Crown"}],"items_purged_floors":[13],"is_endless":false,"potions_floor_spawned":[4,5,7,14,22,23,28,33,35,36],"killed_by":"Spire Growth","ascension_level":12}}