{"host":"n529wyrjhujcvty3","time":1608283852,"event":{"mods":["2.2 Compatiblity","Act Like it!","BaseMod","Better Third Choice","Lobotomy","Marisa¡]Ãú«B¡@Å]²z¨F¡^","Minty Spire (QoL Compilation)","Shop Mod","StSLib","Td1madao Mod","The Runesmith"],"gold_per_floor":[118,118,138,213,226,226,6,6,6,16,16,35,53,96,96,209,209,236,251,151,172,172,172],"floor_reached":22,"playtime":1821,"items_purged":["Defend_G","Strike_G"],"score":256,"play_id":"d38e0598-3b5d-426d-8858-2e953f6684dd","local_time":"20201218173052","is_ascension_mode":true,"campfire_choices":[{"data":"Neutralize","floor":6.0,"key":"SMITH"},{"data":"Grand Finale","floor":8.0,"key":"SMITH"},{"data":"Grand Finale","floor":11.0,"key":"SMITH"},{"data":"Prepared","floor":15.0,"key":"SMITH"}],"circlet_count":0,"master_deck":["Strike_G","Strike_G","Strike_G","Defend_G","Defend_G","Defend_G","Defend_G","Survivor","Neutralize+1","Grand Finale+1","Heel Hook","Grand Finale+1","Dagger Throw","Backflip","Escape Plan","Prepared+1","Grand Finale","Well Laid Plans+1","Calculated Gamble"],"relics":["Ring of the Snake","Mummified Hand","CeramicFish","HoveringKite"],"acts_visited":["Exordium","TheCity"],"potions_floor_usage":[16],"damage_taken":[{"damage":0.0,"enemies":"2 Louse","floor":1.0,"turns":3.0},{"damage":8.0,"enemies":"Jaw Worm","floor":3.0,"turns":7.0},{"damage":6.0,"enemies":"Cultist","floor":5.0,"turns":5.0},{"damage":0.0,"enemies":"Looter","floor":10.0,"turns":2.0},{"damage":0.0,"enemies":"Exordium Thugs","floor":12.0,"turns":2.0},{"damage":0.0,"enemies":"Blue Slaver","floor":13.0,"turns":2.0},{"damage":0.0,"enemies":"Gremlin Nob","floor":14.0,"turns":2.0},{"damage":11,"enemies":"Hexaghost","floor":16,"turns":9},{"damage":0,"enemies":"3 Byrds","floor":18,"turns":2},{"damage":14,"enemies":"Spheric Guardian","floor":19,"turns":4},{"damage":16,"enemies":"Snake Plant","floor":21,"turns":5},{"damage":57,"enemies":"Snecko","floor":22,"turns":7}],"seed_played":"626948493080528933","potions_obtained":[{"floor":1.0,"key":"Block Potion"},{"floor":10.0,"key":"SteroidPotion"},{"floor":12.0,"key":"Swift Potion"},{"floor":16,"key":"BlessingOfTheForge"},{"floor":18,"key":"Explosive Potion"},{"floor":21,"key":"FearPotion"}],"is_trial":false,"path_per_floor":["M","?","M","?","M","R","$","R","T","M","R","M","M","E","R","B",null,"M","M","$","M","M"],"character_chosen":"THE_SILENT","items_purchased":["Grand Finale"],"campfire_rested":0,"item_purchase_floors":[7],"current_hp_per_floor":[49,49,41,30,24,24,24,24,24,24,24,24,24,24,24,13,70,70,56,56,40,0,0],"gold":172,"neow_bonus":"THREE_RARE_CARDS","is_daily":false,"chose_seed":false,"campfire_upgraded":4,"win_rate":0.0,"timestamp":1608283852,"path_taken":["M","?","M","?","M","R","?","R","T","M","R","M","?","E","R","BOSS","M","M","$","M","M"],"items_purchased_type":["Card"],"build_version":"2020-12-13","purchased_purges":2,"victory":false,"max_hp_per_floor":[70,70,70,70,70,70,70,70,70,70,70,70,70,70,70,70,70,70,70,70,70,70,70],"card_choices":[{"not_picked":["Adrenaline","Tools of the Trade"],"picked":"Grand Finale","floor":0.0},{"not_picked":["Masterful Stab","Cloak And Dagger","Dodge and Roll"],"picked":"SKIP","floor":1.0},{"not_picked":["Noxious Fumes","Concentrate"],"picked":"Heel Hook","floor":3.0},{"not_picked":["Crippling Poison","Distraction","Poisoned Stab"],"picked":"SKIP","floor":5.0},{"not_picked":["Flying Knee","Infinite Blades"],"picked":"Dagger Throw","floor":10.0},{"not_picked":["All Out Attack","PiercingWail"],"picked":"Backflip","floor":12.0},{"not_picked":["Wraith Form v2","Bouncing Flask"],"picked":"Escape Plan","floor":13.0},{"not_picked":["Setup","Crippling Poison"],"picked":"Prepared","floor":14.0},{"not_picked":["Die Die Die","Doppelganger"],"picked":"Grand Finale","floor":16},{"not_picked":["Footwork","Slice"],"picked":"Well Laid Plans+1","floor":18},{"not_picked":["Masterful Stab+1","Sucker Punch","Deflect"],"picked":"SKIP","floor":19},{"not_picked":["Cloak And Dagger","Blur"],"picked":"Calculated Gamble","floor":21}],"player_experience":374848,"relics_obtained":[{"floor":9.0,"key":"Mummified Hand"},{"floor":14.0,"key":"CeramicFish"}],"event_choices":[{"cards_removed":["Strike_G"],"damage_healed":0.0,"max_hp_gain":0.0,"max_hp_loss":0.0,"gold_gain":0.0,"event_name":"Living Wall","player_choice":"Forget","floor":2.0,"gold_loss":0.0,"damage_taken":0.0},{"damage_healed":0.0,"max_hp_gain":0.0,"max_hp_loss":0.0,"gold_gain":75.0,"event_name":"betterThird:BetterGoop","player_choice":"Gold","floor":4.0,"gold_loss":0.0,"damage_taken":11.0}],"is_beta":false,"boss_relics":[{"not_picked":["Fusion Hammer","Ring of the Serpent"],"picked":"HoveringKite"}],"items_purged_floors":[7,20],"is_endless":false,"potions_floor_spawned":[1,10,12,16,18,21],"killed_by":"Snecko","ascension_level":4}}