{"host":"nukjzc0ca34w6eem","time":1608308470,"event":{"mods":["2.2 Compatiblity","AchievementEnabler","BaseMod","Colored Powertips","Downfall","Minty Spire (QoL Compilation)","StSLib"],"gold_per_floor":[99,162,162,162,162,196,250,276,201,227,239,239,339,355,369,469,469,394,412,426,426,441,441,465,130,130,55,73,73,92,77,93,193,193,193,210,238,250,279,296,322,355,355,355,367,379,379,379],"floor_reached":47,"playtime":4470,"items_purged":["Slimebound:Defend_Slimebound"],"score":841,"play_id":"9b9e7965-e20a-4415-a1f2-f1b3afa506ec","local_time":"20201218082110","is_ascension_mode":true,"campfire_choices":[{"data":"Slimebound:Split","floor":1.0,"key":"SMITH"},{"data":"Slimebound:AcidTongue","floor":3.0,"key":"SMITH"},{"floor":5.0,"key":"REST"},{"data":"Slimebound:DisruptingSlam","floor":9.0,"key":"SMITH"},{"data":"Slimebound:SlimeSlap","floor":18.0,"key":"SMITH"},{"floor":21.0,"key":"RECALL"},{"data":"Slimebound:SpikyOuterGoop","floor":27.0,"key":"SMITH"},{"data":"Slimebound:CorrosiveSpit","floor":35.0,"key":"SMITH"},{"floor":44,"key":"REST"}],"circlet_count":0,"master_deck":["Slimebound:Strike_Slimebound","Slimebound:Strike_Slimebound","Slimebound:Tackle","Slimebound:Defend_Slimebound","Slimebound:Split+1","Slimebound:CorrosiveSpit+1","Slimebound:AcidTongue+1","Slimebound:GrowthPunch","Slimebound:DisruptingSlam+1","Slimebound:SpikyOuterGoop+1","Slimebound:SplitMire","Slimebound:GrowthPunch","Slimebound:SlimeSlap+1","Slimebound:Gluttony","Slimebound:SplitMire","Slimebound:SpikyOuterGoop","Slimebound:Overexert","Slimebound:Prepare","Slimebound:LevelUp+1","Slimebound:LeechingTouch+1","Slimebound:AcidTongue+1","Slimebound:Recollect+1","Slimebound:RejuvenatingLick","Slimebound:Darklings","Slimebound:Replication+1"],"relics":["Slimebound:AbsorbEndCombat","downfall:HeartsMalice","Shuriken","downfall:ShatteredFragment","Oddly Smooth Stone","Ornamental Fan","downfall:HeartBlessingBlue","Potion Belt","Runic Dome","downfall:HeartBlessingGreen","Omamori","Vajra","downfall:HeartBlessingRed","Cursed Key","Darkstone Periapt","hexamod:BolsterEngine","Boot","Ginger"],"acts_visited":["Exordium","TheCity","TheBeyond"],"potions_floor_usage":[37,40,42,45],"damage_taken":[{"damage":0.0,"enemies":"Gremlin Nob","floor":2.0,"turns":1.0},{"damage":0.0,"enemies":"Gremlin Nob","floor":6.0,"turns":1.0},{"damage":0.0,"enemies":"Lagavulin","floor":8.0,"turns":1.0},{"damage":22.0,"enemies":"Gremlin Nob","floor":10.0,"turns":4.0},{"damage":8.0,"enemies":"2 Louse","floor":11.0,"turns":2.0},{"damage":3.0,"enemies":"Small Slimes","floor":14.0,"turns":2.0},{"damage":12.0,"enemies":"Cultist","floor":15.0,"turns":3.0},{"damage":28.0,"enemies":"downfall:Silent","floor":16.0,"turns":7.0},{"damage":20.0,"enemies":"Spheric Guardian","floor":19.0,"turns":4.0},{"damage":24.0,"enemies":"Chosen","floor":20.0,"turns":3.0},{"damage":15.0,"enemies":"3 Cultists","floor":22.0,"turns":5.0},{"damage":12.0,"enemies":"downfall:FleeingMerchant","floor":25.0,"turns":4.0},{"damage":18.0,"enemies":"Centurion and Healer","floor":28.0,"turns":4.0},{"damage":21.0,"enemies":"Cultist and Chosen","floor":30.0,"turns":3.0},{"damage":27.0,"enemies":"downfall:FleeingMerchant","floor":31.0,"turns":4.0},{"damage":24.0,"enemies":"Shelled Parasite and Fungi","floor":32.0,"turns":3.0},{"damage":31.0,"enemies":"downfall:Watcher","floor":33.0,"turns":6.0},{"damage":44.0,"enemies":"3 Shapes","floor":36.0,"turns":4.0},{"damage":25,"enemies":"Reptomancer","floor":37,"turns":5},{"damage":8,"enemies":"Orb Walker","floor":38,"turns":3},{"damage":45,"enemies":"Nemesis","floor":39,"turns":5},{"damage":41,"enemies":"Jaw Worm Horde","floor":40,"turns":4},{"damage":43,"enemies":"Reptomancer","floor":42,"turns":5},{"damage":32,"enemies":"Transient","floor":45,"turns":5},{"damage":42,"enemies":"4 Shapes","floor":46,"turns":4},{"damage":43,"enemies":"Spire Growth","floor":47,"turns":2}],"seed_played":"5676585872810372238","potions_obtained":[{"floor":8.0,"key":"AttackPotion"},{"floor":11.0,"key":"GamblersBrew"},{"floor":15.0,"key":"EntropicBrew"},{"floor":16.0,"key":"Guardian:BlockOnCardUsePotion"},{"floor":19.0,"key":"AttackPotion"},{"floor":30.0,"key":"Fruit Juice"},{"floor":32.0,"key":"Fire Potion"},{"floor":36,"key":"Weak Potion"},{"floor":45,"key":"Explosive Potion"},{"floor":46,"key":"EssenceOfSteel"}],"is_trial":false,"path_per_floor":["R","?","R","?","R","E","T","E","R","E","M","?","?","M","M","B",null,"R","M","M","R","M","?","T","$","?","R","M","?","M","$","M","B",null,"R","M","E","M","E","M","T","E","?","R","M","M","M"],"character_chosen":"SLIMEBOUND","items_purchased":["Slimebound:SplitMire","Vajra","Slimebound:SpikyOuterGoop"],"campfire_rested":2,"item_purchase_floors":[25,25,25],"current_hp_per_floor":[54,54,54,36,54,54,54,54,64,54,54,54,54,51,57,57,67,67,63,63,63,70,70,70,70,70,70,70,70,75,74,68,68,73,73,51,60,64,49,34,34,23,23,45,53,23,0,0],"gold":379,"neow_bonus":"THREE_ENEMY_KILL","is_daily":false,"chose_seed":false,"campfire_upgraded":6,"win_rate":0.0,"timestamp":1608308470,"path_taken":["R","?","R","?","R","E","T","E","R","E","M","?","?","M","M","BOSS","R","M","M","R","?","?","T","$","?","R","M","?","M","$","M","BOSS","R","M","E","M","E","M","T","E","?","R","M","M","M"],"items_purchased_type":["Card","Relic","Card"],"build_version":"2020-12-13","purchased_purges":1,"victory":false,"max_hp_per_floor":[60,60,60,60,60,60,60,60,70,70,70,70,70,70,70,70,70,70,70,70,70,70,70,70,70,70,70,70,70,75,75,75,75,75,75,75,75,75,75,75,75,75,75,75,75,75,75,75],"card_choices":[{"not_picked":["Slimebound:GoopSpray","Slimebound:SamplingLick"],"picked":"Slimebound:AcidTongue","floor":2.0},{"not_picked":["Slimebound:RollThrough","Slimebound:LivingWall"],"picked":"Slimebound:GrowthPunch","floor":6.0},{"not_picked":["Slimebound:Grow","Slimebound:PressTheAttack"],"picked":"Slimebound:DisruptingSlam","floor":8.0},{"not_picked":["Slimebound:LeechEnergy","Slimebound:BestDefense"],"picked":"Slimebound:SpikyOuterGoop","floor":10.0},{"not_picked":["Slimebound:SplitAcid","Slimebound:LevelUp","Slimebound:Chomp"],"picked":"SKIP","floor":11.0},{"not_picked":["Slimebound:SpikyOuterGoop","Slimebound:Gluttony"],"picked":"Slimebound:SplitMire","floor":14.0},{"not_picked":["Slimebound:Grow","Slimebound:FinishingTackle"],"picked":"Slimebound:GrowthPunch","floor":15.0},{"not_picked":["Slimebound:Recycling","Slimebound:SelfFormingGoo"],"picked":"Slimebound:SlimeSlap","floor":16.0},{"not_picked":["Slimebound:LeechingTouch","Slimebound:Recollect+1"],"picked":"Slimebound:Gluttony","floor":19.0},{"not_picked":["Slimebound:ProtectTheBoss","Slimebound:SplitLeeching","Slimebound:ViciousTackle+1"],"picked":"SKIP","floor":20.0},{"not_picked":["Slimebound:GrowthPunch+1","Slimebound:Teamwork","Slimebound:GoopSpray+1"],"picked":"SKIP","floor":22.0},{"not_picked":["Slimebound:GoopSpray+1","Slimebound:GoopTackle","Slimebound:ViciousTackle"],"picked":"SKIP","floor":25.0},{"not_picked":["Slimebound:SlimeSpikes","Slimebound:SpikyOuterGoop","Slimebound:SplitLeeching"],"picked":"SKIP","floor":28.0},{"not_picked":["Slimebound:SplitLeeching","Slimebound:SplitAcid+1","Slimebound:GoopTackle"],"picked":"SKIP","floor":30.0},{"not_picked":["Slimebound:RejuvenatingLick","Slimebound:CheckThePlaybook"],"picked":"Slimebound:LevelUp+1","floor":31.0},{"not_picked":["Slimebound:LeechEnergy","Slimebound:LeechingTouch","Slimebound:Replication"],"picked":"SKIP","floor":32.0},{"not_picked":["Slimebound:Chomp+1","Slimebound:SplitBruiser+1"],"picked":"Slimebound:LeechingTouch+1","floor":36},{"not_picked":["Slimebound:SlimeBrawl+1","Slimebound:PressTheAttack","Slimebound:GoopSpray+1"],"picked":"SKIP","floor":37},{"not_picked":["Slimebound:GrowthPunch","Slimebound:LeechingTouch+1","Slimebound:ProtectTheBoss"],"picked":"SKIP","floor":38},{"not_picked":["Slimebound:LivingWall+1","Slimebound:GoopSpray"],"picked":"Slimebound:AcidTongue+1","floor":39},{"not_picked":["Slimebound:RollThrough","Slimebound:SlimeBrawl"],"picked":"Slimebound:Recollect+1","floor":40},{"not_picked":["Slimebound:SplitLeeching+1","Slimebound:LivingWall"],"picked":"Slimebound:RejuvenatingLick","floor":42},{"not_picked":["Slimebound:ComboTackle+1","Slimebound:RainOfGoop+1"],"picked":"Slimebound:Replication+1","floor":45},{"not_picked":["Slimebound:Dissolve","Slimebound:LeechingTouch","Slimebound:SplitAcid+1"],"picked":"SKIP","floor":46}],"player_experience":436130,"relics_obtained":[{"floor":2.0,"key":"Shuriken"},{"floor":6.0,"key":"Oddly Smooth Stone"},{"floor":8.0,"key":"Ornamental Fan"},{"floor":10.0,"key":"Potion Belt"},{"floor":24.0,"key":"Omamori"},{"floor":37,"key":"Darkstone Periapt"},{"floor":39,"key":"hexamod:BolsterEngine"},{"floor":41,"key":"Boot"},{"floor":42,"key":"Ginger"}],"event_choices":[{"cards_removed":["Slimebound:Strike_Slimebound"],"damage_healed":0.0,"max_hp_gain":0.0,"max_hp_loss":0.0,"gold_gain":0.0,"event_name":"The Cleric","player_choice":"Card Removal","floor":12.0,"gold_loss":0.0,"damage_taken":0.0},{"damage_healed":0.0,"max_hp_gain":0.0,"max_hp_loss":0.0,"gold_gain":0.0,"event_name":"Ghosts","player_choice":"Ignored","floor":23.0,"gold_loss":0.0,"damage_taken":0.0},{"damage_healed":0.0,"max_hp_gain":0.0,"max_hp_loss":0.0,"gold_gain":0.0,"cards_transformed":["Slimebound:Defend_Slimebound","Slimebound:Defend_Slimebound"],"event_name":"Drug Dealer","player_choice":"Became Test Subject","floor":26.0,"gold_loss":0.0,"damage_taken":0.0,"cards_obtained":["Slimebound:Overexert","Slimebound:Prepare"]}],"is_beta":false,"boss_relics":[{"not_picked":["Coffee Dripper","Tiny House"],"picked":"Runic Dome"},{"not_picked":["Empty Cage","Black Star"],"picked":"Cursed Key"}],"items_purged_floors":[25],"is_endless":false,"potions_floor_spawned":[8,11,15,16,19,20,30,32,36,45,46],"killed_by":"Spire Growth","ascension_level":8}}