{"host":"fq53p46eudtfn1d2","time":1608331349,"event":{"mods":["BaseMod","Better Sensory Stone","Colored Powertips","Energized Spire","Magitek Elite","Minty Spire (QoL Compilation)","Permanent Neow","Quick Restart","StSLib"],"gold_per_floor":[115,128,17,17,30,56,9,36,63,63,91,106,131,143,143,248,248,263,275,275,294,306,306,306],"floor_reached":23,"playtime":2038,"items_purged":[],"score":287,"play_id":"d777fde3-8205-4bbf-bcae-748a60444f81","local_time":"20201218174229","is_ascension_mode":true,"campfire_choices":[{"data":"Esuna","floor":10,"key":"SMITH"},{"data":"Faith","floor":15,"key":"SMITH"}],"circlet_count":0,"master_deck":["Strike_L","Strike_L","Strike_L","Defend_L","Defend_L","Defend_L","Defend_L","Defend_L","Fire2","Cure","Esuna+","Rune_Blade","Faith+1","Minerva_Bustier","Faith","Flare","Icebrand","Esuna","Remember","Crystal_Sword","Enhancer","Mama","Heavy_Shield+1","Protect_M","Focus"],"relics":["Pendant","Bag of Preparation","Ancient Tea Set","Akabeko","Kunai","Blue Candle","Philosopher\u0027s Stone","MutagenicStrength"],"acts_visited":["Exordium","TheCity"],"potions_floor_usage":[6,6,8,13],"damage_taken":[{"damage":3,"enemies":"Cultist","floor":1,"turns":5},{"damage":0,"enemies":"2 Louse","floor":2,"turns":5},{"damage":23,"enemies":"Jaw Worm","floor":5,"turns":6},{"damage":7,"enemies":"3 Sentries","floor":6,"turns":12},{"damage":13,"enemies":"Lagavulin","floor":8,"turns":7},{"damage":8,"enemies":"3 Sentries","floor":11,"turns":7},{"damage":0,"enemies":"3 Louse","floor":12,"turns":4},{"damage":8,"enemies":"Lagavulin","floor":13,"turns":6},{"damage":9,"enemies":"Blue Slaver","floor":14,"turns":4},{"damage":1,"enemies":"Slime Boss","floor":16,"turns":7},{"damage":38,"enemies":"Shell Parasite","floor":18,"turns":6},{"damage":13,"enemies":"Chosen","floor":19,"turns":5},{"damage":29,"enemies":"3 Cultists","floor":21,"turns":5},{"damage":16,"enemies":"Cultist and Chosen","floor":22,"turns":6},{"damage":0,"enemies":"Slavers","floor":23,"turns":1}],"seed_played":"-5010687654930762545","potions_obtained":[{"floor":1,"key":"SteroidPotion"},{"floor":5,"key":"SpeedPotion"},{"floor":6,"key":"GamblersBrew"},{"floor":11,"key":"GamblersBrew"},{"floor":22,"key":"LiquidBronze"}],"is_trial":false,"path_per_floor":["M","M","$","?","M","E","$","E","T","R","E","M","E","M","R","B",null,"M","M","?","M","M","E"],"character_chosen":"MAGITEKELITE","items_purchased":["Faith","Minerva_Bustier","Icebrand"],"campfire_rested":0,"item_purchase_floors":[3,3,7],"current_hp_per_floor":[60,60,60,60,46,48,48,47,47,47,48,57,55,54,54,62,63,34,33,33,16,9,21,21],"gold":306,"neow_bonus":"UPGRADE_CARD","is_daily":false,"chose_seed":false,"campfire_upgraded":2,"win_rate":0.0,"timestamp":1608331349,"path_taken":["M","M","?","?","M","E","$","E","T","R","E","M","E","M","R","BOSS","M","?","?","M","M","E"],"items_purchased_type":["Card","Card","Card"],"build_version":"2020-12-13","purchased_purges":0,"victory":false,"max_hp_per_floor":[63,63,63,63,63,63,63,63,63,63,63,63,63,63,63,63,63,63,63,63,63,63,63,63],"card_choices":[{"not_picked":["Meteor","Quake"],"picked":"Esuna","floor":1},{"not_picked":["Holy","Icebrand"],"picked":"Rune_Blade","floor":2},{"not_picked":["Tornado","Poisona"],"picked":"Faith","floor":5},{"not_picked":["Quake","Throw"],"picked":"Flare","floor":6},{"not_picked":["Transpose2","Falchion"],"picked":"Esuna","floor":8},{"not_picked":["Flametongue","Throw"],"picked":"Remember","floor":11},{"not_picked":["Gaia_Gear","Throw"],"picked":"Crystal_Sword","floor":12},{"not_picked":["Flametongue","Esuna"],"picked":"Enhancer","floor":13},{"not_picked":["Poisona","Man_Eater","Gladius"],"picked":"SKIP","floor":14},{"not_picked":["Fake_Moustache","Valor"],"picked":"Mama","floor":16},{"not_picked":["Thunder_P","Crystal_Sword"],"picked":"Heavy_Shield+1","floor":18},{"not_picked":["Transpose_P+1","Falchion"],"picked":"Protect_M","floor":19},{"not_picked":["Poisona","Aero","Thunder_Blade"],"picked":"SKIP","floor":21},{"not_picked":["Circlet","Gaia_Gear+1"],"picked":"Focus","floor":22}],"player_experience":365980,"relics_obtained":[{"floor":6,"key":"Bag of Preparation"},{"floor":8,"key":"Ancient Tea Set"},{"floor":9,"key":"Akabeko"},{"floor":11,"key":"Kunai"},{"floor":13,"key":"Blue Candle"}],"event_choices":[{"cards_removed":["Strike_L"],"damage_healed":0,"gold_gain":0,"player_choice":"Purged","damage_taken":0,"max_hp_gain":0,"max_hp_loss":0,"event_name":"Purifier","floor":4,"gold_loss":0},{"damage_healed":0,"gold_gain":0,"player_choice":"Inject Mutagens","damage_taken":0,"relics_obtained":["MutagenicStrength"],"max_hp_gain":0,"max_hp_loss":0,"event_name":"Drug Dealer","floor":20,"gold_loss":0}],"is_beta":false,"boss_relics":[{"not_picked":["energizedSpire:DeadBattery","energizedSpire:OgreHead"],"picked":"Philosopher\u0027s Stone"}],"items_purged_floors":[],"is_endless":false,"potions_floor_spawned":[1,5,6,11,22],"killed_by":"Slavers","ascension_level":1}}