{"host":"rylkjufw9dlhr07b","time":1608299391,"event":{"mods":["AchievementEnabler","BaseMod","Better Note","BetterRewards","Hubris","Minty Spire (QoL Compilation)","Quick Restart","Replay The Spire","StSLib","The Necromancer"],"gold_per_floor":[111,111,123,123,123,123,196,229,229,92,151,214,489,504,504,628,628,678,678,678,694,694,694,670,686,711,711,173,173,257,283,283,402,402,416,749,764,721,816,816,816,857,881,898,911,945,468,478,478,478],"floor_reached":51,"playtime":3607,"items_purged":["Defend_G","Injury","Regret","ReplayTheSpireMod:Splinters"],"score":1168,"play_id":"d60326f9-a797-4c1e-8e41-f737d5601092","local_time":"20201218144951","is_ascension_mode":true,"campfire_choices":[{"floor":6.0,"key":"REST"},{"floor":15.0,"key":"REST"},{"data":"ReplayTheSpireMod:Scrap Shanks","floor":23.0,"key":"SMITH"},{"floor":29.0,"key":"REST"},{"floor":32.0,"key":"REST"},{"floor":40,"key":"REST"},{"floor":49,"key":"REST"}],"circlet_count":0,"master_deck":["Strike_G","Strike_G","Strike_G","Strike_G","Strike_G","Defend_G","Defend_G+1","Defend_G","Defend_G","Survivor","Neutralize","Cloak And Dagger+1","ReplayTheSpireMod:Scrap Shanks+1","Backflip","Dagger Spray","Noxious Fumes+1","Replay:Poison Smokescreen+1","Finisher","Blade Dance","Bane+1","Dagger Throw+1","Footwork","ReplayTheSpireMod:Faulty Equipment","Acrobatics+1","Slice","Slice","Poisoned Stab+1","Blade Dance+1","Cloak And Dagger+1","Bullet Time+1","Backflip+1","Blood_Curse","Backflip+1","Dodge and Roll+1","Cloak And Dagger+1","Noxious Fumes","Bullet Time+1","Injury","Deadly Poison+1","Sucker Punch","hubris:Sniper+1","Dash+1","Pot Of Greed+1","Pot Of Greed+1","Pot Of Greed+1","Pot Of Greed+1","Backflip+1","Venomology+1","Choke+1","ReplayTheSpireMod:Brewmster+1","Dodge and Roll+1","Pot Of Greed+1"],"relics":["Ring of the Snake","BargainBundle","Strawberry","Gremlin Food","Blue Doll","Ring of Misfortune","ReplayTheSpireMod:Ring of Challenge","Odd Mushroom","Juzu Bracelet","Toxic Egg 2","ReplayTheSpireMod:CursedCoin","Replay:Mystery Machine","ChewingGum","Centennial Puzzle","Pet Ghost","Ancient Tea Set","Smiling Mask","Mummified Hand","Akabeko","hubris:BottledRain","Red Mask","Regal Pillow","Replay:Ancient Bell","Replay:Wax Seal","Quantum Egg","hubris:Zylophone","hubris:AncientText","Spirit Poop","Grinning Jar","MealTicket","Replay:Baseball","Medical Kit","Bronze Scales"],"acts_visited":["Exordium","TheCity","TheBeyond"],"potions_floor_usage":[44,46,48,48,48,48,50,50,50,50,50,50,50,50],"damage_taken":[{"damage":0.0,"enemies":"Cultist","floor":1.0,"turns":4.0},{"damage":0.0,"enemies":"Jaw Worm","floor":3.0,"turns":3.0},{"damage":10.0,"enemies":"The Mushroom Lair","floor":7.0,"turns":3.0},{"damage":14.0,"enemies":"3 Sentries","floor":8.0,"turns":6.0},{"damage":10.0,"enemies":"2 Louse","floor":11.0,"turns":2.0},{"damage":0.0,"enemies":"2 Fungi Beasts","floor":12.0,"turns":3.0},{"damage":3.0,"enemies":"Looter","floor":14.0,"turns":3.0},{"damage":24.0,"enemies":"The Guardian","floor":16.0,"turns":13.0},{"damage":0.0,"enemies":"Chosen","floor":18.0,"turns":3.0},{"damage":0.0,"enemies":"3 Byrds","floor":21.0,"turns":2.0},{"damage":8.0,"enemies":"Book of Stabbing","floor":24.0,"turns":5.0},{"damage":1.0,"enemies":"Centurion and Healer","floor":25.0,"turns":4.0},{"damage":49.0,"enemies":"Masked Bandits","floor":30.0,"turns":6.0},{"damage":29.0,"enemies":"Champ","floor":33.0,"turns":7.0},{"damage":0.0,"enemies":"Orb Walker","floor":35.0,"turns":3.0},{"damage":0.0,"enemies":"3 Shapes","floor":37.0,"turns":4.0},{"damage":65.0,"enemies":"Sphere and 2 Shapes","floor":38.0,"turns":6.0},{"damage":14.0,"enemies":"Mind Bloom Boss Battle","floor":39.0,"turns":8.0},{"damage":0,"enemies":"3 Darklings","floor":44,"turns":5},{"damage":0,"enemies":"Transient","floor":45,"turns":5},{"damage":0,"enemies":"R_Hoarder","floor":46,"turns":7},{"damage":6,"enemies":"Maw","floor":48,"turns":6},{"damage":16,"enemies":"Donu and Deca","floor":50,"turns":8}],"seed_played":"-7606999396816497976","potions_obtained":[{"floor":1.0,"key":"Swift Potion"},{"floor":7.0,"key":"LiquidMemories"},{"floor":18.0,"key":"FairyPotion"},{"floor":21.0,"key":"SkillPotion"},{"floor":30.0,"key":"Milkshake"},{"floor":33.0,"key":"Explosive Potion"},{"floor":37.0,"key":"Toxic Potion"},{"floor":42,"key":"LifebloodPotion"},{"floor":44,"key":"PowerPotion"}],"is_trial":false,"path_per_floor":["M","?","M","?","?","R","?","E","T","$","M","M","?","M","R","B",null,"M","?","?","M","?","R","E","M","T","T","$","R","?","T","R","B",null,"M","?","M","M","?","R","?","?","T","M","M","E","$","M","R","B",null],"character_chosen":"THE_SILENT","items_purchased":["BargainBundle","Strawberry","Cloak And Dagger","ReplayTheSpireMod:Scrap Shanks","Backflip","Dagger Spray","Noxious Fumes","Gremlin Food","Blue Doll","Replay:Poison Smokescreen+1","Finisher","Poison Potion","SteroidPotion","ReplayTheSpireMod:CursedCoin","Replay:Mystery Machine","Acrobatics+1","Slice","Noxious Fumes","Akabeko","hubris:BottledRain","ReplayTheSpireMod:Brewmster+1","Medical Kit","Bronze Scales"],"campfire_rested":6,"item_purchase_floors":[0,0,0,0,0,0,0,0,0,0,0,0,0,10,10,10,10,28,28,28,47,47,47],"current_hp_per_floor":[38,38,38,38,38,61,51,37,37,37,27,27,27,24,47,23,64,64,64,64,64,64,64,56,55,55,55,55,77,28,28,66,37,67,67,67,67,2,13,51,51,51,51,51,51,51,66,60,77,61],"gold":478,"neow_bonus":"","is_daily":false,"chose_seed":false,"campfire_upgraded":1,"win_rate":0.0,"timestamp":1608299391,"path_taken":["M","?","M","?","?","R","?","E","T","?","M","M","?","M","R","BOSS","M","?","?","M","?","R","E","M","T","?","$","R","?","?","R","BOSS","M","?","M","M","?","R","?","?","T","M","M","E","$","M","R","BOSS"],"items_purchased_type":["Relic","Relic","Card","Card","Card","Card","Card","Relic","Relic","Card","Card","Potion","Potion","Relic","Relic","Card","Card","Card","Relic","Relic","Card","Relic","Relic"],"build_version":"2020-12-13","purchased_purges":4,"victory":true,"max_hp_per_floor":[77,77,77,77,77,77,77,77,77,77,77,77,77,77,77,77,77,77,77,77,77,77,77,77,77,77,77,77,77,77,77,77,77,77,77,77,77,77,77,77,77,77,77,77,77,77,77,77,77,77],"card_choices":[{"not_picked":["Prepared","Dagger Spray"],"picked":"Blade Dance","floor":1.0},{"not_picked":["Crippling Poison","Masterful Stab"],"picked":"Bane","floor":3.0},{"not_picked":["Underhanded Strike","hubris:Counter"],"picked":"Dagger Throw","floor":7.0},{"not_picked":["Backflip","Blur"],"picked":"Footwork","floor":8.0},{"not_picked":["Hidden Blade+1","Dagger Throw"],"picked":"Poisoned Stab","floor":11.0},{"not_picked":["Dagger Spray","Riddle With Holes"],"picked":"Blade Dance+1","floor":12.0},{"not_picked":["PiercingWail+1","Well Laid Plans"],"picked":"Cloak And Dagger+1","floor":14.0},{"not_picked":["Grand Finale","ReplayTheSpireMod:From All Sides"],"picked":"Bullet Time+1","floor":16.0},{"not_picked":["Riddle With Holes","Expertise+1"],"picked":"Backflip+1","floor":18.0},{"not_picked":["Outmaneuver+1","Deflect+1"],"picked":"Backflip+1","floor":21.0},{"not_picked":["ReplayTheSpireMod:Speed Training+1","hubris:SlightOfHand+1"],"picked":"Dodge and Roll+1","floor":24.0},{"not_picked":["Backflip+1","Outmaneuver+1"],"picked":"Cloak And Dagger+1","floor":25.0},{"not_picked":["Phantasmal Killer+1","Wraith Form v2"],"picked":"Bullet Time+1","floor":33.0},{"not_picked":["hubris:Gluttony","Amnesia"],"picked":"Injury","floor":34.0},{"not_picked":["Spreading Infection","hubris:Envy"],"picked":"ReplayTheSpireMod:IOU","floor":34.0},{"not_picked":["Delirium","hubris:Lust"],"picked":"hubris:Gluttony","floor":34.0},{"not_picked":["Deflect+1","Skewer+1"],"picked":"Deadly Poison+1","floor":35.0},{"not_picked":["Backstab","Well Laid Plans"],"picked":"Sucker Punch","floor":37.0},{"not_picked":["Calculated Gamble+1","Prepared+1"],"picked":"hubris:Sniper+1","floor":38.0},{"not_picked":["ReplayTheSpireMod:The Works+1","Slice+1"],"picked":"Dash+1","floor":39},{"not_picked":["Blade Dance+1","Eviscerate"],"picked":"Backflip+1","floor":42},{"not_picked":["Underhanded Strike+1","PiercingWail+1"],"picked":"Venomology+1","floor":42},{"not_picked":["All Out Attack+1","Draining Mist+1","Sucker Punch+1"],"picked":"SKIP","floor":44},{"not_picked":["Bane","Slice+1"],"picked":"Choke+1","floor":45},{"not_picked":["hubris:SlightOfHand+1","ReplayTheSpireMod:Exploit Weakness+1","Backflip+1"],"picked":"SKIP","floor":46},{"not_picked":["Endless Agony+1","Bane+1"],"picked":"Dodge and Roll+1","floor":48}],"player_experience":609412,"relics_obtained":[{"floor":4.0,"key":"Ring of Misfortune"},{"floor":4.0,"key":"ReplayTheSpireMod:Ring of Challenge"},{"floor":7.0,"key":"Odd Mushroom"},{"floor":8.0,"key":"Juzu Bracelet"},{"floor":9.0,"key":"Toxic Egg 2"},{"floor":18.0,"key":"Centennial Puzzle"},{"floor":24.0,"key":"Ancient Tea Set"},{"floor":26.0,"key":"Smiling Mask"},{"floor":27.0,"key":"Mummified Hand"},{"floor":30.0,"key":"Red Mask"},{"floor":31.0,"key":"Regal Pillow"},{"floor":38.0,"key":"hubris:AncientText"},{"floor":42,"key":"Grinning Jar"},{"floor":43,"key":"MealTicket"},{"floor":46,"key":"Replay:Baseball"}],"event_choices":[{"damage_healed":0.0,"max_hp_gain":0.0,"max_hp_loss":0.0,"gold_gain":0.0,"event_name":"Golden Wing","player_choice":"Ignored","floor":2.0,"gold_loss":0.0,"damage_taken":0.0},{"damage_healed":0.0,"max_hp_gain":0.0,"max_hp_loss":0.0,"gold_gain":0.0,"event_name":"Golden Idol","player_choice":"Take Wound","floor":5.0,"gold_loss":0.0,"damage_taken":0.0,"relics_obtained":["Golden Idol"],"cards_obtained":["Injury"]},{"damage_healed":0.0,"max_hp_gain":0.0,"max_hp_loss":0.0,"gold_gain":0.0,"event_name":"Mushrooms","player_choice":"Fought Mushrooms","floor":7.0,"gold_loss":0.0,"damage_taken":0.0},{"damage_healed":0.0,"max_hp_gain":0.0,"max_hp_loss":0.0,"gold_gain":275.0,"event_name":"Golden Shrine","player_choice":"Desecrate","floor":13.0,"gold_loss":0.0,"damage_taken":0.0,"cards_obtained":["Regret"]},{"damage_healed":0.0,"max_hp_gain":0.0,"max_hp_loss":0.0,"gold_gain":0.0,"event_name":"The Woman in Blue","player_choice":"Bought 0 Potions","floor":19.0,"gold_loss":0.0,"damage_taken":0.0},{"cards_removed":["Bullet Time"],"damage_healed":0.0,"max_hp_gain":0.0,"max_hp_loss":0.0,"gold_gain":0.0,"event_name":"betterNote:BetterNote","player_choice":"Take \u0026 Give","floor":20.0,"gold_loss":0.0,"damage_taken":0.0,"cards_obtained":["Blood_Curse"]},{"damage_healed":0.0,"max_hp_gain":0.0,"max_hp_loss":0.0,"gold_gain":0.0,"event_name":"Masked Bandits","player_choice":"Fought Bandits","floor":30.0,"gold_loss":0.0,"damage_taken":0.0},{"damage_healed":0.0,"max_hp_gain":0.0,"max_hp_loss":0.0,"gold_gain":333.0,"event_name":"The Moai Head","player_choice":"Gave Idol","floor":36.0,"relics_lost":["Golden Idol"],"gold_loss":0.0,"damage_taken":0.0},{"damage_healed":0.0,"max_hp_gain":0.0,"max_hp_loss":0.0,"gold_gain":0.0,"event_name":"MindBloom","player_choice":"Fight","floor":39.0,"gold_loss":0.0,"damage_taken":0.0},{"cards_removed":["hubris:Gluttony"],"damage_healed":0,"gold_gain":0,"player_choice":"Offered Curse","damage_taken":0,"relics_obtained":["Spirit Poop"],"max_hp_gain":0,"max_hp_loss":0,"event_name":"Bonfire Elementals","floor":41,"gold_loss":0}],"is_beta":false,"boss_relics":[{"not_picked":["hubris:Backtick","Honey Jar"],"picked":"ChewingGum"},{"not_picked":["hubris:Stopwatch","SacredBark"],"picked":"Replay:Ancient Bell"},{"not_picked":["Vajra","hubris:ToyBattleship"],"picked":"Replay:Wax Seal"},{"not_picked":["ReplayTheSpireMod:Shallot","Replay:Bottled Flurry"],"picked":"Quantum Egg"},{"not_picked":["hubris:64BitClover","Shovel"],"picked":"hubris:Zylophone"}],"items_purged_floors":[0,10,28,47],"is_endless":false,"potions_floor_spawned":[1,7,18,21,30,33,37,44,46],"ascension_level":9}}