{"host":"gzk4gkgy3zij1c51","time":1608314574,"event":{"mods":["BaseMod","Colored Map","Downfall","Highlight Path","Minty Spire (QoL Compilation)","Relic Stats","StSLib","everything is the same but u backflip on backflip"],"gold_per_floor":[99,134,151,326,357,357,357,372,404,254,267,717,735,735,754,855,855,855,855,391,402,402,429,429,455,455,380,480,499,499,511,523,618,618,618,633,367,398,190,204,204,204,233,233,251,266,74,74,94,94,94,126,52,52,52],"floor_reached":56,"playtime":4710,"items_purged":["Doubt","Slimebound:Icky","Slimebound:Icky"],"score":1384,"play_id":"458fca97-5a47-40b0-9733-a2b767c34eb6","local_time":"20201218180254","is_ascension_mode":true,"campfire_choices":[{"data":"champ:Taunt","floor":1,"key":"SMITH"},{"floor":6,"key":"RECALL"},{"data":"champ:CalledShot","floor":10,"key":"SMITH"},{"data":"champ:DefensiveStyle","floor":18,"key":"SMITH"},{"data":"champ:TornadoPunch","floor":22,"key":"SMITH"},{"data":"champ:Duel","floor":27,"key":"SMITH"},{"data":"champ:PerfectForm","floor":35,"key":"SMITH"},{"data":"Apotheosis","floor":42,"key":"SMITH"},{"data":"champ:EndlessRage","floor":44,"key":"SMITH"},{"data":"champ:BerserkerStyle","floor":54,"key":"SMITH"}],"circlet_count":0,"master_deck":["champ:Defend","champ:Defend","champ:Defend","champ:Defend","champ:Execute","champ:Taunt+1","champ:VampiricStrike","champ:DefensiveStyle+1","champ:RisingSlash","champ:PreciseThrust","champ:CalledShot+1","champ:FanOfKnives","champ:SwordSigil","champ:TornadoPunch+1","champ:PerfectForm+1","Slimebound:Tackle+1","Slimebound:Tackle+1","Slimebound:Tackle+1","champ:BringItOn+1","Chrysalis","champ:ShieldSigil","champ:PerfectForm","champ:PerfectedStrike","champ:Duel+1","champ:AdrenalArmor","champ:BerserkerStyle+1","champ:EnchantShield","champ:Control","champ:RageSigil+1","champ:BladeFlurry","champ:DancingMaster","champ:TornadoPunch+1","champ:EndlessRage+1","champ:Balance","champ:EnchantSword","champ:EnchantCrown","Apotheosis+1","champ:Circumvent+1","Regret","champ:DefensiveShout","champ:FocusedDefense+1","champ:ShieldSigil+1","champ:CalledShot","expansioncontent:AwakenDeath","champ:FaceSlap+1"],"relics":["Cursed Key","Shuriken","Orichalcum","Omamori","Question Card","downfall:HeartBlessingRed","downfall:HeartBlessingGreen","sneckomod:SneckoTalon","Lantern","Vajra","downfall:HeartBlessingBlue","Mercury Hourglass","champ:BlackKnightHelmet","champ:FightingForDummies","Coffee Dripper","Lizard Tail","Bottled Lightning","HornCleat","Sundial","Membership Card","Gambling Chip","OrangePellets"],"acts_visited":["Exordium","TheCity","TheBeyond","TheEnding"],"potions_floor_usage":[13,16,16,29,29,33,39,43,55,55,55],"damage_taken":[{"damage":42,"enemies":"Lagavulin","floor":2,"turns":7},{"damage":15,"enemies":"2 Louse","floor":3,"turns":2},{"damage":15,"enemies":"Gremlin Nob","floor":5,"turns":5},{"damage":8,"enemies":"Small Slimes","floor":8,"turns":3},{"damage":48,"enemies":"Lagavulin","floor":9,"turns":6},{"damage":8,"enemies":"Jaw Worm","floor":11,"turns":3},{"damage":28,"enemies":"Large Slime","floor":13,"turns":5},{"damage":5,"enemies":"3 Louse","floor":15,"turns":2},{"damage":68,"enemies":"downfall:Silent","floor":16,"turns":7},{"damage":36,"enemies":"downfall:FleeingMerchant","floor":20,"turns":4},{"damage":46,"enemies":"Chosen","floor":21,"turns":3},{"damage":28,"enemies":"Slavers","floor":23,"turns":3},{"damage":42,"enemies":"Book of Stabbing","floor":25,"turns":5},{"damage":77,"enemies":"Book of Stabbing","floor":28,"turns":7},{"damage":58,"enemies":"Shell Parasite","floor":29,"turns":3},{"damage":12,"enemies":"3 Cultists","floor":31,"turns":4},{"damage":31,"enemies":"Centurion and Healer","floor":32,"turns":3},{"damage":63,"enemies":"downfall:Ironclad","floor":33,"turns":7},{"damage":41,"enemies":"3 Darklings","floor":36,"turns":4},{"damage":40,"enemies":"downfall:FleeingMerchant","floor":37,"turns":4},{"damage":87,"enemies":"Giant Head","floor":38,"turns":5},{"damage":25,"enemies":"downfall:FleeingMerchant","floor":39,"turns":4},{"damage":66,"enemies":"3 Shapes","floor":40,"turns":4},{"damage":61,"enemies":"Reptomancer","floor":43,"turns":5},{"damage":30,"enemies":"Jaw Worm Horde","floor":45,"turns":3},{"damage":71,"enemies":"4 Shapes","floor":46,"turns":4},{"damage":35,"enemies":"Sphere and 2 Shapes","floor":49,"turns":3},{"damage":70,"enemies":"downfall:Defect","floor":50,"turns":6},{"damage":75,"enemies":"downfall:CharBossMerchant","floor":52,"turns":5},{"damage":205,"enemies":"downfall:NeowBoss","floor":55,"turns":17}],"seed_played":"529457383283034271","potions_obtained":[{"floor":3,"key":"SteroidPotion"},{"floor":9,"key":"hexamod:EctoCoolerPotion"},{"floor":11,"key":"champ:TechniquePotion"},{"floor":13,"key":"champ:OpenerPotion"},{"floor":23,"key":"champ:TechniquePotion"},{"floor":25,"key":"SteroidPotion"},{"floor":32,"key":"SpeedPotion"},{"floor":36,"key":"AttackPotion"},{"floor":40,"key":"Explosive Potion"},{"floor":43,"key":"champ:CounterPotion"},{"floor":46,"key":"Strength Potion"},{"floor":49,"key":"Dexterity Potion"},{"floor":52,"key":"hexamod:EctoCoolerPotion"}],"is_trial":false,"path_per_floor":["R","E","M","?","E","R","T","M","E","R","M","?","M","?","M","B",null,"R","?","$","M","R","E","T","E","?","R","?","M","?","M","M","B",null,"R","M","$","E","$","M","T","R","E","R","M","M","$","?","M","B",null,"E","$","R","B",null],"character_chosen":"THE_CHAMP","items_purchased":["Chrysalis","champ:ShieldSigil","champ:PerfectForm","champ:PerfectedStrike","champ:EndlessRage","champ:Balance","Apotheosis","Bottled Lightning","Membership Card","champ:CalledShot","OrangePellets"],"campfire_rested":0,"item_purchase_floors":[20,20,20,20,37,37,39,39,47,47,53],"current_hp_per_floor":[90,63,64,64,60,60,60,69,43,43,48,48,53,63,63,48,100,100,100,100,100,100,93,93,67,67,77,96,110,110,110,110,110,110,110,110,109,110,110,104,104,104,92,92,101,110,110,110,110,110,110,110,110,110,110],"gold":52,"neow_bonus":"BOSS_RELIC","is_daily":false,"chose_seed":false,"campfire_upgraded":9,"win_rate":0.0,"timestamp":1608314574,"path_taken":["R","E","M","?","E","R","T","M","E","R","M","?","M","?","M","BOSS","R","?","$","M","R","E","T","E","?","R","?","M","?","M","M","BOSS","R","M","$","E","$","M","T","R","E","R","M","M","$","?","M","BOSS","E","$","R","BOSS"],"items_purchased_type":["Card","Card","Card","Card","Card","Card","Card","Relic","Relic","Card","Relic"],"build_version":"2020-12-13","purchased_purges":3,"victory":true,"max_hp_per_floor":[90,90,90,90,90,90,90,90,90,90,90,90,90,100,100,100,100,100,100,100,100,100,100,100,100,100,110,110,110,110,110,110,110,110,110,110,110,110,110,110,110,110,110,110,110,110,110,110,110,110,110,110,110,110,110],"relic_stats":{"OrangePellets":[3],"Lizard Tail":0,"counters":[30,143],"Shuriken":[41],"Sundial":[2],"Gambling Chip":[0],"Orichalcum":[162],"Cursed Key":3,"Question Card":25,"obtain_stats":[{"Lantern":23,"champ:BlackKnightHelmet":28,"downfall:HeartBlessingRed":10,"Vajra":25,"champ:ChampionCrown":0,"downfall:HeartBlessingGreen":10,"Omamori":7,"Orichalcum":5,"Cursed Key":0,"Question Card":9,"sneckomod:SneckoTalon":17,"Mercury Hourglass":28,"OrangePellets":53,"Lizard Tail":38,"HornCleat":41,"Shuriken":2,"downfall:HeartBlessingBlue":27,"Sundial":43,"Gambling Chip":52,"Coffee Dripper":34,"Bottled Lightning":39,"Membership Card":47,"champ:FightingForDummies":30},{"Lantern":12,"champ:BlackKnightHelmet":14,"downfall:HeartBlessingRed":5,"Vajra":13,"champ:ChampionCrown":0,"downfall:HeartBlessingGreen":5,"Omamori":3,"Orichalcum":3,"Cursed Key":0,"Question Card":5,"sneckomod:SneckoTalon":9,"Mercury Hourglass":14,"OrangePellets":29,"Lizard Tail":21,"HornCleat":23,"Shuriken":1,"downfall:HeartBlessingBlue":13,"Sundial":24,"Gambling Chip":29,"Coffee Dripper":18,"Bottled Lightning":22,"Membership Card":26,"champ:FightingForDummies":15},{"Lantern":50,"champ:BlackKnightHelmet":62,"downfall:HeartBlessingRed":23,"Vajra":55,"champ:ChampionCrown":0,"downfall:HeartBlessingGreen":23,"Omamori":14,"Orichalcum":14,"Cursed Key":0,"Question Card":23,"sneckomod:SneckoTalon":40,"Mercury Hourglass":62,"OrangePellets":126,"Lizard Tail":92,"HornCleat":100,"Shuriken":7,"downfall:HeartBlessingBlue":55,"Sundial":105,"Gambling Chip":126,"Coffee Dripper":79,"Bottled Lightning":96,"Membership Card":112,"champ:FightingForDummies":65}],"Mercury Hourglass":[263]},"card_choices":[{"not_picked":["champ:BladeFlurry","champ:Backstep"],"picked":"champ:VampiricStrike","floor":2},{"not_picked":["champ:PerfectedStrike","champ:DefensiveShout"],"picked":"champ:DefensiveStyle","floor":3},{"not_picked":["champ:RageSigil","champ:Lariat"],"picked":"champ:RisingSlash","floor":5},{"not_picked":["champ:IronFortress","champ:Shatter"],"picked":"champ:PreciseThrust","floor":8},{"not_picked":["champ:RageSigil","champ:TornadoPunch"],"picked":"champ:CalledShot","floor":9},{"not_picked":["champ:Encircle","champ:CrookedStrike","champ:Haymaker"],"picked":"champ:FanOfKnives","floor":11},{"not_picked":["champ:ShieldSlam","champ:Circumvent","champ:BringItOn"],"picked":"champ:SwordSigil","floor":13},{"not_picked":["champ:StanceDance","champ:FightOn","champ:SwordSigil"],"picked":"champ:TornadoPunch","floor":15},{"not_picked":["champ:MurderStrike","champ:VampiricStrike","champ:IgnorePain"],"picked":"champ:PerfectForm","floor":16},{"not_picked":["champ:FlashCut","champ:EndlessRage","champ:Encircle"],"picked":"champ:BringItOn+1","floor":20},{"not_picked":["champ:Riposte","champ:RageSigil+1","champ:LastStand"],"picked":"champ:Duel","floor":21},{"not_picked":["champ:Riposte","champ:IronFortress","champ:EnragedBash"],"picked":"champ:AdrenalArmor","floor":23},{"not_picked":["champ:AdrenalArmor","champ:ShieldWall+1","champ:BringItOn"],"picked":"champ:BerserkerStyle","floor":25},{"not_picked":["champ:RapidStrikes","champ:FlashCut","champ:GladiatorStyle"],"picked":"champ:EnchantShield","floor":28},{"not_picked":["champ:ShieldWall","champ:DefensiveStyle","champ:GladiatorStyle"],"picked":"champ:Control","floor":29},{"not_picked":["champ:DefensiveShout","champ:SwordSigil+1","champ:Backstep+1"],"picked":"champ:RageSigil+1","floor":31},{"not_picked":["champ:Encircle","champ:AdrenalArmor","champ:RageSigil"],"picked":"champ:BladeFlurry","floor":32},{"not_picked":["champ:ShieldThrow","champ:VampiricStrike","champ:PerfectForm"],"picked":"champ:DancingMaster","floor":33},{"not_picked":["champ:RapidStrikes","champ:FlashCut","champ:Backstep","champ:GladiatorsShout"],"picked":"SKIP","floor":36},{"not_picked":["champ:ShieldSigil+1","champ:BringItOn+1","champ:DefensiveStyle+1"],"picked":"champ:TornadoPunch+1","floor":37},{"not_picked":["champ:TornadoPunch","champ:ShieldSlam","champ:FocusedBerserking"],"picked":"champ:EnchantSword","floor":38},{"not_picked":["champ:PreciseThrust","champ:CrookedStrike","champ:Duel+1"],"picked":"champ:EnchantCrown","floor":39},{"not_picked":["champ:SwordSigil+1","champ:StanceDance","champ:RapidStrikes"],"picked":"champ:Circumvent+1","floor":40},{"not_picked":["champ:CrownThrow","champ:Encircle","champ:TornadoPunch+1"],"picked":"champ:DefensiveShout","floor":43},{"not_picked":["champ:SwordSigil+1","champ:PerfectedStrike+1","champ:BerserkersShout+1"],"picked":"champ:FocusedDefense+1","floor":45},{"not_picked":["champ:FocusedGladiator+1","champ:BerserkersShout+1","champ:FanOfKnives+1"],"picked":"champ:ShieldSigil+1","floor":46},{"not_picked":["expansioncontent:YouAreMine","expansioncontent:Collect","expansioncontent:Hexaburn"],"picked":"expansioncontent:AwakenDeath","floor":48},{"not_picked":["champ:FanOfKnives+1","champ:Backstep+1","champ:FocusedBerserking","champ:SwordSigil"],"picked":"SKIP","floor":49},{"not_picked":["champ:BladeFlurry+1","champ:EnGarde+1","champ:TornadoPunch+1"],"picked":"champ:FaceSlap+1","floor":52}],"player_experience":938079,"relics_obtained":[{"floor":2,"key":"Shuriken"},{"floor":5,"key":"Orichalcum"},{"floor":7,"key":"Omamori"},{"floor":9,"key":"Question Card"},{"floor":23,"key":"Lantern"},{"floor":25,"key":"Vajra"},{"floor":28,"key":"Mercury Hourglass"},{"floor":28,"key":"champ:BlackKnightHelmet"},{"floor":38,"key":"Lizard Tail"},{"floor":41,"key":"HornCleat"},{"floor":43,"key":"Sundial"},{"floor":52,"key":"Gambling Chip"}],"event_choices":[],"is_beta":false,"boss_relics":[{"not_picked":["Astrolabe","Fusion Hammer"],"picked":"sneckomod:SneckoTalon"},{"not_picked":["Pandora\u0027s Box","Empty Cage"],"picked":"Coffee Dripper"}],"items_purged_floors":[20,37,39],"is_endless":false,"potions_floor_spawned":[3,9,11,13,15,23,25,32,36,40,43,46,49,52],"ascension_level":2}}