{"host":"8by3m8mve9y2rhh4","time":1608302439,"event":{"mods":["BaseMod","Minty Spire (QoL Compilation)","Quick Restart"],"gold_per_floor":[119,119,135,149,161,161,186,186,237,254,276,311,323,345,357,467,479,508,538,39,51,64,98,98,129,129,147,162,162,261,277,277,376,376,386,386,190,205,220,247,247,274,274,26,36,36,36,136,136,136,136,136,33,66,66,66],"floor_reached":55,"playtime":2961,"items_purged":["Strike_R","Defend_R","Strike_R"],"score":840,"play_id":"fa9d94f6-8097-4786-8651-66aa266f3068","local_time":"20201218144039","is_ascension_mode":true,"campfire_choices":[{"data":"Armaments","floor":6,"key":"SMITH"},{"floor":8,"key":"REST"},{"floor":15,"key":"REST"},{"floor":24,"key":"RECALL"},{"data":"Berserk","floor":29,"key":"SMITH"},{"floor":32,"key":"REST"},{"floor":41,"key":"REST"},{"data":"Demon Form","floor":46,"key":"SMITH"},{"data":"Uppercut","floor":49,"key":"SMITH"},{"data":"Inflame","floor":52,"key":"SMITH"}],"circlet_count":0,"master_deck":["Strike_R","Defend_R","Defend_R","Defend_R","Bash+1","Clothesline","Armaments+1","Thunderclap","Fire Breathing","Shrug It Off","Inflame","Headbutt","Berserk+1","CurseOfTheBell","Battle Trance","Rage","Inflame+1","Inflame+1","Shrug It Off+1","Twin Strike","Cleave+1","Demon Form+1","Berserk+1","Metallicize","Uppercut+1"],"relics":["Burning Blood","Singing Bowl","Potion Belt","Odd Mushroom","MawBank","Calling Bell","Nunchaku","HornCleat","Gambling Chip","TheAbacus","Bag of Preparation","Lantern","InkBottle","Boot","Busted Crown","Membership Card","Bottled Tornado","Eternal Feather","PreservedInsect","DollysMirror","Whetstone","Bird Faced Urn"],"acts_visited":["Exordium","TheCity","TheBeyond","TheEnding"],"potions_floor_usage":[7,7,16,22,22,23,23,25,25,25,27,33,39,40,40,40,54,55,55,55,55,55],"damage_taken":[{"damage":6,"enemies":"Jaw Worm","floor":1,"turns":3},{"damage":1,"enemies":"2 Louse","floor":3,"turns":3},{"damage":4,"enemies":"Cultist","floor":4,"turns":3},{"damage":16,"enemies":"Looter","floor":5,"turns":4},{"damage":31,"enemies":"Lagavulin","floor":7,"turns":7},{"damage":20,"enemies":"Exordium Thugs","floor":10,"turns":6},{"damage":12,"enemies":"The Mushroom Lair","floor":11,"turns":7},{"damage":17,"enemies":"Gremlin Nob","floor":12,"turns":6},{"damage":11,"enemies":"Red Slaver","floor":14,"turns":4},{"damage":58,"enemies":"Hexaghost","floor":16,"turns":10},{"damage":11,"enemies":"Shell Parasite","floor":18,"turns":11},{"damage":8,"enemies":"Chosen","floor":19,"turns":5},{"damage":9,"enemies":"Shelled Parasite and Fungi","floor":21,"turns":5},{"damage":12,"enemies":"Cultist and Chosen","floor":22,"turns":5},{"damage":11,"enemies":"Gremlin Leader","floor":23,"turns":7},{"damage":13,"enemies":"Book of Stabbing","floor":25,"turns":8},{"damage":6,"enemies":"Snake Plant","floor":27,"turns":4},{"damage":3,"enemies":"Centurion and Healer","floor":28,"turns":6},{"damage":5,"enemies":"Cultist and Chosen","floor":31,"turns":5},{"damage":20,"enemies":"Collector","floor":33,"turns":9},{"damage":0,"enemies":"3 Shapes","floor":35,"turns":4},{"damage":38,"enemies":"3 Darklings","floor":38,"turns":6},{"damage":17,"enemies":"4 Shapes","floor":39,"turns":6},{"damage":44,"enemies":"Reptomancer","floor":40,"turns":5},{"damage":5,"enemies":"Giant Head","floor":42,"turns":7},{"damage":10,"enemies":"Writhing Mass","floor":45,"turns":6},{"damage":49,"enemies":"Time Eater","floor":50,"turns":7},{"damage":61,"enemies":"Shield and Spear","floor":54,"turns":6},{"damage":71,"enemies":"The Heart","floor":55,"turns":6}],"seed_played":"6672756003491133408","potions_obtained":[{"floor":4,"key":"Swift Potion"},{"floor":5,"key":"BlessingOfTheForge"},{"floor":14,"key":"Swift Potion"},{"floor":16,"key":"Dexterity Potion"},{"floor":18,"key":"GamblersBrew"},{"floor":19,"key":"LiquidMemories"},{"floor":21,"key":"AttackPotion"},{"floor":23,"key":"Strength Potion"},{"floor":28,"key":"Regen Potion"},{"floor":33,"key":"Regen Potion"},{"floor":38,"key":"Block Potion"},{"floor":40,"key":"Swift Potion"},{"floor":54,"key":"EssenceOfSteel"}],"is_trial":false,"path_per_floor":["M","?","M","M","M","R","E","R","T","M","?","E","?","M","R","B",null,"M","M","$","M","M","E","R","E","T","M","M","R","?","M","R","B",null,"M","?","$","M","M","E","R","E","T","$","M","R","?","?","R","B",null,"R","$","E","B"],"character_chosen":"IRONCLAD","items_purchased":["EntropicBrew","Inflame","TheAbacus","Bag of Preparation","Membership Card","DollysMirror","Metallicize","DuplicationPotion","LiquidMemories","Whetstone","Dexterity Potion"],"campfire_rested":4,"item_purchase_floors":[20,20,20,20,37,44,44,44,44,53,53],"current_hp_per_floor":[88,85,88,88,78,78,55,82,82,68,62,53,53,48,75,23,92,87,85,85,82,76,73,73,68,68,68,71,71,71,74,98,84,98,100,100,100,70,61,54,85,88,88,88,84,99,99,99,108,65,108,108,108,55,0,0],"gold":66,"neow_bonus":"TEN_PERCENT_HP_BONUS","is_daily":false,"chose_seed":false,"campfire_upgraded":5,"win_rate":0.0,"timestamp":1608302439,"path_taken":["M","?","M","M","M","R","E","R","T","M","?","E","?","M","R","BOSS","M","M","$","M","M","E","R","E","T","M","M","R","?","M","R","BOSS","M","?","$","M","M","E","R","E","T","$","?","R","?","?","R","BOSS","R","$","E","BOSS"],"items_purchased_type":["Potion","Card","Relic","Relic","Relic","Relic","Card","Potion","Potion","Relic","Potion"],"build_version":"2020-12-13","purchased_purges":3,"victory":false,"max_hp_per_floor":[88,88,88,88,88,88,90,90,90,90,90,92,92,92,92,92,92,92,92,92,92,92,94,94,96,96,96,96,96,96,98,98,98,98,100,100,100,102,104,106,106,108,108,108,108,108,108,108,108,108,108,108,108,110,110,110],"card_choices":[{"not_picked":["Dark Embrace","Second Wind"],"picked":"Clothesline","floor":1},{"not_picked":["Heavy Blade","Second Wind"],"picked":"Armaments","floor":3},{"not_picked":["Armaments","Rupture"],"picked":"Thunderclap","floor":4},{"not_picked":["Sever Soul","Body Slam"],"picked":"Fire Breathing","floor":5},{"not_picked":["True Grit","Blood for Blood","Anger"],"picked":"Singing Bowl","floor":7},{"not_picked":["Heavy Blade","Exhume"],"picked":"Shrug It Off","floor":10},{"not_picked":["True Grit","Flex"],"picked":"Power Through","floor":11},{"not_picked":["Infernal Blade","Blood for Blood","Feed"],"picked":"Singing Bowl","floor":12},{"not_picked":["Warcry","Clothesline"],"picked":"Headbutt","floor":14},{"not_picked":["Double Tap","Exhume"],"picked":"Berserk","floor":16},{"not_picked":["Rage+1","Sword Boomerang+1"],"picked":"Battle Trance","floor":18},{"not_picked":["Anger+1","Armaments"],"picked":"Rage","floor":19},{"not_picked":["Ghostly Armor","Pommel Strike+1"],"picked":"Inflame+1","floor":21},{"not_picked":["Warcry","Armaments+1"],"picked":"Shrug It Off+1","floor":22},{"not_picked":["Fire Breathing","Impervious","Corruption"],"picked":"Singing Bowl","floor":23},{"not_picked":["Clash","Flex","Anger"],"picked":"Singing Bowl","floor":25},{"not_picked":["Clash","Perfected Strike"],"picked":"Twin Strike","floor":27},{"not_picked":["Blood for Blood","Clash"],"picked":"Cleave","floor":28},{"not_picked":["Entrench","Twin Strike","Dropkick+1"],"picked":"Singing Bowl","floor":31},{"not_picked":["Bludgeon","Immolate"],"picked":"Demon Form","floor":33},{"not_picked":["Flex+1"],"picked":"Singing Bowl","floor":35},{"not_picked":["Thunderclap"],"picked":"Singing Bowl","floor":38},{"not_picked":["Havoc"],"picked":"Singing Bowl","floor":39},{"not_picked":["Headbutt"],"picked":"Singing Bowl","floor":40},{"not_picked":["Carnage+1"],"picked":"Singing Bowl","floor":42},{"not_picked":[],"picked":"Uppercut","floor":45},{"not_picked":["True Grit+1"],"picked":"Singing Bowl","floor":54}],"player_experience":568599,"relics_obtained":[{"floor":7,"key":"Potion Belt"},{"floor":11,"key":"Odd Mushroom"},{"floor":12,"key":"MawBank"},{"floor":17,"key":"Nunchaku"},{"floor":17,"key":"HornCleat"},{"floor":17,"key":"Gambling Chip"},{"floor":23,"key":"Lantern"},{"floor":25,"key":"InkBottle"},{"floor":26,"key":"Boot"},{"floor":40,"key":"Bottled Tornado"},{"floor":42,"key":"Eternal Feather"},{"floor":43,"key":"PreservedInsect"},{"floor":54,"key":"Bird Faced Urn"}],"event_choices":[{"damage_healed":0,"gold_gain":0,"player_choice":"Success","damage_taken":3,"relics_obtained":["Singing Bowl"],"max_hp_gain":0,"max_hp_loss":0,"event_name":"Scrap Ooze","floor":2,"gold_loss":0},{"damage_healed":0,"gold_gain":0,"player_choice":"Fought Mushrooms","damage_taken":0,"max_hp_gain":0,"max_hp_loss":0,"event_name":"Mushrooms","floor":11,"gold_loss":0},{"damage_healed":0,"gold_gain":0,"cards_transformed":["Strike_R"],"player_choice":"Change","damage_taken":0,"max_hp_gain":0,"max_hp_loss":0,"event_name":"Living Wall","floor":13,"gold_loss":0,"cards_obtained":["Inflame"]},{"damage_healed":0,"gold_gain":99,"player_choice":"Stole From Cult","damage_taken":0,"max_hp_gain":0,"max_hp_loss":0,"event_name":"Nest","floor":30,"gold_loss":0},{"cards_removed":["Strike_R"],"damage_healed":0,"gold_gain":0,"player_choice":"Offered Basic","damage_taken":0,"max_hp_gain":0,"max_hp_loss":0,"event_name":"Bonfire Elementals","floor":36,"gold_loss":0},{"cards_removed":["Power Through"],"damage_healed":0,"gold_gain":0,"player_choice":"Removed Skill","damage_taken":0,"max_hp_gain":0,"max_hp_loss":0,"event_name":"Falling","floor":47,"gold_loss":0},{"damage_healed":0,"gold_gain":100,"player_choice":"Pray","damage_taken":0,"max_hp_gain":0,"max_hp_loss":0,"event_name":"Golden Shrine","floor":48,"gold_loss":0}],"is_beta":false,"boss_relics":[{"not_picked":["Sozu","Mark of Pain"],"picked":"Calling Bell"},{"not_picked":["Philosopher\u0027s Stone","Runic Cube"],"picked":"Busted Crown"}],"items_purged_floors":[20,37,44],"is_endless":false,"potions_floor_spawned":[4,5,14,16,18,19,21,23,28,33,38,40,54],"killed_by":"The Heart","ascension_level":1}}