{"host":"wdiovb6uv7szux0m","time":1608273944,"event":{"mods":["BaseMod","Minty Spire (QoL Compilation)","StSLib","The Bug Knight","The Druid"],"gold_per_floor":[110,130,143,143,158,176,236,250,250,250,294,308,342,342,342,463,463,483,506,130,144,144,179,179,79,79,79,97,97,113,90,90,218,218,243,263,277,277,20,20,38,38,63,86,86,86,86],"floor_reached":46,"playtime":3545,"items_purged":["Strike_P","Defend_P"],"score":489,"play_id":"cc48d8ed-864a-442c-868d-733764ce0973","local_time":"20201217214544","is_ascension_mode":false,"campfire_choices":[{"floor":10,"key":"REST"},{"floor":15,"key":"REST"},{"floor":24,"key":"REST"},{"floor":29,"key":"REST"},{"floor":32,"key":"REST"},{"floor":40,"key":"RECALL"},{"floor":42,"key":"REST"}],"circlet_count":0,"master_deck":["Strike_P","Strike_P","Defend_P","Defend_P+1","Eruption","Vigilance","FollowUp","SignatureMove","PathToVictory+1","Evaluate","Sanctity","Evaluate","FollowUp","Evaluate","Alpha","Omniscience+1","PathToVictory","LikeWater","EmptyFist","CrushJoints","JustLucky+1","PathToVictory","Wallop+1","CutThroughFate","LessonLearned","DeceiveReality","InnerPeace+1","LikeWater+1","Madness+1"],"relics":["PureWater","NeowsBlessing","Golden Idol","MealTicket","Pear","Art of War","Orichalcum","SlaversCollar","GoldenEye","Shovel","Velvet Choker","Toxic Egg 2","Omamori"],"acts_visited":["Exordium","TheCity","TheBeyond"],"potions_floor_usage":[7,13,16,19,19,23,33,37],"damage_taken":[{"damage":0,"enemies":"Cultist","floor":1,"turns":1},{"damage":0,"enemies":"Small Slimes","floor":2,"turns":1},{"damage":0,"enemies":"2 Louse","floor":3,"turns":1},{"damage":5,"enemies":"Exordium Thugs","floor":5,"turns":3},{"damage":8,"enemies":"3 Louse","floor":6,"turns":4},{"damage":0,"enemies":"Lagavulin","floor":7,"turns":3},{"damage":15,"enemies":"Gremlin Gang","floor":8,"turns":4},{"damage":14,"enemies":"Gremlin Nob","floor":11,"turns":4},{"damage":6,"enemies":"Blue Slaver","floor":12,"turns":4},{"damage":11,"enemies":"Lagavulin","floor":13,"turns":4},{"damage":13,"enemies":"Hexaghost","floor":16,"turns":7},{"damage":18,"enemies":"Spheric Guardian","floor":18,"turns":4},{"damage":20,"enemies":"2 Thieves","floor":19,"turns":5},{"damage":18,"enemies":"Sentry and Sphere","floor":21,"turns":5},{"damage":36,"enemies":"Book of Stabbing","floor":23,"turns":5},{"damage":9,"enemies":"Snake Plant","floor":28,"turns":4},{"damage":32,"enemies":"Centurion and Healer","floor":30,"turns":6},{"damage":39,"enemies":"Automaton","floor":33,"turns":6},{"damage":10,"enemies":"Orb Walker","floor":35,"turns":4},{"damage":0,"enemies":"3 Shapes","floor":36,"turns":7},{"damage":16,"enemies":"Transient","floor":37,"turns":5},{"damage":32,"enemies":"Writhing Mass","floor":41,"turns":6},{"damage":32,"enemies":"3 Darklings","floor":44,"turns":8},{"damage":38,"enemies":"Transient","floor":46,"turns":3}],"seed_played":"3818749865059477762","potions_obtained":[{"floor":2,"key":"ColorlessPotion"},{"floor":3,"key":"SpeedPotion"},{"floor":5,"key":"Block Potion"},{"floor":12,"key":"PowerPotion"},{"floor":18,"key":"ColorlessPotion"},{"floor":19,"key":"AttackPotion"},{"floor":30,"key":"LiquidMemories"},{"floor":35,"key":"FearPotion"}],"is_trial":false,"path_per_floor":["M","M","M","?","M","M","E","M","T","R","E","M","E","?","R","B",null,"M","M","$","M","?","E","R","$","T","?","M","R","M","$","R","B",null,"M","M","M","?","$","R","M","R","T","M","?","M"],"character_chosen":"WATCHER","items_purchased":["GoldenEye","CutThroughFate","Toxic Egg 2"],"campfire_rested":6,"item_purchase_floors":[20,31,39],"current_hp_per_floor":[72,72,72,54,49,41,41,26,36,60,46,40,29,29,53,40,82,64,44,59,41,41,5,29,44,44,44,35,59,27,42,66,27,82,72,72,56,56,71,71,39,63,63,31,31,0,0],"gold":86,"neow_bonus":"THREE_ENEMY_KILL","is_daily":false,"chose_seed":false,"campfire_upgraded":0,"win_rate":0.0,"timestamp":1608273944,"path_taken":["M","M","M","?","M","M","E","M","T","R","E","M","E","?","R","BOSS","M","M","$","M","?","E","R","?","T","?","M","R","M","$","R","BOSS","M","?","M","?","$","R","M","R","T","M","?","M"],"items_purchased_type":["Relic","Card","Relic"],"build_version":"2020-12-13","purchased_purges":2,"victory":false,"max_hp_per_floor":[72,72,72,72,72,72,72,72,82,82,82,82,82,82,82,82,82,82,82,82,82,82,82,82,82,82,82,82,82,82,82,82,82,82,82,82,82,82,82,82,82,82,82,82,82,82,82],"card_choices":[{"not_picked":["ThirdEye","CrushJoints"],"picked":"FollowUp","floor":1},{"not_picked":["Collect","ThirdEye"],"picked":"SignatureMove","floor":2},{"not_picked":["Consecrate","JustLucky"],"picked":"PathToVictory","floor":3},{"not_picked":["Halt","ReachHeaven"],"picked":"Evaluate","floor":5},{"not_picked":["ForeignInfluence","MasterReality","FlurryOfBlows"],"picked":"SKIP","floor":6},{"not_picked":["SandsOfTime","Evaluate"],"picked":"Sanctity","floor":7},{"not_picked":["CrushJoints","ReachHeaven"],"picked":"Evaluate","floor":8},{"not_picked":["FlyingSleeves","FlurryOfBlows"],"picked":"FollowUp","floor":11},{"not_picked":["EmptyFist","CrushJoints"],"picked":"Evaluate","floor":12},{"not_picked":["Sanctity","ThirdEye"],"picked":"Alpha","floor":13},{"not_picked":["Devotion","DevaForm"],"picked":"Omniscience","floor":16},{"not_picked":["JustLucky","LikeWater"],"picked":"PathToVictory","floor":18},{"not_picked":["WindmillStrike","WheelKick"],"picked":"LikeWater","floor":19},{"not_picked":["Vengeance","Tantrum"],"picked":"EmptyFist","floor":21},{"not_picked":["Worship","EmptyBody"],"picked":"JustLucky+1","floor":23},{"not_picked":["Meditate","JustLucky"],"picked":"PathToVictory","floor":28},{"not_picked":["InnerPeace","Devotion"],"picked":"Wallop+1","floor":30},{"not_picked":["Scrawl","DeusExMachina"],"picked":"LessonLearned","floor":33},{"not_picked":["FlurryOfBlows","FlyingSleeves+1","Consecrate+1"],"picked":"SKIP","floor":35},{"not_picked":["Adaptation","Wireheading"],"picked":"DeceiveReality","floor":36},{"not_picked":["Sanctity","Fasting2+1","Prostrate"],"picked":"SKIP","floor":37},{"not_picked":["EmptyFist+1","FollowUp+1"],"picked":"InnerPeace+1","floor":41},{"not_picked":["SashWhip","CutThroughFate"],"picked":"LikeWater+1","floor":44},{"not_picked":["Sadistic Nature","Dramatic Entrance"],"picked":"Madness+1","floor":45}],"player_experience":1495678,"relics_obtained":[{"floor":7,"key":"MealTicket"},{"floor":9,"key":"Pear"},{"floor":11,"key":"Art of War"},{"floor":13,"key":"Orichalcum"},{"floor":23,"key":"Shovel"},{"floor":43,"key":"Omamori"}],"event_choices":[{"damage_healed":0,"gold_gain":0,"player_choice":"Take Damage","damage_taken":18,"relics_obtained":["Golden Idol"],"max_hp_gain":0,"max_hp_loss":0,"event_name":"Golden Idol","floor":4,"gold_loss":0},{"damage_healed":0,"gold_gain":0,"player_choice":"Searched \u00271\u0027 times","damage_taken":0,"max_hp_gain":0,"max_hp_loss":0,"event_name":"Dead Adventurer","floor":14,"gold_loss":0},{"damage_healed":0,"gold_gain":0,"cards_transformed":["Strike_P"],"player_choice":"Transformed","damage_taken":0,"max_hp_gain":0,"max_hp_loss":0,"event_name":"Transmorgrifier","floor":22,"gold_loss":0,"cards_obtained":["CrushJoints"]},{"damage_healed":0,"gold_gain":0,"player_choice":"Upgraded","damage_taken":0,"max_hp_gain":0,"max_hp_loss":0,"event_name":"Upgrade Shrine","floor":27,"gold_loss":0,"cards_upgraded":["Omniscience"]},{"cards_removed":["Defend_P"],"damage_healed":0,"gold_gain":0,"player_choice":"Removed Skill","damage_taken":0,"max_hp_gain":0,"max_hp_loss":0,"event_name":"Falling","floor":38,"gold_loss":0},{"damage_healed":0,"gold_gain":0,"player_choice":"Memory 1","damage_taken":0,"max_hp_gain":0,"max_hp_loss":0,"event_name":"SensoryStone","floor":45,"gold_loss":0}],"is_beta":false,"boss_relics":[{"not_picked":["Black Star","Tiny House"],"picked":"SlaversCollar"},{"not_picked":["Cursed Key","Runic Pyramid"],"picked":"Velvet Choker"}],"items_purged_floors":[20,25],"is_endless":false,"potions_floor_spawned":[2,3,5,12,18,19,30,35],"killed_by":"Transient","ascension_level":0}}