{"host":"agbyy69nq62afhwx","time":1608259622,"event":{"mods":["BaseMod","Colored Map","Highlight Path","Keyboard Shortcuts","Minty Spire (QoL Compilation)","Quick Restart","StSLib","everything is the same but u backflip on backflip"],"gold_per_floor":[115,115,65,65,82,114,114,124,124,124,135,145,145,164,164,264,264,280,59,59,75,85,85,100,100,123,123,143,157,157,157],"floor_reached":30,"playtime":1054,"items_purged":["Defend_B"],"score":272,"play_id":"47f3fd8f-b7dc-4dbb-a4ec-fd52717c6291","local_time":"20201218114702","is_ascension_mode":true,"campfire_choices":[{"data":"Coolheaded","floor":7.0,"key":"SMITH"},{"data":"Skim","floor":10.0,"key":"SMITH"},{"floor":13.0,"key":"REST"},{"floor":15.0,"key":"REST"},{"floor":23,"key":"REST"},{"data":"Biased Cognition","floor":25,"key":"SMITH"}],"circlet_count":0,"master_deck":["Strike_B","Strike_B","Defend_B","Defend_B","Zap","Dualcast","Reinforced Body","Skim+1","Coolheaded+1","Core Surge","Ball Lightning","Doom and Gloom","Capacitor","Biased Cognition+1","Conserve Battery+1","Redo","Hologram","Loop"],"relics":["Cracked Core","NeowsBlessing","Juzu Bracelet","InkBottle","Runic Pyramid","Art of War","Bag of Marbles"],"acts_visited":["Exordium","TheCity"],"potions_floor_usage":[22],"damage_taken":[{"damage":0.0,"enemies":"Cultist","floor":1.0,"turns":1.0},{"damage":0.0,"enemies":"2 Louse","floor":5.0,"turns":1.0},{"damage":0.0,"enemies":"3 Sentries","floor":6.0,"turns":1.0},{"damage":6.0,"enemies":"Jaw Worm","floor":8.0,"turns":4.0},{"damage":35.0,"enemies":"Gremlin Gang","floor":11.0,"turns":6.0},{"damage":17.0,"enemies":"Large Slime","floor":12.0,"turns":5.0},{"damage":11.0,"enemies":"3 Louse","floor":14.0,"turns":2.0},{"damage":40.0,"enemies":"The Guardian","floor":16.0,"turns":11.0},{"damage":32.0,"enemies":"2 Thieves","floor":18.0,"turns":4.0},{"damage":0.0,"enemies":"Shell Parasite","floor":21.0,"turns":5.0},{"damage":13,"enemies":"Cultist and Chosen","floor":22,"turns":4},{"damage":18,"enemies":"Centurion and Healer","floor":24,"turns":7},{"damage":5,"enemies":"Chosen and Byrds","floor":28,"turns":5},{"damage":13,"enemies":"Snecko","floor":29,"turns":4},{"damage":19,"enemies":"3 Cultists","floor":30,"turns":3}],"seed_played":"6962320823167492475","potions_obtained":[{"floor":5.0,"key":"FocusPotion"},{"floor":11.0,"key":"Explosive Potion"},{"floor":12.0,"key":"CultistPotion"},{"floor":22,"key":"BlessingOfTheForge"},{"floor":29,"key":"SkillPotion"}],"is_trial":false,"path_per_floor":["M","?","?","?","M","E","R","M","T","R","M","M","R","M","R","B",null,"M","$","?","M","M","R","M","R","T","?","M","M","M"],"character_chosen":"DEFECT","items_purchased":["Art of War"],"campfire_rested":3,"item_purchase_floors":[19],"current_hp_per_floor":[75,75,75,75,75,75,75,69,69,69,34,17,39,28,50,10,75,43,43,43,43,30,52,34,34,34,34,29,16,0,0],"gold":157,"neow_bonus":"THREE_ENEMY_KILL","is_daily":false,"chose_seed":false,"campfire_upgraded":3,"win_rate":0.0,"timestamp":1608259622,"path_taken":["M","?","?","?","?","E","R","M","T","R","M","M","R","M","R","BOSS","M","$","?","M","M","R","M","R","T","?","M","M","M"],"items_purchased_type":["Relic"],"build_version":"2020-12-13","purchased_purges":1,"victory":false,"max_hp_per_floor":[75,75,75,75,75,75,75,75,75,75,75,75,75,75,75,75,75,75,75,75,75,75,75,75,75,75,75,75,75,75,75],"card_choices":[{"not_picked":["Turbo","Beam Cell"],"picked":"Reinforced Body","floor":1.0},{"not_picked":["Compile Driver","Coolheaded"],"picked":"Skim","floor":5.0},{"not_picked":["Chill","Cold Snap"],"picked":"Coolheaded","floor":6.0},{"not_picked":["Sweeping Beam","Go for the Eyes"],"picked":"Core Surge","floor":8.0},{"not_picked":["Leap","Turbo"],"picked":"Ball Lightning","floor":11.0},{"not_picked":["Turbo","Compile Driver"],"picked":"Doom and Gloom","floor":12.0},{"not_picked":["Hologram","Compile Driver"],"picked":"Capacitor","floor":14.0},{"not_picked":["Thunder Strike","Meteor Strike"],"picked":"Biased Cognition","floor":16.0},{"not_picked":["Skim","Beam Cell"],"picked":"Conserve Battery+1","floor":18.0},{"not_picked":["Reprogram+1","Conserve Battery+1"],"picked":"Redo","floor":21.0},{"not_picked":["Redo","Rebound"],"picked":"Hologram","floor":22},{"not_picked":["Storm+1","Turbo"],"picked":"Loop","floor":24},{"not_picked":["Coolheaded","Scrape","Go for the Eyes"],"picked":"SKIP","floor":28},{"not_picked":["Beam Cell","Hello World","Turbo"],"picked":"SKIP","floor":29}],"player_experience":313575,"relics_obtained":[{"floor":6.0,"key":"Juzu Bracelet"},{"floor":9.0,"key":"InkBottle"},{"floor":26,"key":"Bag of Marbles"}],"event_choices":[{"damage_healed":0.0,"max_hp_gain":0.0,"max_hp_loss":0.0,"gold_gain":0.0,"event_name":"Liars Game","player_choice":"Ignored","floor":2.0,"gold_loss":0.0,"damage_taken":0.0},{"cards_removed":["Strike_B"],"damage_healed":0.0,"max_hp_gain":0.0,"max_hp_loss":0.0,"gold_gain":0.0,"event_name":"The Cleric","player_choice":"Card Removal","floor":3.0,"gold_loss":50.0,"damage_taken":0.0},{"cards_removed":["Strike_B"],"damage_healed":0.0,"max_hp_gain":0.0,"max_hp_loss":0.0,"gold_gain":0.0,"event_name":"Purifier","player_choice":"Purged","floor":4.0,"gold_loss":0.0,"damage_taken":0.0},{"cards_removed":["Defend_B"],"damage_healed":0.0,"max_hp_gain":0.0,"max_hp_loss":0.0,"gold_gain":0.0,"event_name":"Back to Basics","player_choice":"Elegance","floor":20.0,"gold_loss":0.0,"damage_taken":0.0},{"damage_healed":0,"gold_gain":0,"player_choice":"Ignored","damage_taken":0,"max_hp_gain":0,"max_hp_loss":0,"event_name":"Vampires","floor":27,"gold_loss":0}],"is_beta":false,"boss_relics":[{"not_picked":["Fusion Hammer","Calling Bell"],"picked":"Runic Pyramid"}],"items_purged_floors":[19],"is_endless":false,"potions_floor_spawned":[5,11,12,14,18,22,29],"killed_by":"3 Cultists","ascension_level":1}}