{"host":"2461dio7vetlq1z3","time":1608259407,"event":{"mods":["2.2 Compatiblity","AchievementEnabler","BaseMod","Better Third Choice","Hermit","Minty Spire (QoL Compilation)","Relic Stats","Spicy Shops","StSLib","The Animator","Waifu the Spire"],"gold_per_floor":[118,130,130,149,17,17,44,44,125,125,143,181,210,219,219,219,219],"floor_reached":16,"playtime":529,"items_purged":["Strike_G"],"score":198,"play_id":"9aa1d841-62b4-471e-8a6b-7f0d487e635f","local_time":"20201218034327","is_ascension_mode":true,"campfire_choices":[{"data":"Poisoned Stab","floor":6,"key":"SMITH"},{"data":"Bouncing Flask","floor":8,"key":"SMITH"},{"data":"Night Terror","floor":15,"key":"SMITH"}],"circlet_count":0,"master_deck":["AscendersBane","Strike_G","Strike_G","Defend_G","Defend_G","Defend_G","Defend_G","Survivor","Neutralize","Dramatic Entrance","Poisoned Stab+1","Leg Sweep","Dodge and Roll","Masterful Stab","Bouncing Flask+1","Catalyst","Dash","Footwork","Bane","Night Terror+1"],"relics":["Ring of the Snake","Pen Nib","StrikeDummy","CeramicFish"],"acts_visited":["Exordium"],"potions_floor_usage":[12],"damage_taken":[{"damage":0,"enemies":"Small Slimes","floor":1,"turns":3},{"damage":0,"enemies":"Cultist","floor":2,"turns":3},{"damage":2,"enemies":"Jaw Worm","floor":4,"turns":6},{"damage":9,"enemies":"Gremlin Nob","floor":7,"turns":5},{"damage":1,"enemies":"Large Slime","floor":11,"turns":4},{"damage":10,"enemies":"Lagavulin","floor":12,"turns":5},{"damage":0,"enemies":"3 Louse","floor":13,"turns":3},{"damage":42,"enemies":"Slime Boss","floor":16,"turns":7}],"seed_played":"-6883539567817730913","potions_obtained":[{"floor":4,"key":"PowerPotion"},{"floor":7,"key":"Ancient Potion"}],"is_trial":false,"path_per_floor":["M","M","?","M","$","R","E","R","T","?","M","E","M","?","R","B"],"character_chosen":"THE_SILENT","items_purchased":["Masterful Stab"],"campfire_rested":0,"item_purchase_floors":[5],"current_hp_per_floor":[59,59,52,50,50,50,41,41,41,41,40,30,30,30,30,0,0],"gold":219,"neow_bonus":"RANDOM_COLORLESS","is_daily":false,"chose_seed":false,"campfire_upgraded":3,"win_rate":0.0,"timestamp":1608259407,"path_taken":["M","M","?","M","$","R","E","R","T","?","?","E","M","?","R","BOSS"],"items_purchased_type":["Card"],"build_version":"2020-12-13","purchased_purges":1,"victory":false,"max_hp_per_floor":[66,66,66,66,66,66,66,66,66,66,66,66,66,66,66,66,66],"relic_stats":{"counters":[8,36],"CeramicFish":27,"Pen Nib":[3],"obtain_stats":[{"CeramicFish":12,"Pen Nib":7,"StrikeDummy":9,"Ring of the Snake":0},{"CeramicFish":6,"Pen Nib":4,"StrikeDummy":4,"Ring of the Snake":0},{"CeramicFish":26,"Pen Nib":17,"StrikeDummy":17,"Ring of the Snake":0}],"Ring of the Snake":[16]},"card_choices":[{"not_picked":["Impatience","Mind Blast"],"picked":"Dramatic Entrance","floor":0},{"not_picked":["Choke","Dodge and Roll"],"picked":"Poisoned Stab","floor":1},{"not_picked":["Flying Knee","Prepared"],"picked":"Leg Sweep","floor":2},{"not_picked":["Sucker Punch","Acrobatics"],"picked":"Dodge and Roll","floor":4},{"not_picked":["Escape Plan","Dodge and Roll"],"picked":"Bouncing Flask","floor":7},{"not_picked":["Backflip","Sucker Punch"],"picked":"Dash","floor":11},{"not_picked":["Dagger Spray","Phantasmal Killer"],"picked":"Footwork","floor":12},{"not_picked":["Slice","Bane","Flying Knee"],"picked":"SKIP","floor":13},{"not_picked":["Slice","Flying Knee"],"picked":"Bane","floor":13}],"player_experience":784694,"relics_obtained":[{"floor":7,"key":"Pen Nib"},{"floor":9,"key":"StrikeDummy"},{"floor":12,"key":"CeramicFish"}],"event_choices":[{"cards_removed":["Strike_G"],"damage_healed":0,"gold_gain":0,"player_choice":"Card Removal","damage_taken":7,"max_hp_gain":0,"max_hp_loss":0,"event_name":"Golden Wing","floor":3,"gold_loss":0},{"damage_healed":0,"gold_gain":0,"cards_transformed":["Defend_G"],"player_choice":"Transformed","damage_taken":0,"max_hp_gain":0,"max_hp_loss":0,"event_name":"Transmorgrifier","floor":10,"gold_loss":0,"cards_obtained":["Catalyst"]},{"damage_healed":0,"gold_gain":0,"cards_transformed":["Strike_G"],"player_choice":"Change","damage_taken":0,"max_hp_gain":0,"max_hp_loss":0,"event_name":"Living Wall","floor":14,"gold_loss":0,"cards_obtained":["Night Terror"]}],"is_beta":false,"boss_relics":[],"items_purged_floors":[5],"is_endless":false,"potions_floor_spawned":[4,7,11],"killed_by":"Slime Boss","ascension_level":16}}