{"host":"p4yrwepmrl4g8pul","time":1608256357,"event":{"mods":["Act Like it!","BaseMod","BetterRewards","Colored Map","Custom Start","Gensokyo","Marisa£®ÏF”Í°°ƒß¿Ì…≥£©","Minty Spire (QoL Compilation)","Quick Restart","Rare Cards Sparkle","Reimu£®≤©¿ˆ¡È√Œ£©","Remilia£®¿Ÿ√◊¿Ú—«£©","Remove Card Discount Mod","Shop Mod","StSLib","The Jungle"],"gold_per_floor":[113,23,23,23,37,37,37,70,97,7,35,35,35,35,35,131,131,145,145,157,157,182,217,251,251,251,286,312,329,359,359,359,464,514,533,38,38,70,82,114,148,162,162,193,218,268,278,311,311,311],"floor_reached":51,"playtime":1575,"items_purged":["RedRainbow","DiffusionOfMisfortune","EndlessAdversity","ChainGang","BloodHunter","RedRainbow","ScarletDevil","TwelveNightmare","BloodHunter","ScarletGensokyo","CharismaGuard","ScarletDevil","ScarletDevilSign","EndlessAdversity","MiserableFate","ReincarnationDial","DiffusionOfMisfortune","ScarletDevil","ReincarnationDial","ScarletDevilSign","ForbiddenFruit","FavorOfDestiny","ScarletDevil","VampireSweep","DiffusionOfMisfortune","VampireKiss","EndlessAdversity","CharismaGuard","DiffusionOfMisfortune","BlasphemousPunishment","BadLadyScramble","EmergencyRegeneration","RedMagic","StarOfDavid","ScarletDevilSign","DevilSight","MastersStateliness","VampireKiss","BlasphemousPunishment","UnderTheZenith","ScarletDevil","HunterOfTheNight","ScarletImprint","FitfulNightmare","VampireKiss","UnderTheZenith"],"score":1716,"play_id":"c7ab8485-b2d5-4d02-9e94-3eaa0e81c1ad","local_time":"20201218095237","daily_mods":["Insanity","Flight","DeadlyEvents"],"is_ascension_mode":true,"campfire_choices":[{"data":"HunterOfTheNight","floor":6.0,"key":"SMITH"},{"data":"BombardNight","floor":7.0,"key":"SMITH"},{"data":"Deep Breath","floor":12.0,"key":"SMITH"},{"data":"QueenOfMidnight","floor":13.0,"key":"SMITH"},{"data":"UnstableMagic","floor":15.0,"key":"SMITH"},{"floor":25.0,"key":"REST"},{"floor":32.0,"key":"REST"},{"floor":49,"key":"REST"}],"circlet_count":0,"master_deck":["BloodHunter+1","BombardNight+1","HunterOfTheNight+1","UnstableMagic+1","StarOfDavid+1","UnstableMagic+1","Deep Breath+1","QueenOfMidnight+1","MiserableFate+1","BloodySeventeenLaser+1","Deep Breath+1"],"relics":["ScarletHat","Blood Vial","PureWhite:ReiMu","Busted Crown","Bottled Flame","Bottled Tornado","InkBottle","The Courier","Mercury Hourglass","HornCleat","Molten Egg 2","Bag of Marbles","Mango","Tiny House","Medical Kit","Vajra","Ancient Tea Set","Pen Nib","RedBat","Question Card","Singing Bowl","Anchor","Orichalcum","StoneCalendar","Frozen Egg 2"],"acts_visited":["Exordium","TheCity","TheBeyond"],"potions_floor_usage":[40,41,50,50],"damage_taken":[{"damage":0.0,"enemies":"2 Louse","floor":1.0,"turns":1.0},{"damage":0.0,"enemies":"Cultist","floor":5.0,"turns":1.0},{"damage":0.0,"enemies":"Gremlin Nob","floor":8.0,"turns":2.0},{"damage":0.0,"enemies":"Lagavulin","floor":11.0,"turns":2.0},{"damage":0.0,"enemies":"Slime Boss","floor":16.0,"turns":5.0},{"damage":0.0,"enemies":"2 Thieves","floor":18.0,"turns":1.0},{"damage":0.0,"enemies":"Chosen","floor":20.0,"turns":1.0},{"damage":0.0,"enemies":"Book of Stabbing","floor":22.0,"turns":2.0},{"damage":0.0,"enemies":"Gremlin Leader","floor":23.0,"turns":3.0},{"damage":0.0,"enemies":"Book of Stabbing","floor":24.0,"turns":3.0},{"damage":0.0,"enemies":"Slavers","floor":27.0,"turns":3.0},{"damage":0.0,"enemies":"Book of Stabbing","floor":28.0,"turns":3.0},{"damage":9.0,"enemies":"Snake Plant","floor":29.0,"turns":2.0},{"damage":3.0,"enemies":"Slavers","floor":30.0,"turns":2.0},{"damage":0.0,"enemies":"Collector","floor":33.0,"turns":4.0},{"damage":0.0,"enemies":"3 Shapes","floor":35.0,"turns":2.0},{"damage":0.0,"enemies":"Reptomancer","floor":38.0,"turns":2.0},{"damage":0.0,"enemies":"3 Darklings","floor":39.0,"turns":1.0},{"damage":0,"enemies":"Giant Head","floor":40,"turns":1},{"damage":0,"enemies":"Nemesis","floor":41,"turns":1},{"damage":12,"enemies":"4 Shapes","floor":42,"turns":2},{"damage":0,"enemies":"Giant Head","floor":44,"turns":2},{"damage":0,"enemies":"Nemesis","floor":45,"turns":1},{"damage":0,"enemies":"Mind Bloom Boss Battle","floor":46,"turns":2},{"damage":0,"enemies":"Sphere and 2 Shapes","floor":47,"turns":2},{"damage":0,"enemies":"Reptomancer","floor":48,"turns":1},{"damage":0,"enemies":"Donu and Deca","floor":50,"turns":3}],"seed_played":"7352425546151861277","potions_obtained":[{"floor":8.0,"key":"Dexterity Potion"},{"floor":16.0,"key":"Fire Potion"},{"floor":18.0,"key":"LiquidMemories"},{"floor":20.0,"key":"DestinyDice"},{"floor":23.0,"key":"ColorlessPotion"},{"floor":28.0,"key":"Energy Potion"},{"floor":30.0,"key":"Ancient Potion"},{"floor":34.0,"key":"Swift Potion"},{"floor":38.0,"key":"LiquidBronze"},{"floor":40,"key":"Swift Potion"},{"floor":41,"key":"DuplicationPotion"},{"floor":44,"key":"ZuzhouPotion:ReiMu"}],"is_trial":true,"path_per_floor":["M","$","?","?","M","R","R","E","T","$","E","R","R","?","R","B",null,"M","T","M","?","E","E","E","R","T","E","E","M","E","T","R","B",null,"M","$","?","E","M","E","E","M","T","E","E","?","M","E","R","B",null],"character_chosen":"REMILIA","items_purchased":["Deep Breath","Medical Kit","Vajra","BloodySeventeenLaser+1","Ancient Tea Set"],"campfire_rested":3,"item_purchase_floors":[10,36,36,36,36],"current_hp_per_floor":[75,75,80,64,65,65,65,69,69,69,76,76,76,76,76,80,80,80,80,80,80,80,80,80,80,80,80,80,72,74,88,94,94,99,99,99,99,99,99,99,99,87,87,101,103,105,107,109,109,109],"gold":311,"neow_bonus":"","is_daily":false,"chose_seed":false,"campfire_upgraded":5,"win_rate":0.0,"timestamp":1608256357,"path_taken":["M","$","?","?","M","R","R","E","T","$","E","R","R","?","R","BOSS","M","?","?","?","?","E","E","R","T","E","E","?","E","?","R","BOSS","M","$","?","?","?","E","E","?","T","E","?","?","?","E","R","BOSS"],"items_purchased_type":["Card","Relic","Relic","Card","Relic"],"build_version":"2020-12-13","purchased_purges":46,"victory":true,"max_hp_per_floor":[75,75,80,80,80,80,80,80,80,80,80,80,80,80,80,80,80,80,80,80,80,80,80,80,80,80,80,80,80,80,94,94,94,99,99,99,99,99,99,99,99,99,99,101,103,105,107,109,109,109],"card_choices":[{"not_picked":["GlobalNightmare","RedRainbow"],"picked":"HunterOfTheNight","floor":1.0},{"not_picked":["Ultimatum","VampireSweep"],"picked":"UnstableMagic","floor":5.0},{"not_picked":["BlasphemousPunishment","Ultimatum","Stigmanizer"],"picked":"SKIP","floor":8.0},{"not_picked":["DiffusionOfMisfortune","ReincarnationDial"],"picked":"QueenOfMidnight","floor":11.0},{"not_picked":["RedMagic+1"],"picked":"SKIP","floor":18.0},{"not_picked":["StarOfDavid"],"picked":"SKIP","floor":20.0},{"not_picked":["BloodHunter"],"picked":"SKIP","floor":22.0},{"not_picked":["VampireKiss"],"picked":"SKIP","floor":23.0},{"not_picked":["ScarletImprint"],"picked":"SKIP","floor":24.0},{"not_picked":["UnstableMagic+1"],"picked":"SKIP","floor":27.0},{"not_picked":["RedRainbow+1"],"picked":"SKIP","floor":28.0},{"not_picked":["DemonKingCradle"],"picked":"SKIP","floor":29.0},{"not_picked":["BombardNight+1"],"picked":"SKIP","floor":30.0},{"not_picked":[],"picked":"MiserableFate+1","floor":34.0},{"not_picked":["UnstableMagic+1"],"picked":"SKIP","floor":35.0},{"not_picked":["EternalNight"],"picked":"SKIP","floor":38.0},{"not_picked":["Stigmanizer+1"],"picked":"SKIP","floor":39.0},{"not_picked":["StarOfDavid+1"],"picked":"SKIP","floor":40},{"not_picked":["StarOfDavid+1"],"picked":"SKIP","floor":40},{"not_picked":["Maim"],"picked":"SKIP","floor":41},{"not_picked":["MastersStateliness+1","ScarletDevil+1"],"picked":"SKIP","floor":42},{"not_picked":["SuperhumanBloodyKnife+1","TwelveNightmare"],"picked":"Singing Bowl","floor":44},{"not_picked":["BlasphemousPunishment+1","HeartBreak+1"],"picked":"Singing Bowl","floor":45},{"not_picked":["GlobalNightmare","UnderTheZenith+1"],"picked":"Singing Bowl","floor":46},{"not_picked":["GlobalNightmare","ScarletGensokyo+1"],"picked":"Singing Bowl","floor":47},{"not_picked":["VampireKiss+1","StarOfDavid+1"],"picked":"Singing Bowl","floor":48}],"player_experience":715683,"relics_obtained":[{"floor":9.0,"key":"Blood Vial"},{"floor":11.0,"key":"PureWhite:ReiMu"},{"floor":19.0,"key":"Bottled Flame"},{"floor":22.0,"key":"Bottled Tornado"},{"floor":23.0,"key":"InkBottle"},{"floor":24.0,"key":"The Courier"},{"floor":26.0,"key":"Mercury Hourglass"},{"floor":27.0,"key":"HornCleat"},{"floor":28.0,"key":"Molten Egg 2"},{"floor":30.0,"key":"Bag of Marbles"},{"floor":31.0,"key":"Mango"},{"floor":38.0,"key":"Pen Nib"},{"floor":40,"key":"RedBat"},{"floor":41,"key":"Question Card"},{"floor":43,"key":"Singing Bowl"},{"floor":44,"key":"Anchor"},{"floor":45,"key":"Orichalcum"},{"floor":46,"key":"StoneCalendar"},{"floor":48,"key":"Frozen Egg 2"}],"event_choices":[{"damage_healed":0.0,"max_hp_gain":5.0,"max_hp_loss":0.0,"gold_gain":0.0,"event_name":"Big Fish","player_choice":"Donut","floor":3.0,"gold_loss":0.0,"damage_taken":0.0},{"damage_healed":0.0,"max_hp_gain":0.0,"max_hp_loss":0.0,"gold_gain":0.0,"event_name":"Shining Light","player_choice":"Entered Light","floor":4.0,"gold_loss":0.0,"damage_taken":16.0,"cards_upgraded":["StarOfDavid","BloodHunter"]},{"damage_healed":0.0,"max_hp_gain":0.0,"max_hp_loss":0.0,"gold_gain":0.0,"event_name":"Upgrade Shrine","player_choice":"Upgraded","floor":14.0,"gold_loss":0.0,"damage_taken":0.0,"cards_upgraded":["UnstableMagic"]},{"damage_healed":0.0,"max_hp_gain":0.0,"max_hp_loss":0.0,"gold_gain":0.0,"event_name":"Duplicator","player_choice":"Copied","floor":37.0,"gold_loss":0.0,"damage_taken":0.0,"cards_obtained":["Deep Breath"]},{"damage_healed":0,"gold_gain":0,"player_choice":"Fight","damage_taken":0,"max_hp_gain":0,"max_hp_loss":0,"event_name":"MindBloom","floor":46,"gold_loss":0}],"is_beta":false,"boss_relics":[{"not_picked":["Runic Pyramid","Cursed Key"],"picked":"Busted Crown"},{"not_picked":["Empty Cage","Velvet Choker"],"picked":"Tiny House"}],"items_purged_floors":[2,2,2,2,2,2,2,2,2,2,2,2,2,2,2,2,2,2,2,2,2,2,2,2,2,2,2,2,2,2,2,2,2,2,2,2,2,2,2,2,2,2,2,2,2,10],"is_endless":false,"potions_floor_spawned":[8,16,18,20,23,28,30,38,40,41,44,47,48],"ascension_level":1}}