{"host":"gn96mxb33x5p409u","time":1608257668,"event":{"mods":["2.2 Compatiblity","AchievementEnabler","Act Like it!","BaseMod","Colored Powertips","Downfall","Hubris","Infinite Spire","Jorbs\u0027s Wanderer Trilogy","Minty Spire (QoL Compilation)","Replay The Spire","StSLib","The Animator","The Jungle"],"gold_per_floor":[99,124,124,10,22,41,41,41,52,77,94,106,120,24,39,39,39],"floor_reached":16,"playtime":1393,"items_purged":[],"score":139,"play_id":"45fece5f-9f95-4d29-bb75-54f62fb395d2","local_time":"20201218041428","is_ascension_mode":false,"campfire_choices":[{"floor":1,"key":"RECALL"},{"data":"hexamod:GhostOfSpirePast","floor":8,"key":"SMITH"}],"circlet_count":0,"master_deck":["hexamod:Strike+1","hexamod:Strike","hexamod:Strike","hexamod:Strike","hexamod:Defend","hexamod:Defend","hexamod:Defend","hexamod:Defend","hexamod:Sear","hexamod:Float","Pot Of Greed","hexamod:HauntingEcho","hexamod:NightmareGuise","Pot Of Greed","hexamod:ThirdSeal","hexamod:BurningTouch","hexamod:GhostOfSpirePast+1","hexamod:DynamicBlow+1","hexamod:ChargedBarrage","hexamod:BacktrackSmack","hexamod:InspiringFlames","hexamod:RecurringNightmare","hexamod:FourthSeal","hexamod:FifthSeal","hexamod:ExtraCrispy","hexamod:SoulSteal","Pot Of Greed","hexamod:FirstSeal","hexamod:Firestarter","hexamod:SpectersWail"],"relics":["hexamod:SpiritBrand","downfall:HeartsMalice","Grinning Jar","Whetstone"],"acts_visited":["Exordium"],"potions_floor_usage":[11,14,14,16],"damage_taken":[{"damage":0,"enemies":"Lagavulin","floor":2,"turns":1},{"damage":0,"enemies":"infinitespire:Voidling","floor":3,"turns":1},{"damage":0,"enemies":"downfall:FleeingMerchant","floor":4,"turns":1},{"damage":0,"enemies":"Cultist","floor":5,"turns":3},{"damage":0,"enemies":"Jaw Worm","floor":6,"turns":3},{"damage":2,"enemies":"Blue Slaver","floor":9,"turns":3},{"damage":18,"enemies":"3 Sentries","floor":10,"turns":7},{"damage":4,"enemies":"Exordium Thugs","floor":11,"turns":4},{"damage":5,"enemies":"Large Slime","floor":12,"turns":3},{"damage":9,"enemies":"2 Fungi Beasts","floor":13,"turns":3},{"damage":0,"enemies":"downfall:FleeingMerchant","floor":14,"turns":4},{"damage":6,"enemies":"Gremlin Gang","floor":15,"turns":5},{"damage":58,"enemies":"downfall:Ironclad","floor":16,"turns":9}],"seed_played":"2377831581796215140","potions_obtained":[{"floor":2,"key":"Block Potion"},{"floor":10,"key":"Milkshake"},{"floor":12,"key":"hexamod:InfernoChargePotion"},{"floor":15,"key":"Regen Potion"}],"is_trial":false,"path_per_floor":["R","E","M","$","M","M","T","R","M","E","M","M","M","$","M","B"],"character_chosen":"THE_SPIRIT","items_purchased":["hexamod:BurningTouch","hexamod:GhostOfSpirePast","hexamod:FirstSeal"],"campfire_rested":0,"item_purchase_floors":[4,4,14],"current_hp_per_floor":[70,70,70,70,70,70,70,70,68,50,46,41,32,32,33,0,0],"gold":39,"neow_bonus":"THREE_ENEMY_KILL","is_daily":false,"chose_seed":false,"campfire_upgraded":1,"win_rate":0.0,"timestamp":1608257668,"path_taken":["R","E","M","$","M","M","T","R","M","E","M","M","?","?","M","BOSS"],"items_purchased_type":["Card","Card","Card"],"build_version":"2020-12-13","purchased_purges":0,"victory":false,"max_hp_per_floor":[70,70,70,70,70,70,70,70,70,70,70,70,70,70,70,70,70],"card_choices":[{"not_picked":["hexamod:AdvancingGuard","hexamod:FastForward"],"picked":"hexamod:HauntingEcho","floor":2},{"not_picked":["hexamod:BacktrackSmack","hexamod:RecurringNightmare"],"picked":"hexamod:NightmareGuise","floor":3},{"not_picked":["hexamod:HeatCrush","hexamod:SecondSeal"],"picked":"hexamod:ThirdSeal","floor":4},{"not_picked":["hexamod:SpectralAdrenaline","hexamod:NightmareGuise"],"picked":"hexamod:DynamicBlow","floor":5},{"not_picked":["hexamod:HauntingEcho","hexamod:Again"],"picked":"hexamod:ChargedBarrage","floor":6},{"not_picked":["hexamod:FastForward","hexamod:NightmareGuise"],"picked":"hexamod:BacktrackSmack","floor":9},{"not_picked":["hexamod:EmpoweringStance","hexamod:GhostOfSpirePresent"],"picked":"hexamod:InspiringFlames","floor":10},{"not_picked":["hexamod:FastForward","hexamod:BacktrackSmack"],"picked":"hexamod:RecurringNightmare","floor":11},{"not_picked":["hexamod:ShieldOfDarkness","hexamod:AdvancingGuard"],"picked":"hexamod:FourthSeal","floor":12},{"not_picked":["hexamod:NightmareStrike","hexamod:InspiringFlames"],"picked":"hexamod:FifthSeal","floor":13},{"not_picked":["hexamod:GhostLash","hexamod:HeatCrush"],"picked":"hexamod:ExtraCrispy","floor":14},{"not_picked":["hexamod:EmpoweredFlame","hexamod:BacktrackSmack"],"picked":"hexamod:SoulSteal","floor":14},{"not_picked":["hexamod:NightmareStrike","hexamod:FastForward"],"picked":"hexamod:Firestarter","floor":15},{"not_picked":["hexamod:NightmareStrike","hexamod:BacktrackSmack"],"picked":"hexamod:SpectersWail","floor":15}],"player_experience":510715,"relics_obtained":[{"floor":2,"key":"Grinning Jar"},{"floor":10,"key":"Whetstone"}],"event_choices":[],"is_beta":false,"boss_relics":[],"items_purged_floors":[],"is_endless":false,"potions_floor_spawned":[2,10,12,15],"killed_by":"downfall:Ironclad","ascension_level":0}}