{"host":"fuszjwm6fqgjjp4d","time":1608279402,"event":{"mods":["BaseMod","Bestiary","Colored Map","DeckTracker","Minty Spire (QoL Compilation)","Permanent Neow","Relic Sorter","Relic Stats","StSLib"],"gold_per_floor":[116,136,136,155,167,167,92,92,92,120,139,152,165,180,180,254,254,270,290,290,290,302,302,302],"floor_reached":23,"playtime":820,"items_purged":[],"score":384,"play_id":"4427c840-01c4-4969-946d-b0bb328f395f","local_time":"20201218021642","is_ascension_mode":true,"campfire_choices":[{"data":"Apotheosis","floor":6,"key":"SMITH"},{"data":"Bash","floor":8,"key":"SMITH"},{"data":"Feed","floor":15,"key":"SMITH"}],"circlet_count":0,"master_deck":["AscendersBane","Strike_R","Strike_R","Strike_R","Strike_R","Strike_R","Defend_R","Defend_R","Defend_R","Defend_R","Bash+1","Apotheosis+1","Perfected Strike","True Grit","Whirlwind","Twin Strike","Twin Strike","Feed+1","Brutality","Pommel Strike","Writhe","Necronomicurse","Twin Strike"],"relics":["Black Blood","Self Forming Clay","HornCleat","Bag of Preparation","Necronomicon"],"acts_visited":["Exordium","TheCity"],"potions_floor_usage":[2,10,12,22],"damage_taken":[{"damage":11.0,"enemies":"Jaw Worm","floor":1.0,"turns":5.0},{"damage":2,"enemies":"Small Slimes","floor":2,"turns":2},{"damage":5,"enemies":"2 Louse","floor":4,"turns":4},{"damage":15,"enemies":"Exordium Thugs","floor":5,"turns":5},{"damage":14,"enemies":"Lagavulin","floor":10,"turns":5},{"damage":15,"enemies":"Gremlin Gang","floor":11,"turns":3},{"damage":2,"enemies":"2 Fungi Beasts","floor":12,"turns":3},{"damage":17,"enemies":"Exordium Wildlife","floor":13,"turns":5},{"damage":8,"enemies":"Exordium Thugs","floor":14,"turns":3},{"damage":36,"enemies":"Slime Boss","floor":16,"turns":8},{"damage":12,"enemies":"Chosen","floor":18,"turns":5},{"damage":39,"enemies":"3 Byrds","floor":19,"turns":6},{"damage":26,"enemies":"Centurion and Healer","floor":22,"turns":4},{"damage":54,"enemies":"Slavers","floor":23,"turns":3}],"seed_played":"7054000981176742553","potions_obtained":[{"floor":1.0,"key":"DuplicationPotion"},{"floor":5,"key":"PowerPotion"},{"floor":11,"key":"DuplicationPotion"},{"floor":14,"key":"FairyPotion"},{"floor":18,"key":"FearPotion"}],"is_trial":false,"path_per_floor":["M","M","?","M","M","R","?","R","T","E","M","M","M","M","R","B",null,"M","M","?","?","M","E"],"character_chosen":"IRONCLAD","items_purchased":[],"campfire_rested":0,"item_purchase_floors":[],"current_hp_per_floor":[63,67,72,73,64,64,64,64,64,56,47,51,40,42,42,12,66,70,47,47,26,39,0,0],"gold":302,"neow_bonus":"RANDOM_COLORLESS_2","is_daily":false,"chose_seed":false,"campfire_upgraded":3,"win_rate":0.0,"timestamp":1608279402,"path_taken":["M","M","?","M","M","R","?","R","T","E","M","?","M","M","R","BOSS","M","M","?","?","M","E"],"items_purchased_type":[],"build_version":"2020-12-13","purchased_purges":0,"victory":false,"max_hp_per_floor":[75,75,80,80,80,80,80,80,80,80,80,80,80,84,84,84,84,88,92,92,92,92,92,92],"relic_stats":{"counters":[14,61],"Self Forming Clay":[117],"Black Blood":96,"Bag of Preparation":[4],"Necronomicon":[5],"obtain_stats":[{"HornCleat":10,"Self Forming Clay":9,"Black Blood":17,"Bag of Preparation":20,"Necronomicon":21,"Burning Blood":0},{"HornCleat":5,"Self Forming Clay":4,"Black Blood":10,"Bag of Preparation":12,"Necronomicon":12,"Burning Blood":0},{"HornCleat":21,"Self Forming Clay":16,"Black Blood":43,"Bag of Preparation":54,"Necronomicon":54,"Burning Blood":0}]},"card_choices":[{"not_picked":["Sadistic Nature","Secret Technique"],"picked":"Apotheosis","floor":0.0},{"not_picked":["Sword Boomerang","Thunderclap"],"picked":"Perfected Strike","floor":1.0},{"not_picked":["Armaments","Clash"],"picked":"True Grit","floor":2},{"not_picked":["Power Through","Clash"],"picked":"Whirlwind","floor":4},{"not_picked":["Sword Boomerang","Havoc","Ghostly Armor"],"picked":"SKIP","floor":5},{"not_picked":["Havoc","Sword Boomerang","Reckless Charge"],"picked":"SKIP","floor":10},{"not_picked":["Flame Barrier","True Grit"],"picked":"Twin Strike","floor":11},{"not_picked":["Combust","Thunderclap"],"picked":"Twin Strike","floor":12},{"not_picked":["Armaments","Warcry"],"picked":"Feed","floor":13},{"not_picked":["Sentinel","Clothesline","Second Wind"],"picked":"SKIP","floor":14},{"not_picked":["Berserk","Bludgeon"],"picked":"Brutality","floor":16},{"not_picked":["Dropkick","Power Through+1","Flex"],"picked":"SKIP","floor":18},{"not_picked":["Carnage","Sentinel"],"picked":"Pommel Strike","floor":19},{"not_picked":["Clothesline","Warcry"],"picked":"Twin Strike","floor":22}],"player_experience":1172244,"relics_obtained":[{"floor":9,"key":"Self Forming Clay"},{"floor":10,"key":"HornCleat"},{"floor":21,"key":"Necronomicon"}],"event_choices":[{"damage_healed":0,"gold_gain":0,"player_choice":"Donut","damage_taken":0,"max_hp_gain":5,"max_hp_loss":0,"event_name":"Big Fish","floor":3,"gold_loss":0},{"cards_removed":["Regret"],"damage_healed":0,"gold_gain":0,"player_choice":"Card Removal","damage_taken":0,"max_hp_gain":0,"max_hp_loss":0,"event_name":"The Cleric","floor":7,"gold_loss":75},{"damage_healed":0,"gold_gain":0,"player_choice":"Opened","damage_taken":0,"relics_obtained":["Bag of Preparation"],"max_hp_gain":0,"max_hp_loss":0,"event_name":"The Mausoleum","floor":20,"gold_loss":0,"cards_obtained":["Writhe"]},{"damage_healed":0,"gold_gain":0,"player_choice":"Obtained Book","damage_taken":21,"max_hp_gain":0,"max_hp_loss":0,"event_name":"Cursed Tome","floor":21,"gold_loss":0}],"is_beta":false,"boss_relics":[{"not_picked":["Busted Crown","Astrolabe"],"picked":"Black Blood"}],"items_purged_floors":[],"is_endless":false,"potions_floor_spawned":[1,5,11,14,18,19],"killed_by":"Slavers","ascension_level":19}}