{"host":"g97v2fxshjj7eub7","time":1608322409,"event":{"mods":["BaseMod","Downfall","Minty Spire (QoL Compilation)","Quick Restart","StSLib"],"gold_per_floor":[117,72,86,186,198,227,227,4,4,4,17,17,97,97,97,97,97],"floor_reached":16,"playtime":919,"items_purged":[],"score":98,"play_id":"528a249e-ab37-4617-b70c-d503bf94df20","local_time":"20201218151329","is_ascension_mode":false,"campfire_choices":[{"floor":7,"key":"REST"},{"data":"Zap","floor":10,"key":"SMITH"},{"floor":15,"key":"REST"}],"circlet_count":0,"master_deck":["Strike_B","Strike_B","Strike_B","Strike_B","Defend_B","Defend_B","Defend_B","Defend_B","Zap+1","Dualcast","Aggregate","Go for the Eyes","Rebound","Barrage","Core Surge"],"relics":["Cracked Core","NeowsBlessing","Toxic Egg 2","Membership Card","Anchor","Bag of Marbles","Golden Idol"],"acts_visited":["Exordium"],"potions_floor_usage":[],"damage_taken":[{"damage":0,"enemies":"Small Slimes","floor":1,"turns":1},{"damage":0,"enemies":"Cultist","floor":3,"turns":1},{"damage":0,"enemies":"Jaw Worm","floor":5,"turns":1},{"damage":31,"enemies":"Lagavulin","floor":6,"turns":7},{"damage":4,"enemies":"2 Fungi Beasts","floor":11,"turns":3},{"damage":46,"enemies":"Hexaghost","floor":16,"turns":9}],"seed_played":"2402526498351551011","potions_obtained":[{"floor":6,"key":"SteroidPotion"}],"is_trial":false,"path_per_floor":["M","$","M","?","M","E","R","$","T","R","M","?","?","?","R","B"],"character_chosen":"DEFECT","items_purchased":["Go for the Eyes","Membership Card","Anchor"],"campfire_rested":2,"item_purchase_floors":[2,8,8],"current_hp_per_floor":[75,75,75,75,75,44,66,66,66,66,62,62,62,62,69,23,23],"gold":97,"neow_bonus":"THREE_ENEMY_KILL","is_daily":false,"chose_seed":false,"campfire_upgraded":1,"win_rate":0.0,"timestamp":1608322409,"path_taken":["M","$","M","?","?","E","R","$","T","R","M","?","?","?","R","BOSS"],"items_purchased_type":["Card","Relic","Relic"],"build_version":"2020-12-13","purchased_purges":0,"victory":false,"max_hp_per_floor":[75,75,75,75,75,75,75,75,75,75,75,69,69,69,69,69,69],"card_choices":[{"not_picked":["Leap","Chill"],"picked":"Aggregate","floor":1},{"not_picked":["Streamline","Skim"],"picked":"Rebound","floor":3},{"not_picked":["Compile Driver","Fission"],"picked":"Barrage","floor":5},{"not_picked":["Beam Cell","Compile Driver"],"picked":"Core Surge","floor":6},{"not_picked":["Turbo+1","Coolheaded+1","Sunder"],"picked":"SKIP","floor":11}],"player_experience":30707,"relics_obtained":[{"floor":6,"key":"Toxic Egg 2"},{"floor":9,"key":"Bag of Marbles"}],"event_choices":[{"damage_healed":0,"gold_gain":100,"player_choice":"Pray","damage_taken":0,"max_hp_gain":0,"max_hp_loss":0,"event_name":"Golden Shrine","floor":4,"gold_loss":0},{"damage_healed":0,"gold_gain":0,"player_choice":"Lose Max HP","damage_taken":0,"relics_obtained":["Golden Idol"],"max_hp_gain":0,"max_hp_loss":6,"event_name":"Golden Idol","floor":12,"gold_loss":0},{"damage_healed":0,"gold_gain":80,"player_choice":"Gained Gold","damage_taken":0,"max_hp_gain":0,"max_hp_loss":0,"event_name":"Golden Wing","floor":13,"gold_loss":0},{"damage_healed":0,"gold_gain":0,"player_choice":"Leave","damage_taken":0,"max_hp_gain":0,"max_hp_loss":0,"event_name":"The Cleric","floor":14,"gold_loss":0}],"is_beta":false,"boss_relics":[],"items_purged_floors":[],"is_endless":false,"potions_floor_spawned":[6],"killed_by":"Hexaghost","ascension_level":0}}