{"host":"hwui1o2d2vvxl1xp","time":1608299646,"event":{"mods":["AchievementEnabler","Act Like it!","Alarm Clock","BaseMod","CapriCore","Colored Map","Colored Powertips","Dota2Spire","Downfall","Gensokyo","GungeonMod","Minty Spire (QoL Compilation)","MostiFishMod","Pale of the Ancients","Quick Restart","Robot Space Explorer","RumiaBox-露米娅的神秘盒子","Ryuuou龙王","Shop Mod","StSLib","TestMod","The Dragon Tamer","The Forsaken","Waifu the Spire","simple","【功能Mod】混沌之环修复补丁","【功能Mod】聪明的最终Boss","【遗物卡牌】REMEMod","篝火指南"],"gold_per_floor":[318,718,578,788,1006,1023,435,466,543,784,848,848,894,894,578,696,696,718,918,562,816,1072,1367,1407,975,975,975,1294,1371,1433,1693,1340,1717,1717,1745,1845,1845,1890,1698,1789,1789,1841,1841,2072,2149,2175,1970,2014,1554,1628,1674,1737,1817,1506,1021,1057,564,159,159,175],"floor_reached":61,"playtime":6778,"items_purged":["hexamod:Haunted","Slimebound:Icky","Shame","Regret","Regret","Regret","Doubt","theForsaken:PlagueCurse","Slimebound:Icky","Gensokyo:AllTheWorldsEvil","Gensokyo:AllTheWorldsEvil"],"score":2164,"play_id":"3aaf3717-e3b1-47d9-a991-12e5a6c34dd3","local_time":"20201218215406","is_ascension_mode":true,"campfire_choices":[{"floor":41.0,"key":"RECALL"}],"circlet_count":0,"master_deck":["theForsaken:TheForsaken_Strike","theForsaken:TheForsaken_Strike+1","theForsaken:TheForsaken_Strike","theForsaken:TheForsaken_Strike","theForsaken:TheForsaken_Defend","theForsaken:TheForsaken_Defend+1","theForsaken:TheForsaken_Defend","theForsaken:TheForsaken_Defend+1","theForsaken:Penitence","champ:VampiricStrike","theForsaken:Backlash","theForsaken:Bolster","theForsaken:QuickAttack","theForsaken:CleansingLight+1","Clumsy","theForsaken:InspiringBlow","theForsaken:BlessedWeapon+1","theForsaken:DefensiveStance","theForsaken:SacredOath+1","theForsaken:Preservation+1","MostiFishMod:KingOfFree","Injury","theForsaken:Thunderbolt","theForsaken:WordsOfMight","expansioncontent:PrepareCrush+1","theForsaken:SpinAttack","theForsaken:ShieldBash","Gensokyo:FourOfAKind+1","Gensokyo:FourOfAKind+1","Gensokyo:FourOfAKind+1","Gensokyo:FourOfAKind+1","theForsaken:WordsOfMight","theForsaken:ShieldCharge","theForsaken:ShieldBash+1","theForsaken:DefensiveStance","theForsaken:RainingSunlight+1","theForsaken:RainingSunlight","theForsaken:SolarFlare","MostiFishMod:MusicBox","Enlightenment+1","theForsaken:SolarFlare+1","testmod-FightingIntention","theForsaken:WordsOfMight","testmod-PerfectCombo","theForsaken:Purification","theForsaken:FuryStrikes+1","theForsaken:DefensiveStance","MostiFishMod:NightSea+1","REME_TwoStrings+1","MostiFishMod:BrokenBlackCloak+1","theForsaken:Bolster","REME_Flogging","theForsaken:Confusion","theForsaken:DefensiveStance","theForsaken:WordsOfMight","REME_AllRoundStrike","testmod-DeathImprint"],"relics":["DaveBox","REME_ComplimentaryCards","FeatherPendant","testmod-IndustrialRevolution","REME_DemonsWealth","Question Card","testmod-ThousandKnives","Membership Card","Thread and Needle","testmod-LifeArmor","MerchantsRug","Toxic Egg 2","REME_ArchaeologicalTools","MagicDraw1","Happy Flower","Ccalipers","Tiny Chest","GodSword5","DemoMod:PoisonVial","Medical Kit","ImportantClient","TakeMeEscape","Dota2Spire:HandOfMidas","Centennial Puzzle","Toolbox","Smiling Mask","testmod-BlackFramedGlasses","Frozen Eye","testmod-Fortitude","MagicDraw2","Dota2Spire:LotusOrb","HornCleat","SSSystem","OrangePellets","DemoMod:GlassGuonStoneRelic","EasyGame_NEW","theForsaken:Gavel","Gremlin Horn","MealTicket","REME_PuzzleBoxRelic","DemoMod:NanoMachines","Pantograph","Dota2Spire:OrchidMalevolence","Omamori","testmod-Laevatain","Regal Pillow","Dota2Spire:ArcaneBoots","testmod-ArcanaOfDestiny","paleoftheancients:Timepiece","paleoftheancients:KeyRelic","Ice Cream","CultistMask","paleoftheancients:SoulOfTheWokeBloke","GodSword3","Shuriken","ClockworkSouvenir","REME_CardOfGreed","Mummified Hand","Dead Branch","GodSword4","testmod-CrystalShield","SynthV","Dota2Spire:BlackKingBar","DemoMod:GreenGuonStone"],"acts_visited":["Gensokyo:Gensokyo","Gensokyo:Gensokyoer","TheBeyond","paleoftheancients:PaleOfTheAncients"],"potions_floor_usage":[],"damage_taken":[{"damage":0.0,"enemies":"Gensokyo:Python","floor":1.0,"turns":3.0},{"damage":0.0,"enemies":"Gensokyo:2_Kodama","floor":4.0,"turns":2.0},{"damage":0.0,"enemies":"Gensokyo:Gryphon","floor":5.0,"turns":2.0},{"damage":0.0,"enemies":"Gensokyo:Python_and_Kodama","floor":6.0,"turns":3.0},{"damage":0.0,"enemies":"Gensokyo:Mamizou","floor":8.0,"turns":4.0},{"damage":0.0,"enemies":"Gensokyo:Kitsune","floor":10.0,"turns":1.0},{"damage":0.0,"enemies":"Gensokyo:Aya","floor":11.0,"turns":2.0},{"damage":0.0,"enemies":"Gensokyo:Cirno","floor":13.0,"turns":6.0},{"damage":0.0,"enemies":"Gensokyo:Yukari","floor":16.0,"turns":5.0},{"damage":13.0,"enemies":"Gensokyo:Chomper","floor":18.0,"turns":4.0},{"damage":0.0,"enemies":"Gensokyo:AngelMirror","floor":21.0,"turns":1.0},{"damage":4.0,"enemies":"Gensokyo:Slime_Group","floor":22.0,"turns":3.0},{"damage":4.0,"enemies":"Gensokyo:Tenshi","floor":23.0,"turns":3.0},{"damage":0.0,"enemies":"Gensokyo:3_Gloops","floor":24.0,"turns":4.0},{"damage":6.0,"enemies":"Gensokyo:Koishi","floor":28.0,"turns":3.0},{"damage":9.0,"enemies":"Gensokyo:Reisen","floor":30.0,"turns":4.0},{"damage":3.0,"enemies":"Gensokyo:Swordslinger","floor":31.0,"turns":2.0},{"damage":3.0,"enemies":"Gensokyo:Eiki","floor":33.0,"turns":5.0},{"damage":0.0,"enemies":"Orb Walker","floor":35.0,"turns":2.0},{"damage":0.0,"enemies":"Reptomancer","floor":40.0,"turns":5.0},{"damage":0.0,"enemies":"Giant Head","floor":42.0,"turns":1.0},{"damage":0.0,"enemies":"3 Shapes","floor":44.0,"turns":3.0},{"damage":0.0,"enemies":"Nemesis","floor":45.0,"turns":3.0},{"damage":0.0,"enemies":"Sphere and 2 Shapes","floor":46.0,"turns":1.0},{"damage":0,"enemies":"Reptomancer","floor":48,"turns":1},{"damage":0,"enemies":"Awakened One","floor":50,"turns":3},{"damage":0,"enemies":"Awakened One","floor":51,"turns":3},{"damage":0,"enemies":"Awakened One","floor":52,"turns":2},{"damage":3,"enemies":"Awakened One","floor":56,"turns":2},{"damage":0,"enemies":"paleoftheancients:N","floor":60,"turns":2}],"seed_played":"-6525396211528752668","potions_obtained":[{"floor":4.0,"key":"BlessingOfTheForge"},{"floor":8.0,"key":"Dota2Spire:Clarity"},{"floor":10.0,"key":"champ:CounterPotion"},{"floor":13.0,"key":"Explosive Potion"},{"floor":16.0,"key":"BlessingOfTheForge"},{"floor":33.0,"key":"BlessingOfTheForge"},{"floor":44.0,"key":"DemoMod:LeadSkinPotion"},{"floor":45.0,"key":"testmod-TestPotion"},{"floor":48,"key":"FearPotion"}],"is_trial":false,"path_per_floor":["M","?","?","M","M","M","R","E","T","M","E","?","E","?","R","B",null,"M","?","$","M","M","E","M","R","T","?","E","T","E","M","R","B",null,"M","?","?","T","$","E","R","E","T","M","E","M","R","E","R","B","M","M","T","$","R","M","R","$","?","B",null],"character_chosen":"THE_FORSAKEN","items_purchased":["Membership Card","Thread and Needle","testmod-LifeArmor","theForsaken:Bolster","theForsaken:QuickAttack","MerchantsRug","GodSword5","DemoMod:PoisonVial","Medical Kit","theForsaken:DefensiveStance","Dota2Spire:HandOfMidas","MostiFishMod:KingOfFree","Centennial Puzzle","Toolbox","testmod-BlackFramedGlasses","Frozen Eye","theForsaken:WordsOfMight","expansioncontent:PrepareCrush+1","theForsaken:SpinAttack","theForsaken:ShieldBash","HornCleat","SSSystem","OrangePellets","theForsaken:ShieldCharge","Gremlin Horn","MealTicket","theForsaken:DefensiveStance","Omamori","MostiFishMod:MusicBox","Enlightenment+1","testmod-Laevatain","Dota2Spire:ArcaneBoots","testmod-ArcanaOfDestiny","testmod-FightingIntention","theForsaken:WordsOfMight","testmod-PerfectCombo","theForsaken:Purification","Shuriken","ClockworkSouvenir","MostiFishMod:NightSea+1","REME_TwoStrings+1","REME_CardOfGreed","Mummified Hand","Dead Branch","MostiFishMod:BrokenBlackCloak+1","GodSword4","testmod-CrystalShield","SynthV","REME_Flogging","theForsaken:Confusion","theForsaken:DefensiveStance","Dota2Spire:BlackKingBar","DemoMod:GreenGuonStone","theForsaken:WordsOfMight","REME_AllRoundStrike","testmod-DeathImprint"],"campfire_rested":0,"item_purchase_floors":[7,7,7,7,7,7,15,15,15,15,20,20,20,20,25,25,25,25,25,25,32,32,32,32,39,39,39,47,47,47,47,49,49,49,49,49,49,54,54,54,54,55,55,55,55,57,57,57,57,57,57,58,58,58,58,58],"current_hp_per_floor":[65,65,65,65,65,65,65,65,65,65,65,65,65,52,52,65,65,52,52,52,52,65,65,65,65,65,46,42,42,40,39,39,46,46,46,46,46,46,46,46,46,46,46,46,46,46,37,37,37,37,37,37,37,37,37,37,37,37,37,37],"gold":175,"neow_bonus":"BOSS_RELIC","is_daily":false,"chose_seed":false,"campfire_upgraded":0,"win_rate":0.0,"timestamp":1608299646,"path_taken":["M","?","?","M","M","M","R","E","T","M","E","?","E","?","R","BOSS","M","?","$","?","M","E","M","R","T","?","E","?","E","M","R","BOSS","M","?","?","?","$","E","R","E","T","M","E","M","R","E","R","BOSS","M","M","?","$","R","M","R","$","?","BOSS"],"items_purchased_type":["Relic","Relic","Relic","Card","Card","Relic","Relic","Relic","Relic","Card","Relic","Card","Relic","Relic","Relic","Relic","Card","Card","Card","Card","Relic","Relic","Relic","Card","Relic","Relic","Card","Relic","Card","Card","Relic","Relic","Relic","Card","Card","Card","Card","Relic","Relic","Card","Card","Relic","Relic","Relic","Card","Relic","Relic","Relic","Card","Card","Card","Relic","Relic","Card","Card","Card"],"build_version":"2020-12-13","purchased_purges":11,"victory":true,"max_hp_per_floor":[65,65,65,65,65,65,65,65,65,65,65,65,65,65,65,65,65,65,65,65,65,65,65,65,65,65,46,46,46,46,46,46,46,46,46,46,46,46,46,46,46,46,46,46,46,46,37,37,37,37,37,37,37,37,37,37,37,37,37,37],"card_choices":[{"not_picked":["theForsaken:PanicDive","theForsaken:SpinAttack","theForsaken:LightRoll"],"picked":"hexamod:Haunted","floor":1.0},{"not_picked":["theForsaken:Backlash","theForsaken:MagicWeapon","theForsaken:BindingThorns","theForsaken:Parry"],"picked":"Slimebound:Icky","floor":4.0},{"not_picked":["theForsaken:CorruptedWord","theForsaken:Eulogy","theForsaken:BindingThorns","theForsaken:StoreUp"],"picked":"Slimebound:Icky","floor":5.0},{"not_picked":["theForsaken:BattleHymn","theForsaken:ScorchingSunlight","theForsaken:CreepingInfection","Decay"],"picked":"theForsaken:Backlash","floor":6.0},{"not_picked":["theForsaken:FountainOfLife","theForsaken:WordsOfPestilence","theForsaken:Devotion+1","Writhe"],"picked":"theForsaken:CleansingLight+1","floor":8.0},{"not_picked":["theForsaken:StoreUp+1","theForsaken:ChargeAttack","theForsaken:Parry+1","theForsaken:ShieldBash"],"picked":"Clumsy","floor":10.0},{"not_picked":["theForsaken:QuickAttack","theForsaken:HorrifyingStrike","theForsaken:Parry+1","Doubt"],"picked":"theForsaken:InspiringBlow","floor":11.0},{"not_picked":["theForsaken:ShieldCharge","theForsaken:Parry+1","theForsaken:Eulogy+1","hexamod:Haunted"],"picked":"theForsaken:BlessedWeapon+1","floor":13.0},{"not_picked":["theForsaken:Mantra+1","theForsaken:Temperance","theForsaken:Retribution+1","sneckomod:Bewildered"],"picked":"theForsaken:SacredOath+1","floor":16.0},{"not_picked":["theForsaken:Backlash+1","theForsaken:FuryStrikes","theForsaken:RainingSunlight","Parasite"],"picked":"theForsaken:Preservation+1","floor":18.0},{"not_picked":["theForsaken:BlightOfFamine+1","theForsaken:CreepingInfection+1","theForsaken:StoreUp+1","theForsaken:ChargeAttack"],"picked":"Regret","floor":21.0},{"not_picked":["theForsaken:Parry+1","theForsaken:PowerUp+1","theForsaken:HymnOfRest+1","theForsaken:CowardsBrand"],"picked":"Regret","floor":22.0},{"not_picked":["theForsaken:HorrifyingStrike","theForsaken:StoreUp+1","theForsaken:Thunderbolt","theForsaken:Parry+1"],"picked":"Injury","floor":23.0},{"not_picked":["theForsaken:DefensiveStance+1","theForsaken:LightRoll+1","theForsaken:HymnOfPatience+1","Gensokyo:ImpossibleRequest"],"picked":"theForsaken:Thunderbolt","floor":24.0},{"not_picked":["theForsaken:CorruptDeck","theForsaken:Horror+1","theForsaken:WrathOfGod","theForsaken:FatRoll+1"],"picked":"Regret","floor":28.0},{"not_picked":["theForsaken:Backlash+1","theForsaken:WordsOfPestilence","theForsaken:WordOfPower","Guardian:Aged"],"picked":"theForsaken:WordsOfMight","floor":30.0},{"not_picked":["theForsaken:DefensiveStance","theForsaken:BlessedWeapon+1","theForsaken:QuickAttack+1","theForsaken:HymnOfPatience+1"],"picked":"Gensokyo:AllTheWorldsEvil","floor":31.0},{"not_picked":["theForsaken:Prudence","theForsaken:CorruptDeck","theForsaken:Mantra+1","theForsaken:SpreadingPlague"],"picked":"Doubt","floor":33.0},{"not_picked":["theForsaken:Eulogy+1","theForsaken:HymnOfPatience+1","theForsaken:PowerUp+1","Parasite"],"picked":"theForsaken:ShieldBash+1","floor":35.0},{"not_picked":["theForsaken:DarkBarrier+1","theForsaken:BindingThorns+1","theForsaken:PreciseStrike+1","sneckomod:Bewildered"],"picked":"theForsaken:RainingSunlight+1","floor":40.0},{"not_picked":["theForsaken:CreepingInfection+1","theForsaken:Horror+1","theForsaken:PreciseStrike+1","Doubt"],"picked":"theForsaken:RainingSunlight","floor":42.0},{"not_picked":["theForsaken:FatRoll+1","theForsaken:PowerUp+1","theForsaken:BountifulSunlight+1","theForsaken:WrathOfGod"],"picked":"Gensokyo:AllTheWorldsEvil","floor":44.0},{"not_picked":["theForsaken:Parry+1","theForsaken:TearsOfSunlight","theForsaken:SpinAttack+1","theForsaken:HymnOfRest+1","Shame"],"picked":"SKIP","floor":45.0},{"not_picked":["theForsaken:CowardsBrand+1","theForsaken:CreepingInfection+1","theForsaken:ShieldCharge+1","Clumsy"],"picked":"theForsaken:SolarFlare","floor":46.0},{"not_picked":["theForsaken:QuickAttack+1","theForsaken:AncientWords+1","theForsaken:FatRoll+1","Writhe"],"picked":"theForsaken:SolarFlare+1","floor":48},{"not_picked":["theForsaken:BattleHymn+1","theForsaken:StoreUp+1","theForsaken:ScorchingSunlight+1","Parasite"],"picked":"theForsaken:FuryStrikes+1","floor":51},{"not_picked":["theForsaken:Riposte+1","theForsaken:HymnOfPatience+1","theForsaken:InspiringBlow","sneckomod:Bewildered"],"picked":"theForsaken:DefensiveStance","floor":52},{"not_picked":["theForsaken:WardingHymn+1","theForsaken:ScorchingSunlight+1","theForsaken:Backlash+1","Shame"],"picked":"theForsaken:Bolster","floor":56}],"player_experience":45537,"relics_obtained":[{"floor":1.0,"key":"Question Card"},{"floor":8.0,"key":"Toxic Egg 2"},{"floor":9.0,"key":"REME_ArchaeologicalTools"},{"floor":11.0,"key":"MagicDraw1"},{"floor":13.0,"key":"Ccalipers"},{"floor":16.0,"key":"ImportantClient"},{"floor":23.0,"key":"Smiling Mask"},{"floor":28.0,"key":"testmod-Fortitude"},{"floor":29.0,"key":"MagicDraw2"},{"floor":30.0,"key":"Dota2Spire:LotusOrb"},{"floor":38.0,"key":"theForsaken:Gavel"},{"floor":40.0,"key":"REME_PuzzleBoxRelic"},{"floor":42.0,"key":"DemoMod:NanoMachines"},{"floor":43.0,"key":"Pantograph"},{"floor":45.0,"key":"Dota2Spire:OrchidMalevolence"},{"floor":48,"key":"Regal Pillow"},{"floor":52,"key":"paleoftheancients:SoulOfTheWokeBloke"},{"floor":53,"key":"GodSword3"}],"event_choices":[{"damage_healed":0.0,"max_hp_gain":0.0,"max_hp_loss":0.0,"gold_gain":400.0,"event_name":"恩洛斯的盘子","player_choice":"Sell","floor":2.0,"relics_lost":["testmod-TestBox"],"gold_loss":0.0,"damage_taken":0.0},{"damage_healed":0.0,"max_hp_gain":0.0,"max_hp_loss":0.0,"gold_gain":0.0,"event_name":"Ryuuou:Expiration","player_choice":"Ignored","floor":36.0,"gold_loss":0.0,"damage_taken":0.0},{"damage_healed":0.0,"max_hp_gain":0.0,"max_hp_loss":0.0,"gold_gain":0.0,"event_name":"Tomb of Lord Red Mask","player_choice":"Ignored","floor":37.0,"gold_loss":0.0,"damage_taken":0.0}],"is_beta":false,"boss_relics":[{"not_picked":["testmod-DreamHouse","BloodWine"],"picked":"TakeMeEscape"},{"not_picked":["JellyFishMachine","Coffee Dripper"],"picked":"EasyGame_NEW"}],"items_purged_floors":[7,15,20,25,32,39,47,49,54,55,58],"is_endless":false,"potions_floor_spawned":[4,8,10,13,16,28,31,33,35,44,45,48],"ascension_level":1}}