{"host":"llpusn9usp8rznkj","time":1608321146,"event":{"mods":["2.2 Compatiblity","BaseMod","Colored Map","Colored Powertips","Conspire","Downfall","Hubris","Minty Spire (QoL Compilation)","Rare Cards Sparkle","Replay The Spire","StSLib","The Cursed"],"gold_per_floor":[132,132,163,213,60,60,78,155,155,155,219,219,219,84,84,160,160,160,160],"floor_reached":18,"playtime":1185,"items_purged":[],"score":320,"play_id":"0e51445b-3c59-4664-93a8-38cc1751c697","local_time":"20201218145226","is_ascension_mode":true,"campfire_choices":[{"data":"HandOfGreed","floor":6,"key":"SMITH"},{"data":"Hidden Blade","floor":12,"key":"SMITH"},{"floor":15,"key":"REST"}],"circlet_count":0,"master_deck":["AscendersBane","Strike_G","Strike_G","Strike_G","Strike_G","Strike_G","Defend_G","Defend_G+1","Defend_G","Defend_G+1","Defend_G","Survivor","Neutralize","HandOfGreed+1","Hidden Blade+1","Escape Plan","PiercingWail","After Image+1","conspire:DoublingDagger","Cloak And Dagger","Bullet Time+1","expansioncontent:QuickStudy","Mayhem","Replay:SS_forest_2","A Thousand Cuts"],"relics":["Ring of the Snake","Akabeko","Centennial Puzzle","War Paint","ReplayTheSpireMod:ShopPack","hubris:Stopwatch"],"acts_visited":["Exordium","TheCity"],"potions_floor_usage":[7,11,16],"damage_taken":[{"damage":0,"enemies":"Cultist","floor":1,"turns":5},{"damage":0,"enemies":"Jaw Worm","floor":3,"turns":3},{"damage":6,"enemies":"Small Slimes","floor":4,"turns":4},{"damage":5,"enemies":"Red Slaver","floor":7,"turns":4},{"damage":18,"enemies":"3 Sentries","floor":8,"turns":10},{"damage":1,"enemies":"Large Slime","floor":11,"turns":12},{"damage":11,"enemies":"Fading Forest","floor":16,"turns":13},{"damage":0,"enemies":"2 Thieves","floor":18,"turns":1}],"seed_played":"2628484001406147125","potions_obtained":[{"floor":3,"key":"Poison Potion"},{"floor":8,"key":"Energy Potion"},{"floor":11,"key":"SkillPotion"}],"is_trial":false,"path_per_floor":["M","T","M","M","$","R","M","E","T","?","M","R","?","$","R","B",null,"M"],"character_chosen":"THE_SILENT","items_purchased":["After Image","ReplayTheSpireMod:ShopPack"],"campfire_rested":1,"item_purchase_floors":[5,14],"current_hp_per_floor":[44,44,44,38,38,38,33,15,15,15,14,14,14,14,33,22,55,55,55],"gold":160,"neow_bonus":"RANDOM_COLORLESS_2","is_daily":false,"chose_seed":false,"campfire_upgraded":2,"win_rate":0.0,"timestamp":1608321146,"path_taken":["M","?","?","M","$","R","M","E","T","?","M","R","?","$","R","BOSS","M"],"items_purchased_type":["Card","Relic"],"build_version":"2020-12-13","purchased_purges":0,"victory":false,"max_hp_per_floor":[66,66,66,66,66,66,66,66,66,66,66,66,66,66,66,66,66,66,66],"card_choices":[{"not_picked":["Violence","expansioncontent:Corrupt"],"picked":"HandOfGreed","floor":0},{"not_picked":["Outmaneuver","Heel Hook"],"picked":"Hidden Blade","floor":1},{"not_picked":["PiercingWail","Hidden Blade"],"picked":"Escape Plan","floor":3},{"not_picked":["Hidden Blade","Predator"],"picked":"PiercingWail","floor":4},{"not_picked":["Sucker Punch","Outmaneuver"],"picked":"conspire:DoublingDagger","floor":7},{"not_picked":["Dash","Dagger Spray"],"picked":"Cloak And Dagger","floor":8},{"not_picked":["Acrobatics","Cloak And Dagger"],"picked":"Bullet Time","floor":11},{"not_picked":["ReplayUltimateDefense","Panache"],"picked":"expansioncontent:QuickStudy","floor":14},{"not_picked":["Blind","expansioncontent:PrepareCrush"],"picked":"Mayhem","floor":14},{"not_picked":["Mind Blast","Replay:SS_hec_1"],"picked":"Replay:SS_forest_2","floor":14},{"not_picked":["ReplayTheSpireMod:Necrosis","Venomology"],"picked":"A Thousand Cuts","floor":16}],"player_experience":1079985,"relics_obtained":[{"floor":2,"key":"Akabeko"},{"floor":8,"key":"Centennial Puzzle"},{"floor":9,"key":"War Paint"}],"event_choices":[{"damage_healed":0,"gold_gain":0,"player_choice":"Upgraded","damage_taken":0,"max_hp_gain":0,"max_hp_loss":0,"event_name":"Upgrade Shrine","floor":13,"gold_loss":0,"cards_upgraded":["Bullet Time"]}],"is_beta":false,"boss_relics":[{"not_picked":["Velvet Choker","hubris:BlackHole"],"picked":"hubris:Stopwatch"}],"items_purged_floors":[],"is_endless":false,"potions_floor_spawned":[3,8,11],"killed_by":"2 Thieves","ascension_level":20}}