{"host":"13f1k4yxcvff1tb6","time":1608266883,"event":{"mods":["2.2 Compatiblity","Act Like it!","BaseMod","Downfall","Jorbs\u0027s Wanderer Trilogy","Lobotomy","Minty Spire (QoL Compilation)","Pale of the Ancients","Rare Cards Sparkle","Remilia£®¿Ÿ√◊¿Ú—«£©","Replay The Spire","Shop Mod","StSLib"],"gold_per_floor":[99,99,124,124,124,155,155,208,237,237,412,431,447,459,476,476,476],"floor_reached":16,"playtime":1470,"items_purged":[],"score":143,"play_id":"0b889141-76f1-43d5-9e00-2c9118e074e9","local_time":"20201218124803","is_ascension_mode":false,"campfire_choices":[{"data":"Guardian:TwinSlam","floor":1.0,"key":"SMITH"},{"data":"Guardian:DecasProtection","floor":10,"key":"SMITH"}],"circlet_count":0,"master_deck":["Guardian:Strike_Guardian","Guardian:Strike_Guardian","Guardian:Strike_Guardian","Guardian:Strike_Guardian","Guardian:Defend_Guardian","Guardian:Defend_Guardian","Guardian:Defend_Guardian","Guardian:Defend_Guardian","Guardian:CurlUp","Guardian:TwinSlam+1","Guardian:TemporalStrike","Guardian:PrimingBeam","Guardian:Emergency","Guardian:RefractedBeam","Guardian:DecasProtection+1","Doubt","Guardian:Planning","Guardian:RefractedBeam","Guardian:ShieldCharger","Guardian:CrystalBeam"],"relics":["Guardian:ModeShifter","downfall:HeartsMalice","ScarletDevilRocket","downfall:BrokenWingStatue","Pantograph","Calipers","Lantern","Blue Doll"],"acts_visited":["Exordium"],"potions_floor_usage":[14],"damage_taken":[{"damage":0.0,"enemies":"2 Louse","floor":2.0,"turns":1.0},{"damage":0.0,"enemies":"Gremlin Nob","floor":3.0,"turns":1.0},{"damage":0.0,"enemies":"Small Slimes","floor":5.0,"turns":1.0},{"damage":26.0,"enemies":"3 Sentries","floor":6.0,"turns":9.0},{"damage":30,"enemies":"Gremlin Nob","floor":9,"turns":5},{"damage":6,"enemies":"Jaw Worm","floor":12,"turns":4},{"damage":4,"enemies":"2 Fungi Beasts","floor":13,"turns":3},{"damage":5,"enemies":"Exordium Thugs","floor":14,"turns":3},{"damage":0,"enemies":"3 Louse","floor":15,"turns":3},{"damage":61,"enemies":"downfall:Silent","floor":16,"turns":12}],"seed_played":"-8500315327726868568","potions_obtained":[{"floor":3.0,"key":"CultistPotion"},{"floor":6,"key":"Fire Potion"},{"floor":8,"key":"FairyPotion"}],"is_trial":false,"path_per_floor":["R","M","E","?","M","E","T","?","E","R","?","M","M","M","M","B"],"character_chosen":"GUARDIAN","items_purchased":[],"campfire_rested":0,"item_purchase_floors":[],"current_hp_per_floor":[80,80,80,80,80,54,54,54,24,24,24,18,14,9,9,0,0],"gold":476,"neow_bonus":"THREE_ENEMY_KILL","is_daily":false,"chose_seed":false,"campfire_upgraded":2,"win_rate":0.0,"timestamp":1608266883,"path_taken":["R","M","E","?","M","E","T","?","E","R","?","M","M","M","M","BOSS"],"items_purchased_type":[],"build_version":"2020-12-13","purchased_purges":0,"victory":false,"max_hp_per_floor":[80,80,80,80,80,80,80,80,80,80,80,80,80,80,80,80,80],"card_choices":[{"not_picked":["Guardian:ArmoredProtocol","Guardian:Gem_Cyan"],"picked":"Guardian:TemporalStrike","floor":2.0},{"not_picked":["Guardian:PiercingHide","Guardian:Gem_Red"],"picked":"Guardian:PrimingBeam","floor":3.0},{"not_picked":["Guardian:Gem_Purple","Guardian:Gem_Lightblue"],"picked":"Guardian:Emergency","floor":5.0},{"not_picked":["Guardian:RollAttack","Guardian:ConstructionForm"],"picked":"Guardian:RefractedBeam","floor":6},{"not_picked":["Guardian:Reroute","Guardian:PiercingHide"],"picked":"Guardian:DecasProtection","floor":8},{"not_picked":["Guardian:PiercingHide","Guardian:PrismaticBarrier"],"picked":"Guardian:Gem_Cyan","floor":9},{"not_picked":["Guardian:Incinerate","Guardian:BronzeArmor"],"picked":"Guardian:Planning","floor":12},{"not_picked":["Guardian:Gem_Green","Guardian:PrismaticBarrier"],"picked":"Guardian:RefractedBeam","floor":13},{"not_picked":["Guardian:Emergency","Guardian:Gem_Purple"],"picked":"Guardian:ShieldCharger","floor":14},{"not_picked":["Guardian:Reroute","Guardian:RollAttack"],"picked":"Guardian:CrystalBeam","floor":15}],"player_experience":262829,"relics_obtained":[{"floor":3.0,"key":"ScarletDevilRocket"},{"floor":6,"key":"Pantograph"},{"floor":7,"key":"Calipers"},{"floor":8,"key":"Lantern"},{"floor":9,"key":"Blue Doll"}],"event_choices":[],"is_beta":false,"boss_relics":[],"items_purged_floors":[],"is_endless":false,"potions_floor_spawned":[3,6,9,13],"killed_by":"downfall:Silent","ascension_level":0}}