{"host":"cyh4fejqtcjbfr7k","time":1608268940,"event":{"mods":["2.2 Compatiblity","AchievementEnabler","BaseMod","Colored Map","Colored Powertips","DeckTracker","Downfall","Googly Eyes","Hubris","Infinite Spire","Minty Spire (QoL Compilation)","Replay The Spire","Shop Mod","StSLib","SuperFastMode","Unceasing Turn Reminder"],"gold_per_floor":[117,117,135,135,135,135,151,184,209,224,237,237,162,162,162,261,261,261],"floor_reached":17,"playtime":1114,"items_purged":["Strike_G"],"score":178,"play_id":"594f1ef8-fbd4-48aa-ba49-9a1d25a23f3b","local_time":"20201217222220","is_ascension_mode":true,"campfire_choices":[{"data":"Deadly Poison","floor":6.0,"key":"SMITH"},{"floor":15.0,"key":"REST"}],"circlet_count":0,"master_deck":["Strike_G","Strike_G","Strike_G","Strike_G","Defend_G","Defend_G","Defend_G","Defend_G","Defend_G","Survivor","Neutralize","Deadly Poison+1","Outmaneuver","PiercingWail","Flying Knee","Unload","Blade Dance","Backflip","ReplayTheSpireMod:Black Plague"],"relics":["Ring of the Snake","hubris:Towel","Snake Skull","ReplayTheSpireMod:TigerMarble"],"acts_visited":["Exordium","TheCity"],"potions_floor_usage":[],"damage_taken":[{"damage":0.0,"enemies":"Jaw Worm","floor":1.0,"turns":4.0},{"damage":1.0,"enemies":"2 Louse","floor":3.0,"turns":3.0},{"damage":0.0,"enemies":"Small Slimes","floor":7.0,"turns":3.0},{"damage":26.0,"enemies":"3 Sentries","floor":8.0,"turns":11.0},{"damage":8.0,"enemies":"2 Fungi Beasts","floor":10.0,"turns":4.0},{"damage":0.0,"enemies":"Looter","floor":11.0,"turns":2.0},{"damage":43.0,"enemies":"Fading Forest","floor":16.0,"turns":11.0}],"seed_played":"4003334323769911562","potions_obtained":[{"floor":1.0,"key":"SneckoOil"},{"floor":10.0,"key":"Fire Potion"},{"floor":16.0,"key":"Explosive Potion"}],"is_trial":false,"path_per_floor":["M","?","M","$","?","R","M","E","T","M","M","?","$","?","R","B",null],"character_chosen":"THE_SILENT","items_purchased":[],"campfire_rested":1,"item_purchase_floors":[],"current_hp_per_floor":[70,70,69,69,69,69,69,43,43,35,35,35,35,18,39,4,70,70],"gold":261,"neow_bonus":"THREE_CARDS","is_daily":false,"chose_seed":false,"campfire_upgraded":1,"win_rate":0.0,"timestamp":1608268940,"path_taken":["M","?","M","$","?","R","M","E","T","M","M","?","$","?","R","BOSS"],"items_purchased_type":[],"build_version":"2020-12-13","purchased_purges":1,"victory":false,"max_hp_per_floor":[70,70,70,70,70,70,70,70,70,70,70,70,70,70,70,70,70,70],"card_choices":[{"not_picked":["Acrobatics","Bane"],"picked":"Deadly Poison","floor":0.0},{"not_picked":["hubris:SlightOfHand","Deflect"],"picked":"Outmaneuver","floor":1.0},{"not_picked":["Dodge and Roll","Well Laid Plans"],"picked":"PiercingWail","floor":3.0},{"not_picked":["Quick Slash","Sucker Punch"],"picked":"Flying Knee","floor":7.0},{"not_picked":["Dagger Spray","hubris:SlightOfHand"],"picked":"Unload","floor":8.0},{"not_picked":["Cloak And Dagger","Masterful Stab"],"picked":"Blade Dance","floor":10.0},{"not_picked":["Quick Slash","Hidden Blade"],"picked":"Backflip","floor":11.0},{"not_picked":["hubris:Rewind","ReplayTheSpireMod:Chaos Vortex"],"picked":"ReplayTheSpireMod:Black Plague","floor":14.0}],"player_experience":578352,"relics_obtained":[{"floor":8.0,"key":"Snake Skull"},{"floor":9.0,"key":"ReplayTheSpireMod:TigerMarble"}],"event_choices":[{"damage_healed":0.0,"max_hp_gain":0.0,"max_hp_loss":0.0,"gold_gain":0.0,"event_name":"Golden Idol","player_choice":"Ignored","floor":2.0,"gold_loss":0.0,"damage_taken":0.0}],"is_beta":false,"boss_relics":[{"not_picked":["hubris:RunicObelisk","Ectoplasm","Calling Bell"]}],"items_purged_floors":[13],"is_endless":false,"potions_floor_spawned":[1,10,16],"ascension_level":3}}