{"host":"hgkb2zpbo2dcws21","time":1608299653,"event":{"mods":["AchievementEnabler","BaseMod","Colored Map","Colored Powertips","Custom Start","DeckTracker","KOR Keyword Fix","Minty Spire (QoL Compilation)","StSLib","SuperFastMode"],"gold_per_floor":[117,135,135,135,60,99,99,132,132,132,150,150,75,98,98,194,194,207,225,275,298,188,222,222,222,222,246,266,266,266,28,28,28,28],"floor_reached":33,"playtime":625,"items_purged":["Strike_R"],"score":696,"play_id":"74a43b3d-8bf7-4df2-b87f-8ef8276fa1b9","local_time":"20201218225413","is_ascension_mode":true,"campfire_choices":[{"data":"Feed","floor":7,"key":"SMITH"},{"floor":10,"key":"REST"},{"data":"Immolate","floor":12,"key":"SMITH"},{"data":"Flame Barrier","floor":15,"key":"SMITH"},{"floor":30,"key":"REST"},{"data":"Rupture","floor":32,"key":"SMITH"}],"circlet_count":0,"master_deck":["AscendersBane","Strike_R+1","Strike_R+1","Defend_R+1","Defend_R+1","Defend_R+1","Defend_R+1","Bash","Regret","Immolate+1","Intimidate","Evolve+1","Feed+1","Writhe","Flame Barrier+1","Headbutt","Limit Break","Ghostly Armor","Shockwave","Disarm+1","Corruption","Shame","Writhe","Rupture+1","Body Slam","Sentinel"],"relics":["Burning Blood","Cursed Key","Blue Candle","Du-Vu Doll","Darkstone Periapt","Juzu Bracelet","Golden Idol","Shuriken","Mercury Hourglass","Mark of Pain","Lantern","Kunai","Unceasing Top","MutagenicStrength","MealTicket"],"acts_visited":["Exordium","TheCity"],"potions_floor_usage":[8,28],"damage_taken":[{"damage":0,"enemies":"2 Louse","floor":1,"turns":1},{"damage":4,"enemies":"Jaw Worm","floor":2,"turns":2},{"damage":33,"enemies":"Lagavulin","floor":6,"turns":4},{"damage":14,"enemies":"3 Sentries","floor":8,"turns":5},{"damage":0,"enemies":"Small Slimes","floor":11,"turns":2},{"damage":11,"enemies":"3 Louse","floor":14,"turns":2},{"damage":27,"enemies":"The Guardian","floor":16,"turns":8},{"damage":16,"enemies":"Shell Parasite","floor":18,"turns":3},{"damage":21,"enemies":"3 Byrds","floor":19,"turns":3},{"damage":30,"enemies":"Snecko","floor":21,"turns":6},{"damage":43,"enemies":"Slavers","floor":23,"turns":3},{"damage":22,"enemies":"3 Cultists","floor":27,"turns":6},{"damage":1,"enemies":"Centurion and Healer","floor":28,"turns":3},{"damage":61,"enemies":"Automaton","floor":33,"turns":8}],"seed_played":"5510547791683023758","potions_obtained":[{"floor":2,"key":"EssenceOfSteel"},{"floor":14,"key":"FearPotion"},{"floor":19,"key":"Strength Potion"},{"floor":28,"key":"Fruit Juice"}],"is_trial":false,"path_per_floor":["M","M","?","?","?","E","R","E","T","R","M","R","$","M","R","B",null,"M","M","?","M","?","E","?","?","T","M","M","?","R","$","R","B"],"character_chosen":"IRONCLAD","items_purchased":["MealTicket","Sentinel"],"campfire_rested":2,"item_purchase_floors":[31,31],"current_hp_per_floor":[80,81,81,53,53,26,26,22,28,55,65,65,65,64,64,47,89,79,64,64,44,44,11,17,17,23,11,25,25,65,65,65,4,4],"gold":28,"neow_bonus":"THREE_RARE_CARDS","is_daily":false,"chose_seed":false,"campfire_upgraded":4,"win_rate":0.0,"timestamp":1608299653,"path_taken":["M","M","?","?","?","E","R","E","T","R","M","R","?","M","R","BOSS","M","M","?","M","?","E","?","?","T","M","M","?","R","$","R","BOSS"],"items_purchased_type":["Relic","Card"],"build_version":"2020-12-13","purchased_purges":1,"victory":false,"max_hp_per_floor":[81,81,81,81,81,81,81,85,91,91,95,95,95,99,99,103,103,103,103,103,107,107,111,117,117,123,127,136,136,136,136,136,136,136],"card_choices":[{"not_picked":["Brutality","Berserk"],"picked":"Immolate","floor":0},{"not_picked":["Hemokinesis","Anger"],"picked":"Intimidate","floor":1},{"not_picked":["Anger","Clash"],"picked":"Evolve","floor":2},{"not_picked":["Headbutt","Twin Strike"],"picked":"Feed","floor":6},{"not_picked":["Thunderclap","Carnage","Intimidate"],"picked":"SKIP","floor":8},{"not_picked":["Clash","Anger"],"picked":"Flame Barrier","floor":11},{"not_picked":["True Grit","Clash"],"picked":"Headbutt","floor":14},{"not_picked":["Berserk","Demon Form"],"picked":"Limit Break","floor":16},{"not_picked":["Infernal Blade+1","Thunderclap"],"picked":"Ghostly Armor","floor":18},{"not_picked":["Body Slam","Rage"],"picked":"Shockwave","floor":19},{"not_picked":["Clothesline","Warcry"],"picked":"Disarm+1","floor":21},{"not_picked":["Blood for Blood","Thunderclap"],"picked":"Corruption","floor":23},{"not_picked":["Evolve","Thunderclap"],"picked":"Rupture","floor":27},{"not_picked":["Thunderclap","Bloodletting"],"picked":"Body Slam","floor":28}],"player_experience":1084124,"relics_obtained":[{"floor":6,"key":"Shuriken"},{"floor":9,"key":"Mercury Hourglass"},{"floor":23,"key":"Lantern"},{"floor":26,"key":"Unceasing Top"}],"event_choices":[{"damage_healed":0,"gold_gain":0,"player_choice":"Grow","damage_taken":0,"max_hp_gain":0,"max_hp_loss":0,"event_name":"Living Wall","floor":3,"gold_loss":0,"cards_upgraded":["Evolve"]},{"damage_healed":0,"gold_gain":0,"player_choice":"Take Damage","damage_taken":28,"relics_obtained":["Golden Idol"],"max_hp_gain":0,"max_hp_loss":0,"event_name":"Golden Idol","floor":4,"gold_loss":0},{"cards_removed":["Strike_R"],"damage_healed":0,"gold_gain":0,"player_choice":"Card Removal","damage_taken":0,"max_hp_gain":0,"max_hp_loss":0,"event_name":"The Cleric","floor":5,"gold_loss":75},{"damage_healed":0,"gold_gain":50,"player_choice":"Stole From Cult","damage_taken":0,"max_hp_gain":0,"max_hp_loss":0,"event_name":"Nest","floor":20,"gold_loss":0},{"cards_removed":["Strike_R"],"damage_healed":0,"gold_gain":0,"player_choice":"Upgrade and Remove","damage_taken":0,"max_hp_gain":0,"max_hp_loss":0,"event_name":"Designer","floor":22,"gold_loss":110,"cards_upgraded":["Defend_R"]},{"damage_healed":0,"gold_gain":0,"player_choice":"Stole Relic","damage_taken":0,"relics_obtained":["Kunai"],"max_hp_gain":0,"max_hp_loss":0,"event_name":"Addict","floor":24,"gold_loss":0,"cards_obtained":["Shame"]},{"damage_healed":0,"gold_gain":0,"player_choice":"Simplicity","damage_taken":0,"max_hp_gain":0,"max_hp_loss":0,"event_name":"Back to Basics","floor":25,"gold_loss":0,"cards_upgraded":["Strike_R","Strike_R","Defend_R","Defend_R","Defend_R"]},{"damage_healed":0,"gold_gain":0,"player_choice":"Inject Mutagens","damage_taken":0,"relics_obtained":["MutagenicStrength"],"max_hp_gain":0,"max_hp_loss":0,"event_name":"Drug Dealer","floor":29,"gold_loss":0}],"is_beta":false,"boss_relics":[{"not_picked":["Velvet Choker","SacredBark"],"picked":"Mark of Pain"}],"items_purged_floors":[13],"is_endless":false,"potions_floor_spawned":[2,14,19,23,28],"killed_by":"Automaton","ascension_level":20}}