{"host":"ry4759h6xtufhiz6","time":1608266730,"event":{"mods":["BaseMod","Colored Powertips","DeckTracker","Minty Spire (QoL Compilation)","StSLib","SuperFastMode"],"gold_per_floor":[19,19,94,107,120,120,151,27,27,27,27],"floor_reached":10,"playtime":279,"items_purged":["Strike_R"],"score":66,"play_id":"a8f277ea-0ea0-4394-95bb-8aeb19a770ef","local_time":"20201218134530","is_ascension_mode":false,"campfire_choices":[{"data":"Pummel","floor":6,"key":"SMITH"}],"circlet_count":0,"master_deck":["Strike_R","Strike_R","Strike_R","Defend_R","Defend_R","Defend_R","Bash","Spot Weakness","Evolve","Pummel+1","Inflame+1"],"relics":["Burning Blood","Golden Idol","Frozen Egg 2"],"acts_visited":["Exordium"],"potions_floor_usage":[10],"damage_taken":[{"damage":2,"enemies":"Small Slimes","floor":1,"turns":5},{"damage":9,"enemies":"2 Louse","floor":4,"turns":4},{"damage":6,"enemies":"Cultist","floor":5,"turns":3},{"damage":33,"enemies":"3 Sentries","floor":7,"turns":9},{"damage":26,"enemies":"Gremlin Nob","floor":10,"turns":3}],"seed_played":"3036875764498315532","potions_obtained":[{"floor":5,"key":"Fruit Juice"}],"is_trial":false,"path_per_floor":["M","?","?","M","M","R","E","$","T","E"],"character_chosen":"IRONCLAD","items_purchased":["FearPotion"],"campfire_rested":0,"item_purchase_floors":[8],"current_hp_per_floor":[80,60,49,46,46,46,19,19,19,0,0],"gold":27,"neow_bonus":"TRANSFORM_TWO_CARDS","is_daily":false,"chose_seed":false,"campfire_upgraded":1,"win_rate":0.0,"timestamp":1608266730,"path_taken":["M","?","?","M","M","R","E","$","T","E"],"items_purchased_type":["Potion"],"build_version":"2020-12-13","purchased_purges":1,"victory":false,"max_hp_per_floor":[80,80,80,80,80,80,80,80,80,85,85],"card_choices":[{"not_picked":["Twin Strike","Clothesline","Headbutt"],"picked":"SKIP","floor":1},{"not_picked":["Iron Wave","Spot Weakness","Sentinel"],"picked":"SKIP","floor":4},{"not_picked":["Dual Wield","Warcry"],"picked":"Pummel","floor":5},{"not_picked":["Searing Blow","Carnage"],"picked":"Inflame+1","floor":7}],"player_experience":962777,"relics_obtained":[{"floor":7,"key":"Frozen Egg 2"}],"event_choices":[{"damage_healed":0,"gold_gain":0,"player_choice":"Take Damage","damage_taken":20,"relics_obtained":["Golden Idol"],"max_hp_gain":0,"max_hp_loss":0,"event_name":"Golden Idol","floor":2,"gold_loss":0},{"damage_healed":0,"gold_gain":75,"player_choice":"Gather Gold","damage_taken":11,"max_hp_gain":0,"max_hp_loss":0,"event_name":"World of Goop","floor":3,"gold_loss":0}],"is_beta":false,"boss_relics":[],"items_purged_floors":[8],"is_endless":false,"potions_floor_spawned":[5],"killed_by":"Gremlin Nob","ascension_level":0}}