{"host":"3srbdas3e7jgqz5l","time":1608331260,"event":{"mods":["BaseMod","Downfall","Minty Spire (QoL Compilation)","StSLib"],"gold_per_floor":[99,99,127,127,127,52,52,66,92,92,27,39,39,39,49,49,49],"floor_reached":16,"playtime":554,"items_purged":["Slimebound:Strike_Slimebound"],"score":151,"play_id":"6f0c757f-82d9-46c0-b44a-2fcfcf470fba","local_time":"20201218224100","is_ascension_mode":true,"campfire_choices":[{"floor":1,"key":"RECALL"},{"data":"Slimebound:CorrosiveSpit","floor":6,"key":"SMITH"},{"data":"Slimebound:Split","floor":10,"key":"SMITH"}],"circlet_count":0,"master_deck":["Slimebound:Strike_Slimebound","Slimebound:Tackle","Slimebound:Defend_Slimebound","Slimebound:Defend_Slimebound","Slimebound:Defend_Slimebound","Slimebound:Defend_Slimebound","Slimebound:Split+1","Slimebound:CorrosiveSpit+1","Slimebound:MinionMaster","Slimebound:SplitBruiser","Slimebound:PressTheAttack","Slimebound:AcidTongue+1","Slimebound:SlimeSpikes+1"],"relics":["Slimebound:AbsorbEndCombat","downfall:HeartsMalice","Smiling Mask","downfall:HeartBlessingRed","Thread and Needle","Frozen Egg 2"],"acts_visited":["Exordium"],"potions_floor_usage":[16],"damage_taken":[{"damage":0,"enemies":"Lagavulin","floor":3,"turns":1},{"damage":0,"enemies":"2 Louse","floor":4,"turns":1},{"damage":0,"enemies":"Small Slimes","floor":5,"turns":1},{"damage":8,"enemies":"Cultist","floor":8,"turns":2},{"damage":38,"enemies":"3 Sentries","floor":9,"turns":6},{"damage":13,"enemies":"downfall:FleeingMerchant","floor":11,"turns":4},{"damage":12,"enemies":"Blue Slaver","floor":12,"turns":4},{"damage":12,"enemies":"Red Slaver","floor":15,"turns":4},{"damage":53,"enemies":"downfall:Defect","floor":16,"turns":6}],"seed_played":"3324576272544944887","potions_obtained":[{"floor":8,"key":"SteroidPotion"},{"floor":9,"key":"Fire Potion"},{"floor":12,"key":"AttackPotion"}],"is_trial":false,"path_per_floor":["R","?","E","M","M","R","T","M","E","R","$","M","?","?","M","B"],"character_chosen":"SLIMEBOUND","items_purchased":[],"campfire_rested":0,"item_purchase_floors":[],"current_hp_per_floor":[60,65,65,65,65,65,65,65,37,37,40,40,40,40,44,0,0],"gold":49,"neow_bonus":"THREE_ENEMY_KILL","is_daily":false,"chose_seed":false,"campfire_upgraded":2,"win_rate":0.0,"timestamp":1608331260,"path_taken":["R","?","E","M","M","R","T","M","E","R","$","M","?","?","M","BOSS"],"items_purchased_type":[],"build_version":"2020-12-13","purchased_purges":1,"victory":false,"max_hp_per_floor":[60,65,65,65,65,65,65,65,65,65,65,65,65,65,65,65,65],"card_choices":[{"not_picked":["Slimebound:ViciousTackle","Slimebound:GrowthPunch"],"picked":"Slimebound:MinionMaster","floor":3},{"not_picked":["Slimebound:ViciousTackle","Slimebound:Recollect"],"picked":"Slimebound:SplitBruiser","floor":4},{"not_picked":["Slimebound:FirmFortitude","Slimebound:ViciousTackle"],"picked":"Slimebound:PressTheAttack","floor":5},{"not_picked":["Slimebound:PressTheAttack","Slimebound:Schlurp","Slimebound:ServeAndProtect"],"picked":"SKIP","floor":8},{"not_picked":["Slimebound:HauntingLick","Slimebound:LeechingTouch","Slimebound:LeechEnergy"],"picked":"SKIP","floor":9},{"not_picked":["Slimebound:FinishingTackle","Slimebound:ComboTackle"],"picked":"Slimebound:AcidTongue+1","floor":11},{"not_picked":["Slimebound:PrepareCrush","Slimebound:LeechEnergy"],"picked":"Slimebound:SlimeSpikes","floor":12},{"not_picked":["Slimebound:RollThrough","Slimebound:ServeAndProtect","Slimebound:DivideAndConquer"],"picked":"SKIP","floor":15}],"player_experience":456788,"relics_obtained":[{"floor":3,"key":"Smiling Mask"},{"floor":7,"key":"Thread and Needle"},{"floor":9,"key":"Frozen Egg 2"}],"event_choices":[{"damage_healed":0,"gold_gain":0,"player_choice":"Donut","damage_taken":0,"max_hp_gain":5,"max_hp_loss":0,"event_name":"Big Fish","floor":2,"gold_loss":0},{"damage_healed":0,"gold_gain":0,"player_choice":"Upgraded","damage_taken":0,"max_hp_gain":0,"max_hp_loss":0,"event_name":"Upgrade Shrine","floor":14,"gold_loss":0,"cards_upgraded":["Slimebound:SlimeSpikes"]}],"is_beta":false,"boss_relics":[],"items_purged_floors":[11],"is_endless":false,"potions_floor_spawned":[8,9,12,15],"killed_by":"downfall:Defect","ascension_level":3}}