{"host":"2461dio7vetlq1z3","time":1608258830,"event":{"mods":["2.2 Compatiblity","AchievementEnabler","BaseMod","Better Third Choice","Hermit","Minty Spire (QoL Compilation)","Relic Stats","Spicy Shops","StSLib","The Animator","Waifu the Spire"],"gold_per_floor":[129,143,143,157,186,186,217,254,279,305,305,325,325,325,325,424,424,444,226,237,152,152,186,186,111,135,169,206,246,268,312,324,436,448,477,489,512,577,601,648,340,340,363,363,397,397,409,8,8,8],"floor_reached":51,"playtime":4917,"items_purged":["animator:Defend","animator:Strike+1","animator:Strike+1","animator:Strike+1"],"score":865,"play_id":"bff71d23-4949-4d6f-aafb-78666079fd3f","local_time":"20201218033350","is_ascension_mode":true,"campfire_choices":[{"data":"animator:Cirno","floor":6,"key":"SMITH"},{"data":"animator:PandorasActor","floor":11,"key":"SMITH"},{"data":"animator:Kyubey","floor":13,"key":"SMITH"},{"data":"animator:Vanir","floor":15,"key":"SMITH"},{"data":"animator:Boros","floor":24,"key":"SMITH"},{"data":"animator:Saitama","floor":32,"key":"SMITH"},{"data":"animator:MetalKnight","floor":42,"key":"SMITH"},{"data":"animator:Kaijin","floor":49,"key":"SMITH"}],"circlet_count":0,"master_deck":["animator:Strike_Konosuba+1","animator:Defend+1","animator:Kazuma+1","animator:Aqua+1","animator:Cirno+1","animator:Kaijin+1","animator:Aisha+1","animator:Azekura+1","animator:Vanir+1","animator:Mitsurugi+1","animator:PandorasActor+1","animator:Kaijin+1","animator:Kyubey+1","animator:HigakiRinne+1","animator:Vesta+1","animator:Cirno+1","animator:MetalKnight+1","animator:Boros+1","animator:Add+1","animator:Azekura+1","animator:Tatsumaki+1","animator:Saitama+1","animator:Canti+1","animator:GazelDwargon+1","animator:Kaijin+1"],"relics":["animator:LivingPicture","animator:TheMissingPiece","Whetstone","Odd Mushroom","Potion Belt","Nunchaku","Coffee Dripper","DollysMirror","Juzu Bracelet","Ancient Tea Set","Anchor","MawBank","animator:WornHelmet","animator:WizardHat","Toy Ornithopter","Busted Crown","animator:AlchemistGlove","Boot","Bag of Preparation","Regal Pillow","Pantograph","Mark of the Bloom","Membership Card","DataDisk"],"acts_visited":["Exordium","TheCity","TheBeyond"],"potions_floor_usage":[7,8,27,29,30,31,38,50,50,50],"damage_taken":[{"damage":14,"enemies":"Jaw Worm","floor":1,"turns":8},{"damage":0,"enemies":"2 Louse","floor":2,"turns":4},{"damage":3,"enemies":"Cultist","floor":4,"turns":5},{"damage":0,"enemies":"Blue Slaver","floor":5,"turns":6},{"damage":21,"enemies":"Gremlin Nob","floor":7,"turns":5},{"damage":0,"enemies":"The Mushroom Lair","floor":8,"turns":3},{"damage":10,"enemies":"Lagavulin","floor":10,"turns":9},{"damage":0,"enemies":"3 Louse","floor":12,"turns":2},{"damage":20,"enemies":"Slime Boss","floor":16,"turns":14},{"damage":0,"enemies":"3 Byrds","floor":18,"turns":7},{"damage":4,"enemies":"Spheric Guardian","floor":20,"turns":4},{"damage":15,"enemies":"Book of Stabbing","floor":23,"turns":6},{"damage":5,"enemies":"animator:HornedBat","floor":27,"turns":6},{"damage":26,"enemies":"Gremlin Leader","floor":29,"turns":6},{"damage":8,"enemies":"Snake Plant","floor":30,"turns":5},{"damage":2,"enemies":"animator:HornedBat","floor":31,"turns":5},{"damage":20,"enemies":"Collector","floor":33,"turns":11},{"damage":0,"enemies":"Orb Walker","floor":35,"turns":4},{"damage":9,"enemies":"3 Darklings","floor":37,"turns":5},{"damage":21,"enemies":"2 Orb Walkers","floor":38,"turns":5},{"damage":10,"enemies":"Transient","floor":39,"turns":5},{"damage":9,"enemies":"Giant Head","floor":40,"turns":9},{"damage":0,"enemies":"Nemesis","floor":45,"turns":7},{"damage":1,"enemies":"4 Shapes","floor":47,"turns":4},{"damage":46,"enemies":"Time Eater","floor":50,"turns":12}],"seed_played":"6597794305329603024","potions_obtained":[{"floor":1,"key":"Swift Potion"},{"floor":2,"key":"SteroidPotion"},{"floor":4,"key":"Swift Potion"},{"floor":7,"key":"Explosive Potion"},{"floor":12,"key":"Energy Potion"},{"floor":18,"key":"DistilledChaos"},{"floor":20,"key":"Fruit Juice"},{"floor":30,"key":"FearPotion"},{"floor":31,"key":"LiquidMemories"},{"floor":35,"key":"Ancient Potion"},{"floor":38,"key":"Swift Potion"},{"floor":47,"key":"animator:FalseLifePotion"}],"is_trial":false,"path_per_floor":["M","M","?","M","M","R","E","?","T","E","R","M","R","?","R","B",null,"M","$","M","?","?","E","R","?","T","E","T","E","M","E","R","B",null,"M","?","M","?","M","E","$","R","T","?","E","?","M","$","R","B",null],"character_chosen":"THE_ANIMATOR","items_purchased":["DollysMirror","Bag of Preparation","animator:GazelDwargon","Membership Card","animator:Kaijin","DataDisk"],"campfire_rested":0,"item_purchase_floors":[19,41,41,48,48,48],"current_hp_per_floor":[52,54,59,58,60,60,40,42,42,34,34,34,34,34,34,16,72,73,73,69,69,69,56,56,56,56,53,53,29,23,23,23,5,73,73,63,56,42,34,27,27,27,27,64,64,64,63,63,63,17],"gold":8,"neow_bonus":"RANDOM_COLORLESS","is_daily":false,"chose_seed":false,"campfire_upgraded":8,"win_rate":0.0,"timestamp":1608258830,"path_taken":["M","M","?","M","M","R","E","?","T","E","R","M","R","?","R","BOSS","M","$","?","?","?","E","R","?","T","E","?","E","M","E","R","BOSS","M","?","M","?","M","E","$","R","T","?","E","?","M","$","R","BOSS"],"items_purchased_type":["Relic","Relic","Card","Relic","Card","Relic"],"build_version":"2020-12-13","purchased_purges":4,"victory":true,"max_hp_per_floor":[66,66,71,71,71,71,72,72,72,72,72,72,72,72,72,72,72,73,73,73,73,73,73,73,73,73,73,73,73,73,73,73,73,73,73,73,73,73,73,73,73,73,73,64,64,64,64,64,64,69],"relic_stats":{"Regal Pillow":0,"Mark of the Bloom":48,"counters":[25,157],"Juzu Bracelet":0,"Bag of Preparation":[6],"Whetstone":["animator:Strike","animator:Strike_Konosuba"],"MawBank":168,"Boot":[16],"Nunchaku":[22],"Busted Crown":44,"Pantograph":0,"obtain_stats":[{"Potion Belt":9,"animator:WizardHat":29,"Regal Pillow":43,"Mark of the Bloom":46,"animator:TheMissingPiece":0,"Juzu Bracelet":21,"Bag of Preparation":41,"Whetstone":7,"Odd Mushroom":8,"animator:WornHelmet":28,"Ancient Tea Set":23,"MawBank":27,"Boot":40,"Nunchaku":10,"Anchor":26,"DataDisk":48,"Busted Crown":34,"DollysMirror":19,"Pantograph":45,"animator:LivingPicture":0,"Coffee Dripper":17,"Membership Card":48,"animator:AlchemistGlove":38,"Toy Ornithopter":31},{"Potion Belt":6,"animator:WizardHat":14,"Regal Pillow":22,"Mark of the Bloom":23,"animator:TheMissingPiece":0,"Juzu Bracelet":11,"Bag of Preparation":22,"Whetstone":5,"Odd Mushroom":6,"animator:WornHelmet":13,"Ancient Tea Set":12,"MawBank":13,"Boot":22,"Nunchaku":7,"Anchor":12,"DataDisk":24,"Busted Crown":17,"DollysMirror":10,"Pantograph":23,"animator:LivingPicture":0,"Coffee Dripper":9,"Membership Card":24,"animator:AlchemistGlove":20,"Toy Ornithopter":16},{"Potion Belt":31,"animator:WizardHat":85,"Regal Pillow":134,"Mark of the Bloom":141,"animator:TheMissingPiece":0,"Juzu Bracelet":67,"Bag of Preparation":134,"Whetstone":28,"Odd Mushroom":31,"animator:WornHelmet":79,"Ancient Tea Set":73,"MawBank":79,"Boot":134,"Nunchaku":40,"Anchor":73,"DataDisk":145,"Busted Crown":106,"DollysMirror":63,"Pantograph":141,"animator:LivingPicture":0,"Coffee Dripper":56,"Membership Card":145,"animator:AlchemistGlove":120,"Toy Ornithopter":95}],"Toy Ornithopter":5},"card_choices":[{"not_picked":["animator:IchigoKurosaki","animator:LimeBell"],"picked":"animator:Cirno","floor":0},{"not_picked":["animator:Nanami","animator:Kazuma"],"picked":"animator:Kaijin","floor":1},{"not_picked":["animator:Vanir","animator:Mitsurugi"],"picked":"animator:Aisha","floor":2},{"not_picked":["animator:Ciel","animator:YachiyoNanami"],"picked":"animator:Azekura","floor":4},{"not_picked":["animator:Verdia","animator:Kazuma"],"picked":"animator:Vanir","floor":5},{"not_picked":["animator:Demiurge","animator:Benimaru"],"picked":"animator:Mitsurugi","floor":7},{"not_picked":["animator:Verdia","animator:Shichika"],"picked":"animator:PandorasActor","floor":8},{"not_picked":["animator:Chung","animator:Vanir"],"picked":"animator:Kaijin","floor":10},{"not_picked":["animator:Evileye","animator:KyokoSakura"],"picked":"animator:Kyubey","floor":12},{"not_picked":["animator:Rimuru","animator:Eris"],"picked":"animator:HigakiRinne","floor":16},{"not_picked":["animator:Shuna","animator:Benimaru"],"picked":"animator:Vesta","floor":18},{"not_picked":["animator:Chung","animator:YuiTsuruno"],"picked":"animator:MetalKnight","floor":20},{"not_picked":["animator:Evileye","animator:Shuna"],"picked":"animator:Boros","floor":23},{"not_picked":["animator:Millim","animator:Hitei"],"picked":"animator:Add+1","floor":27},{"not_picked":["animator:Togame","animator:Emonzaemon"],"picked":"animator:Azekura","floor":29},{"not_picked":["animator:KyokoSakura","animator:SilverFang"],"picked":"animator:Tatsumaki","floor":30},{"not_picked":["animator:Vanir","animator:Shuna"],"picked":"animator:Saitama","floor":31},{"not_picked":["animator:OrikoMikuni+1"],"picked":"SKIP","floor":35},{"not_picked":[],"picked":"animator:Canti","floor":36},{"not_picked":["animator:Emonzaemon+1"],"picked":"SKIP","floor":39},{"not_picked":["animator:UneriGinkaku"],"picked":"SKIP","floor":40},{"not_picked":["animator:NarberalGamma"],"picked":"SKIP","floor":45}],"player_experience":779777,"relics_obtained":[{"floor":7,"key":"Whetstone"},{"floor":8,"key":"Odd Mushroom"},{"floor":9,"key":"Potion Belt"},{"floor":10,"key":"Nunchaku"},{"floor":23,"key":"Ancient Tea Set"},{"floor":26,"key":"Anchor"},{"floor":27,"key":"MawBank"},{"floor":28,"key":"animator:WornHelmet"},{"floor":29,"key":"animator:WizardHat"},{"floor":31,"key":"Toy Ornithopter"},{"floor":38,"key":"animator:AlchemistGlove"},{"floor":40,"key":"Boot"},{"floor":43,"key":"Regal Pillow"},{"floor":45,"key":"Pantograph"}],"event_choices":[{"damage_healed":0,"gold_gain":0,"player_choice":"Donut","damage_taken":0,"max_hp_gain":5,"max_hp_loss":0,"event_name":"Big Fish","floor":3,"gold_loss":0},{"damage_healed":0,"gold_gain":0,"player_choice":"Fought Mushrooms","damage_taken":0,"max_hp_gain":0,"max_hp_loss":0,"event_name":"Mushrooms","floor":8,"gold_loss":0},{"damage_healed":0,"gold_gain":0,"player_choice":"0 cards matched","damage_taken":0,"max_hp_gain":0,"max_hp_loss":0,"event_name":"Match and Keep!","floor":14,"gold_loss":0,"cards_obtained":[]},{"damage_healed":0,"gold_gain":0,"player_choice":"Obtained Relic","damage_taken":0,"relics_obtained":["Juzu Bracelet"],"max_hp_gain":0,"max_hp_loss":0,"event_name":"Addict","floor":21,"gold_loss":85},{"cards_removed":["animator:Defend_Konosuba"],"damage_healed":0,"gold_gain":0,"player_choice":"Elegance","damage_taken":0,"max_hp_gain":0,"max_hp_loss":0,"event_name":"betterThird:BetterWriting","floor":22,"gold_loss":0},{"cards_removed":["animator:Defend"],"damage_healed":0,"gold_gain":0,"player_choice":"Gave Gold","damage_taken":0,"max_hp_gain":0,"max_hp_loss":0,"event_name":"Beggar","floor":25,"gold_loss":75},{"damage_healed":0,"gold_gain":0,"player_choice":"Memory 3","damage_taken":10,"max_hp_gain":0,"max_hp_loss":0,"event_name":"SensoryStone","floor":36,"gold_loss":0},{"damage_healed":0,"gold_gain":0,"player_choice":"Fight","damage_taken":0,"max_hp_gain":0,"max_hp_loss":0,"event_name":"Mysterious Sphere","floor":38,"gold_loss":0},{"damage_healed":64,"gold_gain":0,"player_choice":"Heal","damage_taken":0,"max_hp_gain":0,"max_hp_loss":9,"event_name":"The Moai Head","floor":44,"gold_loss":0},{"damage_healed":0,"gold_gain":0,"player_choice":"Upgrade","damage_taken":0,"relics_obtained":["Mark of the Bloom"],"max_hp_gain":0,"max_hp_loss":0,"event_name":"MindBloom","floor":46,"gold_loss":0,"cards_upgraded":["animator:Defend","animator:Kazuma","animator:Aqua","animator:Kaijin","animator:Aisha","animator:Azekura","animator:Mitsurugi","animator:Kaijin","animator:HigakiRinne","animator:Vesta","animator:Azekura","animator:Tatsumaki","animator:Canti","animator:GazelDwargon"]}],"is_beta":false,"boss_relics":[{"not_picked":["Empty Cage","Mark of Pain"],"picked":"Coffee Dripper"},{"not_picked":["Fusion Hammer","Sozu"],"picked":"Busted Crown"}],"items_purged_floors":[19,41,48,48],"is_endless":false,"potions_floor_spawned":[1,2,4,7,12,18,20,30,31,35,38,47],"ascension_level":2}}