{"host":"15f3wpiimhe5yrng","time":1608280697,"event":{"mods":["2.2 Compatiblity","Bard","BaseMod","Better Altar","Better Match","Better Note","Better Sensory Stone","Better Skull","Better Third Choice","Colored Map","Colored Powertips","Downfall","Marisa????????","Minty Spire (QoL Compilation)","Permanent Neow","Puzzle Mod","Railgun Mod","Relic Filter","SacredBarkPlus","Spicy Shops","StSLib","The Alterego","The Animator","The Hierophant","TheSwordswoman","WarShipGirlsR/????R mod","???????????mod","??????REMEMod"],"gold_per_floor":[99,110,135,153,153,163,163,163,194,44,55,55,55,55,72,174,174,99,109,134,134,152,181,181,209,209,243,307,350,56,56,79,248,248,248,296,296,326,349,364,364,54,91,130,189,139,159,17,43,112,112,214,33,33,210],"floor_reached":56,"playtime":6063,"items_purged":["hexamod:Strike+1","hexamod:Strike+1","hexamod:Strike+1","alterego_mod:Alter+1"],"score":1602,"play_id":"4d301987-1025-4715-aba2-6c798f9b1c38","local_time":"20201218093817","is_ascension_mode":false,"campfire_choices":[{"data":"hexamod:Sear","floor":1.0,"key":"SMITH"},{"floor":5.0,"key":"RECALL"},{"data":"hexamod:ThermalTransfer","floor":10.0,"key":"SMITH"},{"data":"hexamod:RainOfEmbers","floor":18,"key":"SMITH"},{"data":"hexamod:ShieldOfDarkness","floor":26,"key":"SMITH"},{"data":"hexamod:TimeOfNeed","floor":35,"key":"SMITH"},{"data":"REME_BuildACard","floor":54,"key":"SMITH"}],"circlet_count":0,"master_deck":["hexamod:Strike+1","hexamod:Defend+1","hexamod:Defend+1","hexamod:Defend+1","hexamod:Defend+1","hexamod:Sear+1","hexamod:Float+1","hexamod:ThermalTransfer+1","hexamod:WildfireWeapon+1","hexamod:SwordOfDarkness+1","hexamod:RainOfEmbers+1","hexamod:ShieldOfDarkness+1","hexamod:PhantomCloak+1","hexamod:Incineration+1","hexamod:PowerFromBeyond+1","hexamod:Hexaguard+1","hexamod:SwordOfDarkness+1","hexamod:TimeOfNeed+1","hexamod:AdvancingGuard+1","REME_TwoStrings+1","hexamod:BurningTouch","REME_BuildACard+1","hexamod:RainOfEmbers+1","hexamod:SwordOfDarkness"],"relics":["hexamod:SpiritBrand","REME_ComplimentaryCards","Centennial Puzzle","Kunai","Gremlin Horn","TungstenRod","downfall:HeartBlessingGreen","downfall:HeartBlessingRed","Ancient Tea Set","SlaversCollar","downfall:HeartBlessingBlue","White Beast Statue","Calipers","Mummified Hand","hexamod:TheBrokenSeal","REME_ArchaeologicalTools","Thread and Needle","REME_LowDesire","REME_PuzzleBoxRelic","Boot","Question Card","REME_HourglassOfDeath","Bag of Preparation","ClockworkSouvenir","Membership Card","hexamod:MatchstickCase","Girya","Chemical X","hexamod:SoulConsumer","Vajra"],"acts_visited":["Exordium","TheCity","TheBeyond","TheEnding"],"potions_floor_usage":[22,22,23,23,23,25,27,27],"damage_taken":[{"damage":0.0,"enemies":"Cultist","floor":2.0,"turns":3.0},{"damage":15.0,"enemies":"Lagavulin","floor":3.0,"turns":7.0},{"damage":0.0,"enemies":"Jaw Worm","floor":4.0,"turns":3.0},{"damage":0.0,"enemies":"2 Louse","floor":6.0,"turns":3.0},{"damage":22.0,"enemies":"3 Sentries","floor":9.0,"turns":9.0},{"damage":5.0,"enemies":"2 Fungi Beasts","floor":11.0,"turns":3.0},{"damage":3.0,"enemies":"Large Slime","floor":15.0,"turns":4.0},{"damage":26.0,"enemies":"downfall:Ironclad","floor":16.0,"turns":9.0},{"damage":0,"enemies":"Chosen","floor":19,"turns":3},{"damage":29,"enemies":"Gremlin Leader","floor":20,"turns":7},{"damage":38,"enemies":"3 Byrds","floor":22,"turns":7},{"damage":17,"enemies":"REME_1_Revenger","floor":23,"turns":6},{"damage":11,"enemies":"Cultist and Chosen","floor":25,"turns":5},{"damage":23,"enemies":"Gremlin Leader","floor":27,"turns":7},{"damage":0,"enemies":"Sentry and Sphere","floor":28,"turns":3},{"damage":0,"enemies":"Centurion and Healer","floor":29,"turns":5},{"damage":0,"enemies":"downfall:FleeingMerchant","floor":30,"turns":4},{"damage":4,"enemies":"Snecko","floor":32,"turns":3},{"damage":0,"enemies":"downfall:Defect","floor":33,"turns":5},{"damage":1,"enemies":"Giant Head","floor":36,"turns":6},{"damage":0,"enemies":"Giant Head","floor":38,"turns":13},{"damage":0,"enemies":"3 Darklings","floor":39,"turns":3},{"damage":0,"enemies":"Orb Walker","floor":40,"turns":2},{"damage":14,"enemies":"downfall:FleeingMerchant","floor":42,"turns":3},{"damage":0,"enemies":"Sphere and 2 Shapes","floor":43,"turns":4},{"damage":0,"enemies":"Reptomancer","floor":44,"turns":3},{"damage":0,"enemies":"Mind Bloom Boss Battle","floor":45,"turns":3},{"damage":43,"enemies":"Writhing Mass","floor":47,"turns":3},{"damage":0,"enemies":"Jaw Worm Horde","floor":49,"turns":3},{"damage":0,"enemies":"downfall:Watcher","floor":50,"turns":5},{"damage":0,"enemies":"downfall:CharBossMerchant","floor":52,"turns":7},{"damage":0,"enemies":"downfall:NeowBoss","floor":55,"turns":21}],"seed_played":"-6762160125342833860","potions_obtained":[{"floor":3.0,"key":"AttackPotion"},{"floor":6.0,"key":"SkillPotion"},{"floor":11.0,"key":"SteroidPotion"},{"floor":15.0,"key":"SneckoOil"},{"floor":16.0,"key":"Fire Potion"},{"floor":20,"key":"CultistPotion"},{"floor":21,"key":"Regen Potion"},{"floor":22,"key":"SkillPotion"},{"floor":22,"key":"SkillPotion"},{"floor":23,"key":"Block Potion"},{"floor":25,"key":"Fire Potion"},{"floor":25,"key":"Slimebound:ThreeZeroPotion"},{"floor":27,"key":"champ:CounterPotion"},{"floor":28,"key":"SpeedPotion"},{"floor":29,"key":"Fire Potion"},{"floor":30,"key":"Dexterity Potion"},{"floor":32,"key":"Guardian:BlockOnCardUsePotion"},{"floor":36,"key":"FairyPotion"}],"is_trial":false,"path_per_floor":["R","M","E","M","R","M","T","T","E","R","M","?","?","?","M","B",null,"R","M","E","?","M","E","T","M","R","E","M","M","$","?","M","B",null,"R","E","?","?","M","M","T","$","M","E","?","$","M","$","M","B",null,"E","$","R","B",null],"character_chosen":"THE_SPIRIT","items_purchased":["Thread and Needle","Bag of Preparation","ClockworkSouvenir","hexamod:BurningTouch","Membership Card","REME_BuildACard","Chemical X","Vajra","hexamod:SwordOfDarkness"],"campfire_rested":0,"item_purchase_floors":[30,42,42,42,42,42,48,53,53],"current_hp_per_floor":[70,70,55,55,55,55,55,55,33,33,28,26,26,31,47,21,75,85,85,56,56,49,39,39,42,42,95,95,95,95,95,91,91,95,95,95,95,95,95,95,95,95,95,95,95,95,52,52,55,55,95,95,95,95,95],"gold":210,"neow_bonus":"RANDOM_COMMON_RELIC","is_daily":false,"chose_seed":false,"campfire_upgraded":6,"win_rate":0.0,"timestamp":1608280697,"path_taken":["R","M","E","?","R","M","T","?","E","R","M","?","?","?","M","BOSS","R","M","E","?","M","E","T","?","R","E","M","M","?","?","M","BOSS","R","E","?","?","M","M","T","$","M","E","?","$","?","$","M","BOSS","E","$","R","BOSS"],"items_purchased_type":["Relic","Relic","Relic","Card","Relic","Card","Relic","Relic","Card"],"build_version":"2020-12-13","purchased_purges":4,"victory":true,"max_hp_per_floor":[70,70,70,70,70,70,70,70,70,70,70,70,70,75,75,75,75,85,85,85,85,85,85,85,85,85,95,95,95,95,95,95,95,95,95,95,95,95,95,95,95,95,95,95,95,95,95,95,95,95,95,95,95,95,95],"card_choices":[{"not_picked":["hexamod:FastForward","hexamod:Firestarter"],"picked":"hexamod:ThermalTransfer","floor":2.0},{"not_picked":["hexamod:GhostShield","hexamod:GhostLash","hexamod:RecurringNightmare"],"picked":"SKIP","floor":3.0},{"not_picked":["hexamod:SuperheatedStrike","hexamod:BacktrackSmack"],"picked":"hexamod:WildfireWeapon","floor":4.0},{"not_picked":["hexamod:FourthSeal","hexamod:HauntingEcho"],"picked":"hexamod:SwordOfDarkness","floor":6.0},{"not_picked":["hexamod:Firestarter","hexamod:ExtraCrispy"],"picked":"hexamod:FifthSeal","floor":9.0},{"not_picked":["hexamod:ThirdSeal","hexamod:PhantomCloak","hexamod:Again"],"picked":"SKIP","floor":11.0},{"not_picked":["hexamod:BurningTouch","hexamod:NightmareGuise"],"picked":"hexamod:RainOfEmbers","floor":15.0},{"not_picked":["hexamod:TimeOfNeed","hexamod:ParanormalForm"],"picked":"hexamod:SixthSeal","floor":16.0},{"not_picked":["hexamod:Hexaguard","hexamod:FastForward"],"picked":"hexamod:ShieldOfDarkness","floor":19},{"not_picked":["hexamod:RainOfEmbers","hexamod:BurningTouch+1"],"picked":"hexamod:PhantomCloak+1","floor":20},{"not_picked":["hexamod:FourthSeal","hexamod:ThirdSeal"],"picked":"hexamod:FirstSeal","floor":22},{"not_picked":["hexamod:NecessarySacrifice+1","hexamod:InspiringFlames"],"picked":"hexamod:Incineration+1","floor":22},{"not_picked":["hexamod:SixthSeal","hexamod:FourthSeal"],"picked":"hexamod:SecondSeal","floor":23},{"not_picked":["hexamod:ThermalTransfer","hexamod:GhostLash+1"],"picked":"hexamod:PowerFromBeyond+1","floor":23},{"not_picked":["hexamod:FirstSeal","hexamod:SecondSeal"],"picked":"hexamod:ThirdSeal","floor":25},{"not_picked":["hexamod:FastForward+1","hexamod:DynamicBlow"],"picked":"hexamod:Hexaguard+1","floor":25},{"not_picked":["hexamod:ThirdSeal","hexamod:SixthSeal","hexamod:SecondSeal"],"picked":"SKIP","floor":27},{"not_picked":["hexamod:StepThrough+1","hexamod:ThirdSeal","hexamod:ChargedBarrage+1"],"picked":"SKIP","floor":27},{"not_picked":["hexamod:FastForward","hexamod:StepThrough+1","hexamod:DynamicBlow"],"picked":"SKIP","floor":28},{"not_picked":["hexamod:FastForward","hexamod:StepThrough+1","hexamod:DynamicBlow"],"picked":"SKIP","floor":28},{"not_picked":["hexamod:ThermalTransfer","hexamod:NecessarySacrifice","hexamod:FlamesFromBeyond"],"picked":"SKIP","floor":29},{"not_picked":["hexamod:AdvancingGuard","hexamod:ShieldOfDarkness"],"picked":"hexamod:SwordOfDarkness+1","floor":30},{"not_picked":["hexamod:BacktrackSmack","hexamod:RainOfEmbers","hexamod:Hexaguard"],"picked":"SKIP","floor":32},{"not_picked":["hexamod:GiftsFromTheDead","hexamod:SixthSeal"],"picked":"hexamod:TimeOfNeed","floor":33},{"not_picked":["hexamod:HeatShield","hexamod:SwordOfDarkness","hexamod:ShieldOfDarkness+1","expansioncontent:Chronoboost"],"picked":"SKIP","floor":36},{"not_picked":["hexamod:FastForward+1","hexamod:EmpoweredFlame+1","hexamod:AdvancingGuard","hexamod:RainOfEmbers"],"picked":"REME_TwoStrings+1","floor":38},{"not_picked":["hexamod:GhostShield","hexamod:GhostLash","hexamod:SwordOfDarkness+1","hexamod:BacktrackSmack+1","REME_ProfessionalPlagiarism"],"picked":"SKIP","floor":39},{"not_picked":["hexamod:Firestarter","hexamod:GhostShield","hexamod:ThermalTransfer","hexamod:RainOfEmbers","Blind+1"],"picked":"SKIP","floor":40},{"not_picked":["hexamod:HeatMetal","hexamod:FifthSeal","hexamod:NightmareGuise+1","hexamod:ShieldOfDarkness+1","HandOfGreed"],"picked":"SKIP","floor":42},{"not_picked":["hexamod:GhostShield+1","hexamod:RadiantFlame","hexamod:InspiringFlames+1","hexamod:BacktrackSmack","expansioncontent:Chronoboost"],"picked":"SKIP","floor":43},{"not_picked":["hexamod:CatchUp+1","hexamod:AdvancingGuard","hexamod:GhostflameBarrier","HandOfGreed"],"picked":"hexamod:RainOfEmbers+1","floor":44},{"not_picked":["hexamod:RainOfEmbers+1","hexamod:BurningTouch+1","hexamod:NightmareGuise+1","hexamod:GhostLash","expansioncontent:PolyBeam"],"picked":"SKIP","floor":47},{"not_picked":["hexamod:TurnItUp","hexamod:ThermalTransfer+1","hexamod:PowerFromBeyond","hexamod:FastForward","expansioncontent:ChargeUp+1"],"picked":"SKIP","floor":49},{"not_picked":["hexamod:Again+1","hexamod:NightmareGuise","hexamod:SoulSteal+1","hexamod:InspiringFlames+1","expansioncontent:Torchfire"],"picked":"SKIP","floor":52}],"player_experience":115155,"relics_obtained":[{"floor":3.0,"key":"Kunai"},{"floor":7.0,"key":"Gremlin Horn"},{"floor":9.0,"key":"TungstenRod"},{"floor":20,"key":"White Beast Statue"},{"floor":23,"key":"Calipers"},{"floor":24,"key":"Mummified Hand"},{"floor":27,"key":"REME_ArchaeologicalTools"},{"floor":34,"key":"REME_PuzzleBoxRelic"},{"floor":34,"key":"Boot"},{"floor":36,"key":"Question Card"},{"floor":41,"key":"REME_HourglassOfDeath"},{"floor":44,"key":"hexamod:MatchstickCase"},{"floor":45,"key":"Girya"},{"floor":52,"key":"hexamod:SoulConsumer"}],"event_choices":[{"damage_healed":0.0,"max_hp_gain":0.0,"max_hp_loss":0.0,"gold_gain":0.0,"event_name":"betterThird:BetterScrap","player_choice":"Relic ","floor":12.0,"gold_loss":0.0,"damage_taken":3.0,"cards_obtained":["Dark Embrace"]},{"damage_healed":0.0,"max_hp_gain":5.0,"max_hp_loss":0.0,"gold_gain":0.0,"event_name":"Big Fish","player_choice":"Donut","floor":14.0,"gold_loss":0.0,"damage_taken":0.0},{"damage_healed":0,"gold_gain":0,"player_choice":"Got Potions","damage_taken":0,"max_hp_gain":0,"max_hp_loss":0,"event_name":"Lab","floor":21,"gold_loss":0},{"damage_healed":0,"gold_gain":0,"player_choice":"Ignored","damage_taken":0,"max_hp_gain":0,"max_hp_loss":0,"event_name":"betterNote:BetterNote","floor":31,"gold_loss":0,"cards_obtained":["REME_ACTH"]},{"damage_healed":0,"gold_gain":3,"player_choice":"3","damage_taken":0,"max_hp_gain":0,"max_hp_loss":0,"event_name":"betterStone:BetterStone","floor":37,"gold_loss":0,"cards_obtained":["hexamod:AdvancingGuard"]}],"is_beta":false,"boss_relics":[{"not_picked":["SacredBark","Runic Pyramid"],"picked":"SlaversCollar"},{"not_picked":["Runic Dome","Astrolabe"],"picked":"REME_LowDesire"}],"items_purged_floors":[42,46,48,53],"is_endless":false,"potions_floor_spawned":[3,6,11,22,25,27,28,29,30,32,33,36,38,39,40,42,43,44,45,47,49,52],"ascension_level":0}}