{"host":"yuhy0i501zzmn1iz","time":1608272851,"event":{"mods":["BaseMod","Better Third Choice","Downfall","Minty Spire (QoL Compilation)","StSLib","The Blue Laboratory"],"gold_per_floor":[99,110,110,110,127,144,144,158,174,174,191,176,276,344,355,355,355],"floor_reached":16,"playtime":1171,"items_purged":[],"score":96,"play_id":"1f53dcd7-637f-4833-b546-05c8289dae42","local_time":"20201218012731","is_ascension_mode":false,"campfire_choices":[{"data":"Slimebound:Split","floor":1,"key":"SMITH"},{"data":"Slimebound:SplitBruiser","floor":4,"key":"SMITH"},{"data":"Slimebound:Dissolve","floor":10,"key":"SMITH"}],"circlet_count":0,"master_deck":["Slimebound:Strike_Slimebound","Slimebound:Strike_Slimebound","Slimebound:Strike_Slimebound","Slimebound:Tackle","Slimebound:Defend_Slimebound","Slimebound:Defend_Slimebound","Slimebound:Defend_Slimebound","Slimebound:Split+1","Slimebound:CorrosiveSpit","Slimebound:SplitBruiser+1","Slimebound:SplitMire","Slimebound:Repurpose","Slimebound:PressTheAttack","Slimebound:Dissolve+1","Slimebound:Replication","Slimebound:ServeAndProtect","Slimebound:Overexert","Slimebound:Equalize","Slimebound:Schlurp"],"relics":["Slimebound:AbsorbEndCombat","Potion Belt","Blood Vial","downfall:CloakOfManyFaces","CultistMask","FaceOfCleric","NlothsMask","GremlinMask","SsserpentHead"],"acts_visited":["Exordium"],"potions_floor_usage":[9,14],"damage_taken":[{"damage":8,"enemies":"2 Louse","floor":2,"turns":3},{"damage":16,"enemies":"Cultist","floor":5,"turns":3},{"damage":7,"enemies":"Small Slimes","floor":6,"turns":2},{"damage":27,"enemies":"Red Slaver","floor":8,"turns":3},{"damage":9,"enemies":"2 Fungi Beasts","floor":9,"turns":3},{"damage":29,"enemies":"Large Slime","floor":11,"turns":4},{"damage":28,"enemies":"downfall:FleeingMerchant","floor":12,"turns":4},{"damage":23,"enemies":"downfall:FaceTrader","floor":13,"turns":5},{"damage":39,"enemies":"Exordium Thugs","floor":14,"turns":3},{"damage":18,"enemies":"Exordium Wildlife","floor":15,"turns":2},{"damage":61,"enemies":"downfall:Defect","floor":16,"turns":4}],"seed_played":"-7559263173347234336","potions_obtained":[{"floor":6,"key":"SteroidPotion"},{"floor":8,"key":"Block Potion"},{"floor":11,"key":"DistilledChaos"},{"floor":15,"key":"SmokeBomb"}],"is_trial":false,"path_per_floor":["R","M","?","R","M","M","T","M","M","R","M","$","?","M","M","B"],"character_chosen":"SLIMEBOUND","items_purchased":[],"campfire_rested":0,"item_purchase_floors":[],"current_hp_per_floor":[60,60,60,60,58,55,55,42,45,45,40,40,47,31,32,0,0],"gold":355,"neow_bonus":"RANDOM_COMMON_RELIC","is_daily":false,"chose_seed":false,"campfire_upgraded":3,"win_rate":0.0,"timestamp":1608272851,"path_taken":["R","M","?","R","M","?","T","M","M","R","M","$","?","?","M","BOSS"],"items_purchased_type":[],"build_version":"2020-12-13","purchased_purges":0,"victory":false,"max_hp_per_floor":[60,60,60,60,60,60,60,60,60,60,60,60,60,61,62,62,62],"card_choices":[{"not_picked":["Slimebound:PressTheAttack","Slimebound:ViciousTackle"],"picked":"Slimebound:SplitBruiser","floor":2},{"not_picked":["Slimebound:LeechingTouch","Slimebound:ServeAndProtect"],"picked":"Slimebound:SplitMire","floor":5},{"not_picked":["Slimebound:ViciousTackle","Slimebound:SlimeTap"],"picked":"Slimebound:Repurpose","floor":6},{"not_picked":["Slimebound:SlimeSlap","Slimebound:ComboTackle"],"picked":"Slimebound:PressTheAttack","floor":8},{"not_picked":["Slimebound:SlimeSpikes","Slimebound:SplitMire"],"picked":"Slimebound:Dissolve","floor":9},{"not_picked":["Slimebound:SamplingLick","Slimebound:FlameTackle"],"picked":"Slimebound:Replication","floor":11},{"not_picked":["Slimebound:DivideAndConquer","Slimebound:Dissolve"],"picked":"Slimebound:ServeAndProtect","floor":12},{"not_picked":["Slimebound:SplitLeeching","Slimebound:GoopSpray"],"picked":"Slimebound:Overexert","floor":13},{"not_picked":["Slimebound:Grow","Slimebound:SpikyOuterGoop"],"picked":"Slimebound:Equalize","floor":14},{"not_picked":["Slimebound:SamplingLick","Slimebound:FinishingTackle"],"picked":"Slimebound:Schlurp","floor":15}],"player_experience":197987,"relics_obtained":[{"floor":7,"key":"Blood Vial"},{"floor":13,"key":"downfall:CloakOfManyFaces"}],"event_choices":[{"cards_removed":["Slimebound:Defend_Slimebound"],"damage_healed":0,"gold_gain":0,"player_choice":"Offered Basic","damage_taken":0,"max_hp_gain":0,"max_hp_loss":0,"event_name":"Bonfire Elementals","floor":3,"gold_loss":0}],"is_beta":false,"boss_relics":[],"items_purged_floors":[],"is_endless":false,"potions_floor_spawned":[6,8,11,15],"killed_by":"downfall:Defect","ascension_level":0}}