{"host":"93zk5v4asb9iz5el","time":1608305912,"event":{"mods":["AchievementEnabler","Act Like it!","Aspiration","Bard","BaseMod","Beaked The Cultist","Better Altar","Better Match","Better Note","Better Sensory Stone","Better Skull","Better Third Choice","BetterRewards","CCEM","Colored Map","Conspire","Fiend Mod","GifTheSpireLib","Googly Eyes","Halation","Hermit","Highlight Path","Hubris","Infinite Spire","Jedi Mod","Jorbs\u0027s Wanderer Trilogy","Mad Scientist","Minty Spire (QoL Compilation)","Permanent Neow","Replay The Spire","Shade Mod","Shop Mod","Spicy Shops","StSLib","Stuff the Spire","The Administrix","The Blackbeard","The Exalted","The Gatherer","The Hierophant","The Judge","The Problem Sleuth","The Runesmith","The Servant 0.9.4","The Spell Scribe","The Witch","Unceasing Turn Reminder","everything is the same but u backflip on backflip","slay the spire mod where everything is the same but ironclad has a cowboy hat"],"gold_per_floor":[119,130,130,130,142,167,167,178,255,255,278,157,174,190,190,289,289,305,76,96,96,108,142,142,175,200,200,200,200],"floor_reached":28,"playtime":2053,"items_purged":["Strike_S"],"score":258,"play_id":"38e3c19a-9aee-4520-bf71-6a4264022405","local_time":"20201218163832","is_ascension_mode":false,"campfire_choices":[{"data":"Moonlight","floor":7,"key":"SMITH"},{"floor":15,"key":"DIG"},{"floor":24,"key":"REST"}],"circlet_count":0,"master_deck":["Strike_S","Strike_S+1","Defend_S","Defend_S","Defend_S","KidneyShot","Exchange","SurpressingFire","Moonlight+1","Unruled","Spin+1","BestPractice","SoulSculpture+1","Rearm","TimeWarp","Dilation+1","ShatteredReality","Pot Of Greed","Pot Of Greed","DoubleEdge+1","FanOfKnives"],"relics":["Uniform","halation:StarCompass","Replay:WaspNest","CCEMRelics:TinyMinotavrHorn","Odd Mushroom","halation:BlackBeret","Ring of Chaos","Guide Book","Grinning Jar","Iron Hammer","StuffTheSpire:Rhapsscallions"],"acts_visited":["Exordium","TheCity"],"potions_floor_usage":[14,16,16,16,23],"damage_taken":[{"damage":0,"enemies":"conspire:RoseBush","floor":1,"turns":4},{"damage":1,"enemies":"Jaw Worm","floor":2,"turns":3},{"damage":1,"enemies":"2 Louse","floor":5,"turns":3},{"damage":6,"enemies":"Gremlin Nob","floor":6,"turns":4},{"damage":2,"enemies":"Blue Slaver","floor":8,"turns":2},{"damage":10,"enemies":"The Mushroom Lair","floor":11,"turns":3},{"damage":0,"enemies":"3 Louse","floor":13,"turns":1},{"damage":0,"enemies":"2 Fungi Beasts","floor":14,"turns":2},{"damage":4,"enemies":"Fading Forest","floor":16,"turns":8},{"damage":23,"enemies":"2 Thieves","floor":18,"turns":3},{"damage":0,"enemies":"3 Byrds","floor":20,"turns":4},{"damage":1,"enemies":"Snake Plant","floor":22,"turns":3},{"damage":29,"enemies":"Slavers","floor":23,"turns":4},{"damage":13,"enemies":"Nightmare","floor":25,"turns":5},{"damage":23,"enemies":"Sentry and Sphere","floor":28,"turns":3}],"seed_played":"5249425688899079953","potions_obtained":[{"floor":2,"key":"CultistPotion"},{"floor":6,"key":"Energy Potion"},{"floor":11,"key":"SteroidPotion"},{"floor":13,"key":"infinitespire:BlackPotion"},{"floor":14,"key":"Venom Potion"},{"floor":20,"key":"jedi:tentaclejuice"},{"floor":22,"key":"GamblersBrew"}],"is_trial":false,"path_per_floor":["M","M","?","?","M","E","R","M","T","?","?","$","M","M","R_BF","B",null,"M","$","M","?","M","E","R","NM","T","?","M"],"character_chosen":"THE_SERVANT","items_purchased":["Rearm","Guide Book","Grinning Jar"],"campfire_rested":1,"item_purchase_floors":[12,19,19],"current_hp_per_floor":[65,64,64,64,63,57,57,55,55,42,32,32,32,32,32,38,65,42,42,42,42,41,12,31,20,20,20,0,0],"gold":200,"neow_bonus":"RANDOM_EVENT","is_daily":false,"chose_seed":false,"campfire_upgraded":1,"win_rate":0.0,"timestamp":1608305912,"path_taken":["M","?","?","?","?","E","R","M","T","?","?","?","M","M","R_BF","BOSS","M","$","M","?","M","E","R","NM","T","?","M"],"items_purchased_type":["Card","Relic","Relic"],"build_version":"2020-12-13","purchased_purges":1,"victory":false,"max_hp_per_floor":[65,65,65,65,65,65,65,65,65,65,65,65,65,65,65,65,65,65,65,65,65,65,65,65,67,67,67,67,67],"card_choices":[{"not_picked":["ShatteredReality","Comet"],"picked":"Moonlight","floor":1},{"not_picked":["Hightail","TimeWarp"],"picked":"Unruled","floor":2},{"not_picked":["RealityMarble","Defy"],"picked":"Spin","floor":5},{"not_picked":["TimeWarp","Unruled","Spin"],"picked":"SKIP","floor":6},{"not_picked":["StarChef","TimeWarp"],"picked":"BestPractice","floor":8},{"not_picked":["Unruled","ShatteredReality"],"picked":"SoulSculpture","floor":11},{"not_picked":["DoubleEdge","Desolation","RealityMarble"],"picked":"SKIP","floor":13},{"not_picked":["Revamp","Rewind"],"picked":"TimeWarp","floor":14},{"not_picked":["TheWorld","FlawlessForm"],"picked":"Dilation","floor":16},{"not_picked":["ShiftingGears","Rearm+1"],"picked":"ShatteredReality","floor":18},{"not_picked":["FastForward","SurpressingFire+1"],"picked":"DoubleEdge+1","floor":20},{"not_picked":["Revamp+1","ForgedInTime"],"picked":"FanOfKnives","floor":22},{"not_picked":["Misdirection","DoubleEdge","Read"],"picked":"SKIP","floor":23},{"not_picked":["Rearm","Ricochet","ShatteredReality"],"picked":"SKIP","floor":25}],"player_experience":348874,"relics_obtained":[{"floor":6,"key":"Replay:WaspNest"},{"floor":9,"key":"CCEMRelics:TinyMinotavrHorn"},{"floor":11,"key":"Odd Mushroom"},{"floor":15,"key":"halation:BlackBeret"},{"floor":23,"key":"Iron Hammer"},{"floor":25,"key":"StuffTheSpire:Rhapsscallions"}],"event_choices":[{"damage_healed":55,"gold_gain":0,"player_choice":"Upgrade","damage_taken":13,"max_hp_gain":0,"max_hp_loss":65,"event_name":"betterThird:BetterShining","floor":10,"gold_loss":0,"cards_upgraded":["Strike_S","Spin"]},{"damage_healed":0,"gold_gain":0,"player_choice":"Fought Mushrooms","damage_taken":0,"max_hp_gain":0,"max_hp_loss":0,"event_name":"Mushrooms","floor":11,"gold_loss":0},{"damage_healed":0,"gold_gain":0,"player_choice":"Ignored","damage_taken":0,"max_hp_gain":0,"max_hp_loss":0,"event_name":"N\u0027loth","floor":21,"gold_loss":0},{"cards_removed":["Defend_S"],"damage_healed":0,"gold_gain":0,"player_choice":"Give","damage_taken":0,"max_hp_gain":0,"max_hp_loss":0,"event_name":"betterNote:BetterNote","floor":27,"gold_loss":0,"cards_obtained":["Normality"]}],"is_beta":false,"boss_relics":[{"not_picked":["halation:Prosthetics","Astrolabe"],"picked":"Ring of Chaos"}],"items_purged_floors":[12],"is_endless":true,"potions_floor_spawned":[2,6,11,13,14,20,22],"killed_by":"Sentry and Sphere","ascension_level":0}}