{"host":"39tyozym5sxfdumj","time":1608297831,"event":{"mods":["AchievementEnabler","BaseMod","Colored Powertips","Minty Spire (QoL Compilation)"],"gold_per_floor":[116,42,117,132,47,47,67,67,141,141,157,169,444,459,459,558,558,570,570,570,583,583,583,603,631,654,654,684,684,684,700,700,700,700],"floor_reached":33,"playtime":2406,"items_purged":[],"score":303,"play_id":"24818423-5c04-44de-b084-846e749756ef","local_time":"20201218142351","is_ascension_mode":true,"campfire_choices":[{"data":"Acrobatics","floor":6,"key":"SMITH"},{"data":"Dodge and Roll","floor":8,"key":"SMITH"},{"floor":10,"key":"REST"},{"data":"Caltrops","floor":15,"key":"SMITH"},{"floor":23,"key":"REST"},{"floor":27,"key":"REST"},{"floor":30,"key":"REST"},{"floor":32,"key":"REST"}],"circlet_count":0,"master_deck":["Strike_G","Strike_G","Defend_G","Defend_G","Defend_G","Defend_G","Survivor","Neutralize","Malaise","Escape Plan","Grand Finale","Acrobatics+1","Heel Hook","Dodge and Roll+1","Dagger Throw","Caltrops+1","Outmaneuver","Regret","Reflex","Tools of the Trade","Quick Slash","Glass Knife+1","Blur+1","Unload+1","Poisoned Stab+1","Flechettes+1","Dagger Throw+1","Reflex+1","Decay"],"relics":["Ring of the Snake","Question Card","HoveringKite","Molten Egg 2","The Courier","Oddly Smooth Stone","Gremlin Horn"],"acts_visited":["Exordium","TheCity"],"potions_floor_usage":[16,25,33],"damage_taken":[{"damage":2,"enemies":"Jaw Worm","floor":1,"turns":10},{"damage":15,"enemies":"Cultist","floor":4,"turns":8},{"damage":1,"enemies":"Small Slimes","floor":7,"turns":4},{"damage":0,"enemies":"Red Slaver","floor":11,"turns":2},{"damage":4,"enemies":"Blue Slaver","floor":12,"turns":5},{"damage":18,"enemies":"3 Louse","floor":14,"turns":4},{"damage":24,"enemies":"Hexaghost","floor":16,"turns":11},{"damage":25,"enemies":"Spheric Guardian","floor":18,"turns":8},{"damage":27,"enemies":"2 Thieves","floor":21,"turns":3},{"damage":3,"enemies":"3 Cultists","floor":24,"turns":4},{"damage":22,"enemies":"Book of Stabbing","floor":25,"turns":6},{"damage":27,"enemies":"Gremlin Leader","floor":28,"turns":3},{"damage":16,"enemies":"Snecko","floor":31,"turns":6},{"damage":53,"enemies":"Champ","floor":33,"turns":10}],"seed_played":"-296604601309909308","potions_obtained":[{"floor":4,"key":"BlessingOfTheForge"},{"floor":14,"key":"Fruit Juice"},{"floor":16,"key":"Swift Potion"},{"floor":18,"key":"GhostInAJar"},{"floor":21,"key":"Explosive Potion"},{"floor":25,"key":"BlessingOfTheForge"}],"is_trial":false,"path_per_floor":["M","$","?","M","$","R","M","R","T","R","M","M","?","M","R","B",null,"M","T","?","M","?","R","M","E","T","R","E","?","R","M","R","B"],"character_chosen":"THE_SILENT","items_purchased":["Grand Finale","Heel Hook","Dodge and Roll"],"campfire_rested":5,"item_purchase_floors":[2,5,5],"current_hp_per_floor":[68,68,57,42,42,42,41,41,41,62,62,58,58,40,40,21,75,50,50,50,23,23,45,42,20,20,42,15,15,37,21,43,0,0],"gold":700,"neow_bonus":"TRANSFORM_CARD","is_daily":false,"chose_seed":false,"campfire_upgraded":3,"win_rate":0.0,"timestamp":1608297831,"path_taken":["M","$","?","M","$","R","M","R","T","R","M","M","?","M","R","BOSS","M","?","?","?","?","R","M","E","T","R","E","?","R","M","R","BOSS"],"items_purchased_type":["Card","Card","Card"],"build_version":"2020-12-13","purchased_purges":0,"victory":false,"max_hp_per_floor":[70,70,70,70,70,70,70,70,70,70,70,70,70,70,70,75,75,75,75,75,75,75,75,75,75,75,75,75,75,75,75,75,75,75],"card_choices":[{"not_picked":["Quick Slash","Bouncing Flask"],"picked":"Escape Plan","floor":1},{"not_picked":["Prepared","Sucker Punch"],"picked":"Acrobatics","floor":4},{"not_picked":["PiercingWail","Cloak And Dagger"],"picked":"Dagger Throw","floor":7},{"not_picked":["Quick Slash","Catalyst","Accuracy"],"picked":"Caltrops","floor":11},{"not_picked":["Night Terror","Deadly Poison","Distraction"],"picked":"Outmaneuver","floor":12},{"not_picked":["Setup","Quick Slash","Choke"],"picked":"Reflex","floor":14},{"not_picked":["Doppelganger","Unload","After Image"],"picked":"Tools of the Trade","floor":16},{"not_picked":["Infinite Blades","Flying Knee","Heel Hook"],"picked":"Quick Slash","floor":18},{"not_picked":["Flechettes+1","PiercingWail","Outmaneuver"],"picked":"Blur+1","floor":21},{"not_picked":["Dagger Throw+1","Noxious Fumes","Dagger Spray+1"],"picked":"Flechettes+1","floor":24},{"not_picked":["Sucker Punch+1","Acrobatics","PiercingWail+1"],"picked":"Dagger Throw+1","floor":25},{"not_picked":["Quick Slash+1","Accuracy","A Thousand Cuts"],"picked":"Reflex+1","floor":28},{"not_picked":["Poisoned Stab+1","Setup","Outmaneuver","Acrobatics+1"],"picked":"SKIP","floor":31}],"player_experience":197713,"relics_obtained":[{"floor":9,"key":"Question Card"},{"floor":19,"key":"Molten Egg 2"},{"floor":25,"key":"The Courier"},{"floor":26,"key":"Oddly Smooth Stone"},{"floor":28,"key":"Gremlin Horn"}],"event_choices":[{"damage_healed":0,"gold_gain":75,"player_choice":"Gather Gold","damage_taken":11,"max_hp_gain":0,"max_hp_loss":0,"event_name":"World of Goop","floor":3,"gold_loss":0},{"damage_healed":0,"gold_gain":275,"player_choice":"Desecrate","damage_taken":0,"max_hp_gain":0,"max_hp_loss":0,"event_name":"Golden Shrine","floor":13,"gold_loss":0,"cards_obtained":["Regret"]},{"damage_healed":0,"gold_gain":0,"cards_transformed":["Strike_G"],"player_choice":"Transformed","damage_taken":0,"max_hp_gain":0,"max_hp_loss":0,"event_name":"Transmorgrifier","floor":20,"gold_loss":0,"cards_obtained":["Glass Knife"]},{"damage_healed":0,"gold_gain":0,"cards_transformed":["Strike_G","Defend_G"],"player_choice":"Became Test Subject","damage_taken":0,"max_hp_gain":0,"max_hp_loss":0,"event_name":"Drug Dealer","floor":22,"gold_loss":0,"cards_obtained":["Unload","Poisoned Stab"]},{"damage_healed":0,"gold_gain":0,"player_choice":"Smashed Altar","damage_taken":0,"max_hp_gain":0,"max_hp_loss":0,"event_name":"Forgotten Altar","floor":29,"gold_loss":0,"cards_obtained":["Decay"]}],"is_beta":false,"boss_relics":[{"not_picked":["Ring of the Serpent","SlaversCollar"],"picked":"HoveringKite"}],"items_purged_floors":[],"is_endless":false,"potions_floor_spawned":[4,14,16,18,21,24,25],"killed_by":"Champ","ascension_level":2}}