{"host":"qoai0zeca0j4yswu","time":1608331057,"event":{"mods":["BaseMod","Curses Come First","Downfall","Minty Spire (QoL Compilation)","StSLib"],"gold_per_floor":[99,132,132,132,132,166,166,16,31,31,50,67,78,92,107,107,107],"floor_reached":16,"playtime":802,"items_purged":[],"score":137,"play_id":"1e9da07d-912f-4c1d-b093-9d82568be931","local_time":"20201218143737","is_ascension_mode":false,"campfire_choices":[{"floor":1,"key":"RECALL"},{"data":"Slimebound:LevelUp","floor":8,"key":"SMITH"},{"data":"Slimebound:LevelUp","floor":10,"key":"SMITH"}],"circlet_count":0,"master_deck":["Slimebound:Strike_Slimebound","Slimebound:Strike_Slimebound","Slimebound:Tackle","Slimebound:Defend_Slimebound","Slimebound:Defend_Slimebound","Slimebound:Defend_Slimebound","Slimebound:Defend_Slimebound","Slimebound:Split","Slimebound:CorrosiveSpit","Slimebound:LevelUp+1","Slimebound:SplitMire","Slimebound:SplitLeeching","Slimebound:LevelUp+1","Slimebound:PressTheAttack","Slimebound:OneTwoCombo","Slimebound:ProtectTheBoss","Slimebound:SplitMire"],"relics":["Slimebound:AbsorbEndCombat","downfall:HeartsMalice","Toy Ornithopter","Blue Candle","downfall:HeartBlessingRed","downfall:HeartBlessingBlue"],"acts_visited":["Exordium"],"potions_floor_usage":[16],"damage_taken":[{"damage":0,"enemies":"3 Sentries","floor":2,"turns":1},{"damage":0,"enemies":"Jaw Worm","floor":4,"turns":1},{"damage":0,"enemies":"Cultist","floor":5,"turns":1},{"damage":38,"enemies":"Gremlin Nob","floor":6,"turns":4},{"damage":8,"enemies":"Small Slimes","floor":9,"turns":2},{"damage":17,"enemies":"3 Louse","floor":11,"turns":2},{"damage":23,"enemies":"Exordium Wildlife","floor":12,"turns":4},{"damage":15,"enemies":"Large Slime","floor":13,"turns":3},{"damage":27,"enemies":"Exordium Thugs","floor":14,"turns":3},{"damage":12,"enemies":"Exordium Wildlife","floor":15,"turns":2},{"damage":52,"enemies":"downfall:Defect","floor":16,"turns":5}],"seed_played":"230521449269971346","potions_obtained":[{"floor":9,"key":"ColorlessPotion"},{"floor":11,"key":"Swift Potion"},{"floor":13,"key":"ColorlessPotion"}],"is_trial":false,"path_per_floor":["R","E","?","M","M","E","T","R","M","R","M","M","M","M","M","B"],"character_chosen":"SLIMEBOUND","items_purchased":[],"campfire_rested":0,"item_purchase_floors":[],"current_hp_per_floor":[60,60,60,60,60,38,38,48,50,50,45,36,31,18,20,0,0],"gold":107,"neow_bonus":"THREE_ENEMY_KILL","is_daily":false,"chose_seed":false,"campfire_upgraded":2,"win_rate":0.0,"timestamp":1608331057,"path_taken":["R","E","?","?","M","E","T","R","M","R","M","M","M","M","M","BOSS"],"items_purchased_type":[],"build_version":"2020-12-13","purchased_purges":0,"victory":false,"max_hp_per_floor":[60,60,60,60,60,60,60,70,70,70,70,70,70,70,70,70,70],"card_choices":[{"not_picked":["Slimebound:SplitLeeching","Slimebound:SplitBruiser"],"picked":"Slimebound:LevelUp","floor":2},{"not_picked":["Slimebound:RollThrough","Slimebound:GrowthPunch"],"picked":"Slimebound:SplitMire","floor":4},{"not_picked":["Slimebound:OozeBath","Slimebound:Schlurp"],"picked":"Slimebound:SplitLeeching","floor":5},{"not_picked":["Slimebound:GrowthPunch","Slimebound:GoopTackle"],"picked":"Slimebound:LevelUp","floor":6},{"not_picked":["Slimebound:RainOfGoop","Slimebound:ServeAndProtect"],"picked":"Slimebound:PressTheAttack","floor":9},{"not_picked":["Slimebound:Equalize","Slimebound:Schlurp","Slimebound:SlimeSpikes"],"picked":"SKIP","floor":11},{"not_picked":["Slimebound:FlameTackle","Slimebound:SamplingLick","Slimebound:ViciousTackle"],"picked":"SKIP","floor":12},{"not_picked":["Slimebound:PressTheAttack","Slimebound:SplitMire"],"picked":"Slimebound:OneTwoCombo","floor":13},{"not_picked":["Slimebound:SplitLeeching","Slimebound:RainOfGoop"],"picked":"Slimebound:ProtectTheBoss","floor":14},{"not_picked":["Slimebound:DivideAndConquer","Slimebound:LivingWall"],"picked":"Slimebound:SplitMire","floor":15}],"player_experience":707700,"relics_obtained":[{"floor":2,"key":"Toy Ornithopter"},{"floor":6,"key":"Blue Candle"}],"event_choices":[{"cards_removed":["Slimebound:Strike_Slimebound"],"damage_healed":0,"gold_gain":0,"player_choice":"Offered Basic","damage_taken":0,"max_hp_gain":0,"max_hp_loss":0,"event_name":"Bonfire Elementals","floor":3,"gold_loss":0}],"is_beta":false,"boss_relics":[],"items_purged_floors":[],"is_endless":false,"potions_floor_spawned":[9,11,13],"killed_by":"downfall:Defect","ascension_level":0}}