{"host":"hjw1ay65n7jm40lc","time":1608269129,"event":{"mods":["AchievementEnabler","BaseMod","Colored Map","Colored Powertips","Googly Eyes","Highlight Path","Minty Spire (QoL Compilation)","Quick Restart","Relic Stats"],"gold_per_floor":[109,109,109,121,37,62,62,77,130,130,168,191,229,229,229,332,332,351,398,426,8,31,31,31,31],"floor_reached":24,"playtime":1257,"items_purged":[],"score":417,"play_id":"055e4a8d-d7db-47f0-87c3-14aa6e6a1797","local_time":"20201218002529","is_ascension_mode":true,"campfire_choices":[{"data":"Armaments","floor":7.0,"key":"SMITH"},{"floor":15.0,"key":"REST"},{"data":"Metallicize","floor":23,"key":"SMITH"}],"circlet_count":0,"master_deck":["AscendersBane","Strike_R","Strike_R","Strike_R","Defend_R","Defend_R","Defend_R","Defend_R","Bash","Demon Form","Armaments+1","Twin Strike","Sword Boomerang","Metallicize+1","Immolate","Disarm","True Grit","Warcry","Burning Pact+1"],"relics":["Burning Blood","Charon\u0027s Ashes","Orichalcum","CeramicFish","Golden Idol","Champion Belt","Dead Branch","Cursed Key","Red Mask","Ice Cream"],"acts_visited":["Exordium","TheCity"],"potions_floor_usage":[19,24],"damage_taken":[{"damage":3.0,"enemies":"2 Louse","floor":1.0,"turns":3.0},{"damage":2.0,"enemies":"Cultist","floor":4.0,"turns":4.0},{"damage":7.0,"enemies":"Lagavulin","floor":6.0,"turns":5.0},{"damage":14.0,"enemies":"Small Slimes","floor":8.0,"turns":4.0},{"damage":10.0,"enemies":"3 Sentries","floor":11.0,"turns":7.0},{"damage":17.0,"enemies":"Exordium Thugs","floor":12.0,"turns":5.0},{"damage":24.0,"enemies":"Gremlin Nob","floor":13.0,"turns":5.0},{"damage":13.0,"enemies":"The Guardian","floor":16.0,"turns":9.0},{"damage":13.0,"enemies":"2 Thieves","floor":18.0,"turns":4.0},{"damage":13,"enemies":"Masked Bandits","floor":19,"turns":3},{"damage":7,"enemies":"Shell Parasite","floor":20,"turns":5},{"damage":6,"enemies":"Centurion and Healer","floor":22,"turns":4},{"damage":40,"enemies":"Slavers","floor":24,"turns":3}],"seed_played":"-6619871887973452721","potions_obtained":[{"floor":11.0,"key":"PowerPotion"},{"floor":16.0,"key":"Strength Potion"},{"floor":19,"key":"Strength Potion"}],"is_trial":false,"path_per_floor":["M","?","?","M","$","E","R","M","T","?","E","M","E","?","R","B",null,"M","?","M","$","M","R","E"],"character_chosen":"IRONCLAD","items_purchased":["Twin Strike","Sword Boomerang","Ice Cream","Warcry","PowerPotion"],"campfire_rested":1,"item_purchase_floors":[5,5,21,21,21],"current_hp_per_floor":[68,61,61,65,65,64,64,56,56,56,52,41,23,23,41,34,55,48,41,40,40,40,40,0,0],"gold":31,"neow_bonus":"ONE_RARE_RELIC","is_daily":false,"chose_seed":false,"campfire_upgraded":2,"win_rate":0.0,"timestamp":1608269129,"path_taken":["M","?","?","M","$","E","R","?","T","?","E","M","E","?","R","BOSS","M","?","M","$","M","R","E"],"items_purchased_type":["Card","Card","Relic","Card","Potion"],"build_version":"2020-12-13","purchased_purges":0,"victory":false,"max_hp_per_floor":[68,68,68,68,68,68,68,68,68,62,62,62,62,62,62,62,62,62,62,62,62,62,62,62,62],"relic_stats":{"counters":[13,61],"Golden Idol":57,"CeramicFish":54,"Dead Branch":[17],"Charon\u0027s Ashes":[206],"Champion Belt":[11],"Orichalcum":[132],"Cursed Key":0,"obtain_stats":[{"Ice Cream":21,"Golden Idol":10,"CeramicFish":9,"Dead Branch":13,"Charon\u0027s Ashes":0,"Red Mask":19,"Champion Belt":11,"Orichalcum":6,"Cursed Key":17,"Burning Blood":0},{"Ice Cream":11,"Golden Idol":4,"CeramicFish":4,"Dead Branch":7,"Charon\u0027s Ashes":0,"Red Mask":10,"Champion Belt":5,"Orichalcum":3,"Cursed Key":8,"Burning Blood":0},{"Ice Cream":54,"Golden Idol":16,"CeramicFish":16,"Dead Branch":33,"Charon\u0027s Ashes":0,"Red Mask":49,"Champion Belt":23,"Orichalcum":12,"Cursed Key":42,"Burning Blood":0}],"Burning Blood":69},"card_choices":[{"not_picked":["Thunderclap","Searing Blow","Flex"],"picked":"SKIP","floor":1.0},{"not_picked":["Wild Strike","Sentinel"],"picked":"Armaments","floor":4.0},{"not_picked":["Armaments","Havoc","Sentinel"],"picked":"SKIP","floor":6.0},{"not_picked":["Sentinel","Headbutt","Hemokinesis"],"picked":"SKIP","floor":8.0},{"not_picked":["Iron Wave","True Grit","Sword Boomerang"],"picked":"SKIP","floor":11.0},{"not_picked":["Inflame","Thunderclap"],"picked":"Metallicize","floor":12.0},{"not_picked":["Flex","Perfected Strike","Brutality"],"picked":"SKIP","floor":13.0},{"not_picked":["Juggernaut","Berserk"],"picked":"Immolate","floor":16.0},{"not_picked":["Perfected Strike","Carnage+1","Armaments"],"picked":"SKIP","floor":18.0},{"not_picked":["Armaments+1","Headbutt"],"picked":"Disarm","floor":19},{"not_picked":["Twin Strike+1","Body Slam"],"picked":"True Grit","floor":20},{"not_picked":["Clothesline+1","Iron Wave"],"picked":"Burning Pact+1","floor":22}],"player_experience":336297,"relics_obtained":[{"floor":6.0,"key":"Orichalcum"},{"floor":9.0,"key":"CeramicFish"},{"floor":11.0,"key":"Champion Belt"},{"floor":13.0,"key":"Dead Branch"},{"floor":19,"key":"Red Mask"}],"event_choices":[{"cards_removed":["Strike_R"],"damage_healed":0.0,"max_hp_gain":0.0,"max_hp_loss":0.0,"gold_gain":0.0,"event_name":"Golden Wing","player_choice":"Card Removal","floor":2.0,"gold_loss":0.0,"damage_taken":7.0},{"damage_healed":0.0,"max_hp_gain":0.0,"max_hp_loss":0.0,"gold_gain":0.0,"cards_transformed":["Strike_R"],"event_name":"Transmorgrifier","player_choice":"Transformed","floor":3.0,"gold_loss":0.0,"damage_taken":0.0,"cards_obtained":["Demon Form"]},{"damage_healed":0.0,"max_hp_gain":0.0,"max_hp_loss":6.0,"gold_gain":0.0,"event_name":"Golden Idol","player_choice":"Lose Max HP","floor":10.0,"gold_loss":0.0,"damage_taken":0.0,"relics_obtained":["Golden Idol"]},{"damage_healed":0.0,"max_hp_gain":0.0,"max_hp_loss":0.0,"gold_gain":0.0,"event_name":"Shining Light","player_choice":"Ignored","floor":14.0,"gold_loss":0.0,"damage_taken":0.0},{"damage_healed":0,"gold_gain":0,"player_choice":"Fought Bandits","damage_taken":0,"max_hp_gain":0,"max_hp_loss":0,"event_name":"Masked Bandits","floor":19,"gold_loss":0}],"is_beta":false,"boss_relics":[{"not_picked":["Velvet Choker","Astrolabe"],"picked":"Cursed Key"}],"items_purged_floors":[],"is_endless":false,"potions_floor_spawned":[11,16,19,22],"killed_by":"Slavers","ascension_level":19}}