{"host":"jolg1n27y0xvdyb4","time":1608277720,"event":{"mods":["2.2 Compatiblity","AchievementEnabler","Act Like it!","BaseMod","Better Altar","Better Match","Better Note","Better Sensory Stone","Better Skull","Better Third Choice","Better Vampires","Block Reminder","Colored Map","Downfall","Gremlin Mod","Hermit","Jorbs\u0027s Wanderer Trilogy","Minty Spire (QoL Compilation)","SIMod","StSLib","The Blackbeard","The Blue Laboratory","The Bug Knight","The Hierophant","The Jungle","The Necromancer","The Wild Card"],"gold_per_floor":[119,72,72,91,108,108,127,160,212,230,246,257,271,289,289,394,394,410,421,192,192,209,209,222,241,241,260,277,277,287,45,45,140,140,159,159,174,134,148,148,48,48,48,76,76,76,1,18,18,18],"floor_reached":51,"playtime":4171,"items_purged":["Strike_R","Strike_R"],"score":930,"play_id":"d9b18c39-fe5c-4bff-b928-6634f482f3bc","local_time":"20201218014840","is_ascension_mode":true,"campfire_choices":[{"data":"Entrench","floor":6,"key":"SMITH"},{"data":"Armaments","floor":15,"key":"SMITH"},{"data":"Barricade","floor":23,"key":"SMITH"},{"data":"Body Slam","floor":32,"key":"SMITH"},{"data":"Iron Wave","floor":40,"key":"SMITH"},{"data":"Iron Wave","floor":42,"key":"SMITH"},{"data":"Shrug It Off","floor":45,"key":"SMITH"},{"data":"Shrug It Off","floor":49,"key":"SMITH"}],"circlet_count":0,"master_deck":["Strike_R","Defend_R","Defend_R","Defend_R","Defend_R","Bash+1","Iron Wave+1","Body Slam+1","Armaments+1","Entrench+1","Shrug It Off+1","Disarm+1","Shrug It Off+1","Barricade+1","Iron Wave+1","Body Slam+1","Shrug It Off+1"],"relics":["Burning Blood","Sundial","Bag of Preparation","Runic Cube","Lee\u0027s Waffle","Lantern","FossilizedHelix","Meat on the Bone","Empty Cage","Singing Bowl","Bottled Lightning"],"acts_visited":["Exordium","TheCity","TheBeyond"],"potions_floor_usage":[8,10,13,18,25,30,33,44,50,50],"damage_taken":[{"damage":11,"enemies":"Cultist","floor":1,"turns":4},{"damage":3,"enemies":"Jaw Worm","floor":4,"turns":4},{"damage":6,"enemies":"2 Louse","floor":5,"turns":2},{"damage":4,"enemies":"2 Fungi Beasts","floor":7,"turns":4},{"damage":20,"enemies":"Lagavulin","floor":8,"turns":6},{"damage":1,"enemies":"Large Slime","floor":10,"turns":7},{"damage":0,"enemies":"Exordium Wildlife","floor":11,"turns":3},{"damage":0,"enemies":"3 Louse","floor":12,"turns":4},{"damage":0,"enemies":"Lots of Slimes","floor":13,"turns":1},{"damage":0,"enemies":"2 Fungi Beasts","floor":14,"turns":3},{"damage":74,"enemies":"Slime Boss","floor":16,"turns":19},{"damage":1,"enemies":"2 Thieves","floor":18,"turns":4},{"damage":27,"enemies":"Chosen","floor":19,"turns":6},{"damage":10,"enemies":"Shelled Parasite and Fungi","floor":22,"turns":10},{"damage":2,"enemies":"Cultist and Chosen","floor":24,"turns":10},{"damage":14,"enemies":"Snake Plant","floor":25,"turns":6},{"damage":23,"enemies":"Sentry and Sphere","floor":27,"turns":13},{"damage":11,"enemies":"Centurion and Healer","floor":28,"turns":7},{"damage":19,"enemies":"Snecko","floor":30,"turns":7},{"damage":0,"enemies":"Champ","floor":33,"turns":12},{"damage":0,"enemies":"3 Shapes","floor":35,"turns":4},{"damage":0,"enemies":"Orb Walker","floor":37,"turns":4},{"damage":45,"enemies":"Sphere and 2 Shapes","floor":39,"turns":8},{"damage":0,"enemies":"Giant Head","floor":44,"turns":9},{"damage":0,"enemies":"Jaw Worm Horde","floor":48,"turns":6},{"damage":0,"enemies":"Awakened One","floor":50,"turns":9}],"seed_played":"-1464950881359732627","potions_obtained":[{"floor":5,"key":"blueLaboratory:BottleOfRum"},{"floor":8,"key":"Block Potion"},{"floor":11,"key":"Explosive Potion"},{"floor":13,"key":"EssenceOfSteel"},{"floor":16,"key":"SneckoOil"},{"floor":24,"key":"blueLaboratory:Moonshine"},{"floor":27,"key":"blueLaboratory:FruitPreserves"},{"floor":28,"key":"blueLaboratory:FruitPunch"},{"floor":30,"key":"PowerPotion"},{"floor":33,"key":"blueLaboratory:BubblePotion"},{"floor":37,"key":"Weak Potion"},{"floor":48,"key":"blueLaboratory:ExaltedPotion"}],"is_trial":false,"path_per_floor":["M","$","?","M","M","R","M","E","T","M","M","M","M","M","R","B",null,"M","M","$","?","M","R","M","M","T","M","M","?","M","$","R","B",null,"M","?","M","?","M","R","$","R","T","E","R","?","?","M","R","B",null],"character_chosen":"IRONCLAD","items_purchased":["Body Slam","Lee\u0027s Waffle","Meat on the Bone"],"campfire_rested":0,"item_purchase_floors":[2,20,31],"current_hp_per_floor":[75,75,75,78,78,78,80,66,66,71,77,80,80,80,80,12,80,80,59,87,87,83,83,87,79,79,62,57,57,46,46,46,52,89,89,89,89,89,62,62,62,62,62,70,70,70,72,80,80,86],"gold":18,"neow_bonus":"UPGRADE_CARD","is_daily":false,"chose_seed":false,"campfire_upgraded":8,"win_rate":0.0,"timestamp":1608277720,"path_taken":["M","?","?","M","M","R","M","E","T","M","M","M","?","M","R","BOSS","M","?","$","?","M","R","M","M","T","M","M","?","M","?","R","BOSS","M","?","M","?","?","R","$","R","T","E","R","?","?","M","R","BOSS"],"items_purchased_type":["Card","Relic","Relic"],"build_version":"2020-12-13","purchased_purges":2,"victory":true,"max_hp_per_floor":[80,80,80,80,80,80,80,80,80,80,80,80,80,80,80,80,80,80,80,87,87,87,87,87,87,87,87,87,87,89,89,89,89,89,89,89,89,89,89,89,89,89,89,91,91,91,93,95,95,95],"card_choices":[{"not_picked":["Thunderclap","Infernal Blade"],"picked":"Iron Wave","floor":1},{"not_picked":["Iron Wave","Shrug It Off"],"picked":"Armaments","floor":4},{"not_picked":["Iron Wave","Cleave"],"picked":"Entrench","floor":5},{"not_picked":["Rampage","Anger"],"picked":"Shrug It Off","floor":7},{"not_picked":["Sever Soul","True Grit","Thunderclap"],"picked":"SKIP","floor":8},{"not_picked":["Impervious","Body Slam","True Grit"],"picked":"SKIP","floor":10},{"not_picked":["Power Through","Cleave","Body Slam"],"picked":"SKIP","floor":11},{"not_picked":["Body Slam","Armaments"],"picked":"Disarm","floor":12},{"not_picked":["Headbutt","Hemokinesis","Rampage"],"picked":"SKIP","floor":13},{"not_picked":["Disarm","Burning Pact"],"picked":"Shrug It Off","floor":14},{"not_picked":["Berserk","Corruption"],"picked":"Barricade","floor":16},{"not_picked":["Infernal Blade","Cleave","Blood for Blood+1"],"picked":"SKIP","floor":18},{"not_picked":["Sever Soul+1","Clash"],"picked":"Iron Wave","floor":19},{"not_picked":["Anger","Flame Barrier"],"picked":"Body Slam","floor":22},{"not_picked":["Perfected Strike","Blood for Blood","Twin Strike"],"picked":"SKIP","floor":24},{"not_picked":["Havoc","Hemokinesis","Pommel Strike+1"],"picked":"SKIP","floor":25},{"not_picked":["Cleave","Battle Trance","Rupture"],"picked":"SKIP","floor":27},{"not_picked":["Whirlwind+1","Clothesline+1"],"picked":"Shrug It Off+1","floor":28},{"not_picked":["Clash","Flex","Combust+1"],"picked":"SKIP","floor":30},{"not_picked":["Intimidate+1","Feel No Pain+1","Perfected Strike+1"],"picked":"SKIP","floor":35},{"not_picked":["Perfected Strike+1","Uppercut+1","Battle Trance"],"picked":"SKIP","floor":37},{"not_picked":["Inflame+1","Cleave+1","Uppercut"],"picked":"SKIP","floor":39},{"not_picked":["Thunderclap","Warcry","Limit Break"],"picked":"Singing Bowl","floor":44},{"not_picked":["Dark Embrace+1","Blood for Blood+1","Sever Soul+1"],"picked":"Singing Bowl","floor":47},{"not_picked":["Flex","Warcry+1","Headbutt+1"],"picked":"Singing Bowl","floor":48}],"player_experience":416120,"relics_obtained":[{"floor":8,"key":"Sundial"},{"floor":9,"key":"Bag of Preparation"},{"floor":21,"key":"Lantern"},{"floor":26,"key":"FossilizedHelix"},{"floor":43,"key":"Singing Bowl"},{"floor":44,"key":"Bottled Lightning"}],"event_choices":[{"damage_healed":0,"gold_gain":0,"player_choice":"Forge","damage_taken":0,"max_hp_gain":0,"max_hp_loss":0,"event_name":"Accursed Blacksmith","floor":3,"gold_loss":0,"cards_upgraded":["Body Slam"]},{"damage_healed":0,"gold_gain":0,"player_choice":"Relic","damage_taken":0,"max_hp_gain":0,"max_hp_loss":0,"event_name":"Wheel of Change","floor":21,"gold_loss":0},{"damage_healed":0,"gold_gain":0,"cards_transformed":["Strike_R"],"player_choice":"Transformed","damage_taken":0,"max_hp_gain":0,"max_hp_loss":0,"event_name":"Transmorgrifier","floor":29,"gold_loss":0,"cards_obtained":["Bludgeon"]},{"damage_healed":0,"gold_gain":0,"player_choice":"Upgrade","damage_taken":0,"max_hp_gain":0,"max_hp_loss":0,"event_name":"Designer","floor":38,"gold_loss":40,"cards_upgraded":["Disarm"]},{"damage_healed":0,"gold_gain":0,"player_choice":"Ignored","damage_taken":0,"max_hp_gain":0,"max_hp_loss":0,"event_name":"Mysterious Sphere","floor":46,"gold_loss":0},{"damage_healed":0,"gold_gain":0,"player_choice":"2","damage_taken":0,"max_hp_gain":0,"max_hp_loss":0,"event_name":"betterMatch:BetterMatch","floor":47,"gold_loss":0,"cards_obtained":["betterMatch:UncommonCard"]}],"is_beta":false,"boss_relics":[{"not_picked":["Pandora\u0027s Box","Mark of Pain"],"picked":"Runic Cube"},{"not_picked":["Astrolabe","Snecko Eye"],"picked":"Empty Cage"}],"items_purged_floors":[20,41],"is_endless":false,"potions_floor_spawned":[5,8,11,13,16,24,27,28,30,33,37,48],"ascension_level":3}}