{"host":"vumwfieg2b2mnrfl","time":1608329158,"event":{"mods":["AchievementEnabler","BaseMod","Minty Spire (QoL Compilation)","Rare Cards Sparkle","Relic Stats"],"gold_per_floor":[118,136,150,114,114,114,139,153,178,195,43,73,86,86,86,182,182,195,213,224,240,240,240],"floor_reached":22,"playtime":768,"items_purged":[],"score":260,"play_id":"ebb0093e-b843-4b5b-95c2-542f111b9fa9","local_time":"20201218160558","is_ascension_mode":true,"campfire_choices":[{"data":"Disarm","floor":6.0,"key":"SMITH"},{"floor":15.0,"key":"REST"}],"circlet_count":0,"master_deck":["Strike_R","Strike_R","Strike_R","Strike_R","Strike_R","Defend_R","Defend_R","Defend_R","Defend_R","Bash","Uppercut","Disarm+1","Combust","Thunderclap","Pummel","Disarm+1","Immolate","Shrug It Off","Demon Form","Iron Wave","Wild Strike","Shrug It Off","Battle Trance"],"relics":["Black Blood","NeowsBlessing","Ancient Tea Set","PreservedInsect","Medical Kit","Omamori"],"acts_visited":["Exordium","TheCity"],"potions_floor_usage":[21,21],"damage_taken":[{"damage":0.0,"enemies":"Small Slimes","floor":1.0,"turns":1.0},{"damage":0.0,"enemies":"Cultist","floor":2.0,"turns":1.0},{"damage":0.0,"enemies":"2 Louse","floor":3.0,"turns":1.0},{"damage":30.0,"enemies":"Gremlin Nob","floor":7.0,"turns":5.0},{"damage":20.0,"enemies":"Exordium Wildlife","floor":8.0,"turns":5.0},{"damage":12.0,"enemies":"Blue Slaver","floor":10.0,"turns":4.0},{"damage":22.0,"enemies":"3 Sentries","floor":12.0,"turns":5.0},{"damage":1.0,"enemies":"2 Fungi Beasts","floor":13.0,"turns":2.0},{"damage":6.0,"enemies":"Hexaghost","floor":16.0,"turns":16.0},{"damage":18.0,"enemies":"Shell Parasite","floor":18.0,"turns":9.0},{"damage":50.0,"enemies":"Spheric Guardian","floor":19.0,"turns":7.0},{"damage":23.0,"enemies":"Snake Plant","floor":20.0,"turns":5.0},{"damage":15,"enemies":"Centurion and Healer","floor":21,"turns":7},{"damage":15,"enemies":"Snecko","floor":22,"turns":4}],"seed_played":"-4332138186242642237","potions_obtained":[{"floor":1.0,"key":"CultistPotion"},{"floor":3.0,"key":"AttackPotion"},{"floor":8.0,"key":"DistilledChaos"},{"floor":13.0,"key":"Dexterity Potion"},{"floor":16.0,"key":"Block Potion"},{"floor":18.0,"key":"SkillPotion"},{"floor":20.0,"key":"Weak Potion"}],"is_trial":false,"path_per_floor":["M","M","M","$","?","R","E","M","T","M","$","E","M","?","R","B",null,"M","M","M","M","M"],"character_chosen":"IRONCLAD","items_purchased":["Combust","Medical Kit"],"campfire_rested":1,"item_purchase_floors":[4,11],"current_hp_per_floor":[78,80,80,80,80,80,56,42,42,36,36,20,25,25,49,49,72,66,28,17,14,0,0],"gold":240,"neow_bonus":"THREE_ENEMY_KILL","is_daily":false,"chose_seed":false,"campfire_upgraded":1,"win_rate":0.0,"timestamp":1608329158,"path_taken":["M","M","M","$","?","R","E","M","T","?","?","E","M","?","R","BOSS","M","M","M","M","M"],"items_purchased_type":["Card","Relic"],"build_version":"2020-12-13","purchased_purges":0,"victory":false,"max_hp_per_floor":[80,80,80,80,80,80,80,80,80,80,80,80,80,80,80,80,80,80,80,80,80,80,80],"relic_stats":{"counters":[14,72],"Black Blood":92,"PreservedInsect":30,"Medical Kit":[11],"obtain_stats":[{"NeowsBlessing":0,"Black Blood":17,"PreservedInsect":9,"Omamori":12,"Ancient Tea Set":7,"Medical Kit":11,"Burning Blood":0},{"NeowsBlessing":0,"Black Blood":9,"PreservedInsect":5,"Omamori":7,"Ancient Tea Set":4,"Medical Kit":6,"Burning Blood":0},{"NeowsBlessing":0,"Black Blood":40,"PreservedInsect":13,"Omamori":22,"Ancient Tea Set":8,"Medical Kit":17,"Burning Blood":0}]},"card_choices":[{"not_picked":["Clothesline","Body Slam"],"picked":"Uppercut","floor":1.0},{"not_picked":["Sword Boomerang","Iron Wave","Perfected Strike"],"picked":"SKIP","floor":2.0},{"not_picked":["Heavy Blade","Pommel Strike"],"picked":"Disarm","floor":3.0},{"not_picked":["Body Slam","Corruption"],"picked":"Thunderclap","floor":7.0},{"not_picked":["Uppercut","Havoc"],"picked":"Pummel","floor":8.0},{"not_picked":["Cleave","Dark Embrace"],"picked":"Disarm","floor":10.0},{"not_picked":["Evolve","Clash"],"picked":"Immolate","floor":12.0},{"not_picked":["Blood for Blood","Perfected Strike"],"picked":"Shrug It Off","floor":13.0},{"not_picked":["Bludgeon","Exhume"],"picked":"Demon Form","floor":16.0},{"not_picked":["Blood for Blood+1","Perfected Strike+1"],"picked":"Iron Wave","floor":18.0},{"not_picked":["Havoc+1","Sword Boomerang"],"picked":"Wild Strike","floor":19.0},{"not_picked":["Pommel Strike","Rupture"],"picked":"Shrug It Off","floor":20.0},{"not_picked":["True Grit+1","Corruption"],"picked":"Battle Trance","floor":21}],"player_experience":244249,"relics_obtained":[{"floor":7.0,"key":"Ancient Tea Set"},{"floor":9.0,"key":"PreservedInsect"},{"floor":12.0,"key":"Omamori"}],"event_choices":[{"damage_healed":0.0,"max_hp_gain":0.0,"max_hp_loss":0.0,"gold_gain":0.0,"event_name":"Wheel of Change","player_choice":"Full Heal","floor":5.0,"gold_loss":0.0,"damage_taken":0.0},{"damage_healed":0.0,"max_hp_gain":0.0,"max_hp_loss":0.0,"gold_gain":0.0,"event_name":"Living Wall","player_choice":"Grow","floor":14.0,"gold_loss":0.0,"damage_taken":0.0,"cards_upgraded":["Disarm"]}],"is_beta":false,"boss_relics":[{"not_picked":["Runic Cube","Runic Dome"],"picked":"Black Blood"}],"items_purged_floors":[],"is_endless":false,"potions_floor_spawned":[1,3,8,12,13,16,18,20],"killed_by":"Snecko","ascension_level":6}}