{"host":"haozahzn9om5c7l8","time":1608266088,"event":{"mods":["Act Like it!","Alarm Clock","BaseMod","Better-Laid Plans","Colored Powertips","Minty Spire (QoL Compilation)","Quick Restart","Relic Stats","Replay The Spire","Spicy Shops","StSLib","The Poker Player","UnlockEverythingMod","óô»ðÖ¸ÄÏ"],"gold_per_floor":[119,119,119,132,96,135,135,135,161,201,216,257,271,299,299,427,427,447,362,385,385,385,53,86,107,107,143,163,206,220,264,79,202,202,223,244,268,268,268,308,322,341,341,365,386,386,400,435,17,17],"floor_reached":51,"playtime":3587,"items_purged":["Writhe"],"score":1059,"play_id":"21cb8a91-65cd-46ef-98ae-89ed5c6b5a1b","local_time":"20201218123448","is_ascension_mode":false,"campfire_choices":[{"floor":8,"key":"REST"}],"circlet_count":0,"master_deck":["Strike_R","Strike_R","Strike_R","Strike_R","Strike_R","Defend_R","Defend_R","Defend_R","Defend_R","Bash","Life Link+1","Injury","Anger","Anger","Ghostly Armor+1","Anger","Thunderclap","Uppercut+1","Fire Breathing","ReplayTheSpireMod:Muscle Training+1","Run Through+1","Headbutt+1","Heavy Blade+1","Flex+1","Uppercut","True Grit+1","Pommel Strike","Entrench","Anger+1","Pot Of Greed","Pot Of Greed","Pot Of Greed","Perfected Strike+1","Entrench","Armaments+1","Anger","Midas Touch","Metamorphosis","Good Instincts","Pot Of Greed","Juggernaut","CurseOfTheBell","Iron Wave+1","Body Slam","Sever Soul+1","Madness","Madness","CommonCold","Flame Barrier","Reaper","Life Link+1","Warcry+1","Pot Of Greed","Sword Boomerang+1","ReplayTheSpireMod:LeadingStrike","Clothesline+1","Metallicize","Rage","Infernal Blade","Uppercut","Body Slam","Body Slam"],"relics":["Burning Blood","ReplayTheSpireMod:Lightbulb","Golden Idol","Paper Frog","Bag of Preparation","Mercury Hourglass","ReplayTheSpireMod:Ninjato","Odd Mushroom","Replay:Grab Bag","Fusion Hammer","Ooze Armor","Astrolabe","Runic Pyramid","InkBottle","Akabeko","Frozen Eye","Replay:Rubber Ducky","Ginger","Mirror","Vajra","Grinning Jar","Nunchaku","ReplayTheSpireMod:ShopPack","Calling Bell","Replay:Mystery Machine","Quantum Egg","Durian","Ring of Panic","Ring of Peace","Bronze Scales","Omamori","Membership Card","Bag of Marbles"],"acts_visited":["Exordium","TheCity","TheBeyond"],"potions_floor_usage":[33,44],"damage_taken":[{"damage":6,"enemies":"Jaw Worm","floor":1,"turns":8},{"damage":3,"enemies":"Small Slimes","floor":4,"turns":3},{"damage":31,"enemies":"Lagavulin","floor":6,"turns":5},{"damage":15,"enemies":"Gremlin Nob","floor":10,"turns":4},{"damage":0,"enemies":"Cultist","floor":11,"turns":3},{"damage":21,"enemies":"Lagavulin","floor":12,"turns":5},{"damage":0,"enemies":"Blue Slaver","floor":13,"turns":3},{"damage":17,"enemies":"The Mushroom Lair","floor":14,"turns":3},{"damage":11,"enemies":"Slime Boss","floor":16,"turns":6},{"damage":2,"enemies":"Chosen","floor":18,"turns":4},{"damage":7,"enemies":"Shell Parasite","floor":20,"turns":4},{"damage":18,"enemies":"Book of Stabbing","floor":24,"turns":3},{"damage":11,"enemies":"Shelled Parasite and Fungi","floor":25,"turns":4},{"damage":0,"enemies":"Replay:Snechameleon","floor":27,"turns":3},{"damage":0,"enemies":"Snecko","floor":28,"turns":2},{"damage":0,"enemies":"Gremlin Leader","floor":29,"turns":2},{"damage":1,"enemies":"Chosen and Byrds","floor":30,"turns":3},{"damage":14,"enemies":"Slavers","floor":31,"turns":3},{"damage":63,"enemies":"Automaton","floor":33,"turns":9},{"damage":0,"enemies":"3 Darklings","floor":35,"turns":5},{"damage":0,"enemies":"3 Shapes","floor":36,"turns":3},{"damage":0,"enemies":"Jaw Worm Horde","floor":37,"turns":3},{"damage":0,"enemies":"Giant Head","floor":40,"turns":3},{"damage":0,"enemies":"Spire Growth","floor":41,"turns":2},{"damage":0,"enemies":"4 Shapes","floor":42,"turns":4},{"damage":0,"enemies":"3 Darklings","floor":44,"turns":4},{"damage":0,"enemies":"Jaw Worm Horde","floor":45,"turns":3},{"damage":0,"enemies":"Maw","floor":47,"turns":4},{"damage":0,"enemies":"R_Hoarder","floor":48,"turns":5},{"damage":49,"enemies":"Awakened One","floor":50,"turns":9}],"seed_played":"3831742299508449481","potions_obtained":[{"floor":1,"key":"Swift Potion"},{"floor":4,"key":"Energy Potion"},{"floor":13,"key":"Swift Potion"},{"floor":28,"key":"Explosive Potion"},{"floor":29,"key":"Block Potion"},{"floor":33,"key":"GamblersBrew"},{"floor":44,"key":"Adrenaline Potion"}],"is_trial":false,"path_per_floor":["M","?","?","M","$","E","?","R","T","E","M","E","M","?","R","B",null,"M","?","M","?","?","$","E","M","T","E","M","E","M","E","R","B",null,"M","M","M","?","?","E","M","M","T","M","M","?","M","E","R","B",null],"character_chosen":"IRONCLAD","items_purchased":["Anger","Frozen Eye","Uppercut","Replay:Rubber Ducky","Anger","ReplayTheSpireMod:ShopPack","Membership Card","Bag of Marbles","Metallicize","Rage","Infernal Blade","Uppercut","Body Slam"],"campfire_rested":1,"item_purchase_floors":[5,23,23,23,32,32,49,49,49,49,49,49,49],"current_hp_per_floor":[80,80,80,80,80,55,55,79,79,70,76,61,67,56,80,75,80,80,80,79,79,79,79,67,62,62,68,74,80,80,72,72,15,85,85,85,85,74,74,80,85,85,85,85,85,85,85,85,85,49],"gold":17,"neow_bonus":"RANDOM_COMMON_RELIC","is_daily":false,"chose_seed":false,"campfire_upgraded":0,"win_rate":0.0,"timestamp":1608266088,"path_taken":["M","?","?","M","$","E","?","R","T","E","?","E","M","?","R","BOSS","M","?","M","?","?","$","E","M","T","E","M","E","?","E","R","BOSS","M","M","M","?","?","E","M","M","T","M","M","?","M","E","R","BOSS"],"items_purchased_type":["Card","Relic","Card","Relic","Card","Relic","Relic","Relic","Card","Card","Card","Card","Card"],"build_version":"2020-12-13","purchased_purges":1,"victory":true,"max_hp_per_floor":[80,80,80,80,80,80,80,80,80,80,80,80,80,80,80,80,80,80,80,80,80,80,80,80,80,80,80,80,80,80,80,80,80,85,85,85,85,85,85,85,85,85,85,85,85,85,85,85,85,85],"relic_stats":{"Nunchaku":[16],"counters":[30,122],"Golden Idol":214,"Astrolabe":["ReplayTheSpireMod:Muscle Training","Run Through","Headbutt"],"Bronze Scales":[87],"Bag of Preparation":[54],"Ginger":[30],"obtain_stats":[{"Vajra":27,"Bag of Preparation":9,"Ginger":24,"Replay:Mystery Machine":34,"Burning Blood":0,"Replay:Rubber Ducky":23,"Frozen Eye":23,"Nunchaku":31,"Ring of Peace":39,"Fusion Hammer":17,"Ring of Panic":39,"InkBottle":19,"Paper Frog":6,"Runic Pyramid":17,"ReplayTheSpireMod:Ninjato":12,"Golden Idol":2,"Replay:Grab Bag":17,"Astrolabe":17,"Quantum Egg":34,"Omamori":48,"Odd Mushroom":14,"Akabeko":21,"Mercury Hourglass":10,"Calling Bell":34,"Ooze Armor":17,"Bronze Scales":40,"Durian":34,"Bag of Marbles":49,"Membership Card":49,"Grinning Jar":29,"ReplayTheSpireMod:Lightbulb":0,"Mirror":26,"ReplayTheSpireMod:ShopPack":32},{"Vajra":14,"Bag of Preparation":3,"Ginger":12,"Replay:Mystery Machine":19,"Burning Blood":0,"Replay:Rubber Ducky":11,"Frozen Eye":11,"Nunchaku":18,"Ring of Peace":22,"Fusion Hammer":9,"Ring of Panic":22,"InkBottle":10,"Paper Frog":3,"Runic Pyramid":9,"ReplayTheSpireMod:Ninjato":6,"Golden Idol":1,"Replay:Grab Bag":9,"Astrolabe":9,"Quantum Egg":19,"Omamori":29,"Odd Mushroom":8,"Akabeko":11,"Mercury Hourglass":4,"Calling Bell":19,"Ooze Armor":9,"Bronze Scales":23,"Durian":19,"Bag of Marbles":29,"Membership Card":29,"Grinning Jar":16,"ReplayTheSpireMod:Lightbulb":0,"Mirror":13,"ReplayTheSpireMod:ShopPack":18},{"Vajra":58,"Bag of Preparation":16,"Ginger":51,"Replay:Mystery Machine":77,"Burning Blood":0,"Replay:Rubber Ducky":48,"Frozen Eye":48,"Nunchaku":68,"Ring of Peace":88,"Fusion Hammer":40,"Ring of Panic":88,"InkBottle":44,"Paper Frog":16,"Runic Pyramid":40,"ReplayTheSpireMod:Ninjato":28,"Golden Idol":8,"Replay:Grab Bag":40,"Astrolabe":40,"Quantum Egg":77,"Omamori":113,"Odd Mushroom":34,"Akabeko":48,"Mercury Hourglass":20,"Calling Bell":77,"Ooze Armor":40,"Bronze Scales":91,"Durian":77,"Bag of Marbles":113,"Membership Card":113,"Grinning Jar":62,"ReplayTheSpireMod:Lightbulb":0,"Mirror":55,"ReplayTheSpireMod:ShopPack":68}],"Burning Blood":119,"InkBottle":[37],"Mercury Hourglass":[382]},"card_choices":[{"not_picked":["Whirlwind","ReplayTheSpireMod:Muscle Training"],"picked":"Life Link","floor":1},{"not_picked":["Shrug It Off","Havoc"],"picked":"Rampage","floor":4},{"not_picked":["Sentinel","Dual Wield"],"picked":"Bludgeon","floor":6},{"not_picked":["Replay:Undeath\u0027s Touch","Clothesline"],"picked":"Ghostly Armor","floor":10},{"not_picked":["Life Link","ReplayTheSpireMod:Strike From Hell"],"picked":"Anger","floor":11},{"not_picked":["ReplayTheSpireMod:Strike From Hell","Warcry"],"picked":"Thunderclap","floor":12},{"not_picked":["True Grit","Sword Boomerang"],"picked":"Uppercut","floor":13},{"not_picked":["Bludgeon","True Grit"],"picked":"Fire Breathing","floor":14},{"not_picked":["Hemogenesis","Eclipse"],"picked":"Demonic Infusion","floor":16},{"not_picked":["ReplayTheSpireMod:Strike From Hell","Iron Wave+1"],"picked":"Heavy Blade+1","floor":18},{"not_picked":["ReplayTheSpireMod:LeadingStrike","Whirlwind"],"picked":"Flex+1","floor":20},{"not_picked":["Headbutt","Iron Wave"],"picked":"True Grit+1","floor":24},{"not_picked":["Warcry","Offering"],"picked":"Pommel Strike","floor":25},{"not_picked":["Run Through","Havoc"],"picked":"Entrench","floor":27},{"not_picked":["Reckless Charge+1","Thunderclap"],"picked":"Anger+1","floor":28},{"not_picked":["Inflame","Uppercut+1"],"picked":"Perfected Strike+1","floor":29},{"not_picked":["Clothesline","Headbutt"],"picked":"Entrench","floor":30},{"not_picked":["Replay:Many Hands","ReplayTheSpireMod:Strike From Hell+1"],"picked":"Armaments+1","floor":31},{"not_picked":["Chrysalis","Transmutation"],"picked":"Midas Touch","floor":32},{"not_picked":["Jack Of All Trades","Forethought"],"picked":"Metamorphosis","floor":32},{"not_picked":["Trip","Apotheosis"],"picked":"Good Instincts","floor":32},{"not_picked":["Berserk","Brutality"],"picked":"Juggernaut","floor":33},{"not_picked":["Havoc+1","Anger+1"],"picked":"Iron Wave+1","floor":35},{"not_picked":["Iron Wave","Thunderclap+1"],"picked":"Body Slam","floor":36},{"not_picked":["ReplayTheSpireMod:Strike From Hell","Pommel Strike+1"],"picked":"Sever Soul+1","floor":37},{"not_picked":["Anger","Replay:Undeath\u0027s Touch"],"picked":"Flame Barrier","floor":40},{"not_picked":["ReplayTheSpireMod:Strike From Hell+1","Clash+1"],"picked":"Reaper","floor":41},{"not_picked":["Thunderclap","Infernal Blade"],"picked":"Life Link+1","floor":42},{"not_picked":["Bloodletting","Armaments+1"],"picked":"Warcry+1","floor":44},{"not_picked":["Havoc+1","Anger"],"picked":"Sword Boomerang+1","floor":45},{"not_picked":["Feel No Pain+1","Dropkick"],"picked":"ReplayTheSpireMod:LeadingStrike","floor":47},{"not_picked":["Perfected Strike","Warcry+1"],"picked":"Clothesline+1","floor":48}],"player_experience":7775,"relics_obtained":[{"floor":6,"key":"Paper Frog"},{"floor":9,"key":"Bag of Preparation"},{"floor":10,"key":"Mercury Hourglass"},{"floor":12,"key":"ReplayTheSpireMod:Ninjato"},{"floor":14,"key":"Odd Mushroom"},{"floor":24,"key":"Ginger"},{"floor":26,"key":"Mirror"},{"floor":27,"key":"Vajra"},{"floor":29,"key":"Grinning Jar"},{"floor":31,"key":"Nunchaku"},{"floor":34,"key":"Replay:Mystery Machine"},{"floor":34,"key":"Quantum Egg"},{"floor":34,"key":"Durian"},{"floor":39,"key":"Ring of Panic"},{"floor":39,"key":"Ring of Peace"},{"floor":40,"key":"Bronze Scales"},{"floor":48,"key":"Omamori"}],"event_choices":[{"damage_healed":0,"gold_gain":0,"player_choice":"Take Wound","damage_taken":0,"relics_obtained":["Golden Idol"],"max_hp_gain":0,"max_hp_loss":0,"event_name":"Golden Idol","floor":2,"gold_loss":0,"cards_obtained":["Injury"]},{"damage_healed":0,"gold_gain":0,"player_choice":"Bought 0 Potions","damage_taken":0,"max_hp_gain":0,"max_hp_loss":0,"event_name":"The Woman in Blue","floor":7,"gold_loss":0},{"damage_healed":0,"gold_gain":0,"player_choice":"Fought Mushrooms","damage_taken":0,"max_hp_gain":0,"max_hp_loss":0,"event_name":"Mushrooms","floor":14,"gold_loss":0},{"damage_healed":0,"gold_gain":0,"player_choice":"Obtained Relic","damage_taken":0,"relics_obtained":["InkBottle"],"max_hp_gain":0,"max_hp_loss":0,"event_name":"Addict","floor":19,"gold_loss":85},{"damage_healed":0,"gold_gain":0,"player_choice":"Opened","damage_taken":0,"relics_obtained":["Akabeko"],"max_hp_gain":0,"max_hp_loss":0,"event_name":"The Mausoleum","floor":21,"gold_loss":0,"cards_obtained":["Writhe"]},{"damage_healed":0,"gold_gain":0,"player_choice":"Upgraded","damage_taken":0,"max_hp_gain":0,"max_hp_loss":0,"event_name":"Upgrade Shrine","floor":22,"gold_loss":0,"cards_upgraded":["Uppercut"]},{"damage_healed":0,"gold_gain":0,"player_choice":"Embrace Madness","damage_taken":11,"max_hp_gain":0,"max_hp_loss":0,"event_name":"Winding Halls","floor":38,"gold_loss":0,"cards_obtained":["Madness","Madness"]},{"damage_healed":0,"gold_gain":0,"player_choice":"Ignored","damage_taken":0,"max_hp_gain":0,"max_hp_loss":0,"event_name":"Tomb of Lord Red Mask","floor":46,"gold_loss":0}],"is_beta":false,"boss_relics":[{"not_picked":["Black Star","ReplayTheSpireMod:DimensionalGlitch"],"picked":"Replay:Grab Bag"},{"not_picked":["Busted Crown","Philosopher\u0027s Stone"],"picked":"Fusion Hammer"},{"not_picked":["SlaversCollar","Sozu"],"picked":"Ooze Armor"},{"not_picked":["Kintsugi","Runic Cube"],"picked":"Astrolabe"},{"not_picked":["Empty Cage","Black Blood"],"picked":"Runic Pyramid"},{"not_picked":["Painkiller Herb","Replay:Ancient Bell"],"picked":"Calling Bell"}],"items_purged_floors":[23],"is_endless":false,"potions_floor_spawned":[1,4,13,14,25,28,29,31,33,37,40,42,44,45,48],"ascension_level":0}}