{"host":"5gc11emcm5chfr5t","time":1608313336,"event":{"mods":["2.2 Compatiblity","AchievementEnabler","BaseMod","Bestiary","Better Note","Colored Map","Colored Powertips","Downfall","Googly Eyes","Minty Spire (QoL Compilation)","Rare Cards Sparkle","StSLib"],"gold_per_floor":[99,132,26,57,77,107,130,147,165,196,208,234,263,291,323,335,335],"floor_reached":16,"playtime":597,"items_purged":[],"score":304,"play_id":"170ba955-d66b-43cd-b250-fe443cfc255e","local_time":"20201218124216","is_ascension_mode":true,"campfire_choices":[{"floor":1,"key":"RECALL"}],"circlet_count":0,"master_deck":["AscendersBane","sneckomod:Strike","sneckomod:Strike","sneckomod:Strike","sneckomod:Defend","sneckomod:Defend","sneckomod:Defend","sneckomod:TailWhip","sneckomod:SnekBite","sneckomod:Unknown","sneckomod:Unknown","sneckomod:UnknownVulnerable","sneckomod:UnknownX","expansioncontent:HyperBeam","sneckomod:IronFang","sneckomod:UnknownRarePower","sneckomod:CheapStock","sneckomod:DiceBoulder","sneckomod:UnknownUncommonAttack","sneckomod:UnknownUncommonPower","sneckomod:Cheat","sneckomod:UnknownDexterity","sneckomod:PureSnecko","sneckomod:Nope","sneckomod:UnknownExhaust"],"relics":["sneckomod:SneckoSoul","downfall:HeartsMalice","Lantern","Ornamental Fan","PreservedInsect","Bronze Scales","MawBank","FossilizedHelix"],"acts_visited":["Exordium"],"potions_floor_usage":[6,6,9,14],"damage_taken":[{"damage":0,"enemies":"Lagavulin","floor":2,"turns":1},{"damage":0,"enemies":"downfall:FleeingMerchant","floor":3,"turns":1},{"damage":0,"enemies":"Gremlin Nob","floor":4,"turns":1},{"damage":7,"enemies":"Small Slimes","floor":5,"turns":3},{"damage":22,"enemies":"Lagavulin","floor":6,"turns":4},{"damage":6,"enemies":"Cultist","floor":8,"turns":2},{"damage":0,"enemies":"Jaw Worm","floor":9,"turns":1},{"damage":12,"enemies":"Gremlin Nob","floor":10,"turns":3},{"damage":0,"enemies":"2 Fungi Beasts","floor":12,"turns":2},{"damage":0,"enemies":"3 Louse","floor":13,"turns":2},{"damage":0,"enemies":"Gremlin Gang","floor":14,"turns":2},{"damage":13,"enemies":"Large Slime","floor":15,"turns":6},{"damage":45,"enemies":"downfall:Defect","floor":16,"turns":4}],"seed_played":"3269130929307922954","potions_obtained":[{"floor":2,"key":"GamblersBrew"},{"floor":5,"key":"Energy Potion"},{"floor":8,"key":"sneckomod:DiceRollPotion"},{"floor":13,"key":"Strength Potion"}],"is_trial":false,"path_per_floor":["R","E","$","E","M","E","T","M","M","E","?","M","M","M","M","B"],"character_chosen":"THE_SNECKO","items_purchased":["expansioncontent:HyperBeam","sneckomod:IronFang"],"campfire_rested":0,"item_purchase_floors":[3,3],"current_hp_per_floor":[81,82,83,84,77,55,55,50,51,39,39,50,50,50,38,0,0],"gold":335,"neow_bonus":"THREE_ENEMY_KILL","is_daily":false,"chose_seed":false,"campfire_upgraded":0,"win_rate":0.0,"timestamp":1608313336,"path_taken":["R","E","$","E","M","E","T","M","M","E","?","M","M","?","M","BOSS"],"items_purchased_type":["Card","Card"],"build_version":"2020-12-13","purchased_purges":0,"victory":false,"max_hp_per_floor":[90,91,92,93,93,93,93,94,95,95,95,96,96,96,97,97,97],"card_choices":[{"not_picked":["sneckomod:UnknownClassRED","sneckomod:DefensiveFlair"],"picked":"sneckomod:UnknownVulnerable","floor":2},{"not_picked":["sneckomod:QuickBite","sneckomod:DiceCrush"],"picked":"sneckomod:UnknownX","floor":3},{"not_picked":["sneckomod:WideSting","sneckomod:UnknownVulnerable"],"picked":"sneckomod:UnknownRarePower","floor":4},{"not_picked":["sneckomod:UnknownCommonSkill","sneckomod:DiceBlock"],"picked":"sneckomod:CheapStock","floor":5},{"not_picked":["sneckomod:UnknownCommonSkill","sneckomod:UnknownClassBLUE"],"picked":"sneckomod:DiceBoulder","floor":6},{"not_picked":["sneckomod:RainOfDice","sneckomod:DiceBlock"],"picked":"sneckomod:UnknownUncommonAttack","floor":8},{"not_picked":["sneckomod:UnknownWeak","sneckomod:UnknownBlock"],"picked":"sneckomod:UnknownUncommonPower","floor":9},{"not_picked":["sneckomod:UnknownStrike","sneckomod:IronFang"],"picked":"sneckomod:Cheat","floor":10},{"not_picked":["sneckomod:UnknownClassSLIMEBOUND","sneckomod:MasterEye"],"picked":"sneckomod:UnknownDexterity","floor":12},{"not_picked":["sneckomod:SoulRoll","sneckomod:SerpentIdol"],"picked":"sneckomod:PureSnecko","floor":13},{"not_picked":["sneckomod:UnknownStrike","sneckomod:UnknownBlock"],"picked":"sneckomod:Nope","floor":14},{"not_picked":["sneckomod:DiceBoulder","sneckomod:QuickBite"],"picked":"sneckomod:UnknownExhaust","floor":15}],"player_experience":424510,"relics_obtained":[{"floor":2,"key":"Lantern"},{"floor":4,"key":"Ornamental Fan"},{"floor":6,"key":"PreservedInsect"},{"floor":7,"key":"Bronze Scales"},{"floor":10,"key":"MawBank"},{"floor":11,"key":"FossilizedHelix"}],"event_choices":[{"damage_healed":0,"gold_gain":0,"player_choice":"Relic","damage_taken":0,"max_hp_gain":0,"max_hp_loss":0,"event_name":"Wheel of Change","floor":11,"gold_loss":0}],"is_beta":false,"boss_relics":[],"items_purged_floors":[],"is_endless":false,"potions_floor_spawned":[2,5,8,13],"killed_by":"downfall:Defect","ascension_level":13}}