{"host":"msfr2axb1w9025n0","time":1608297897,"event":{"mods":["BaseMod","Colored Map","DeckTracker","Minty Spire (QoL Compilation)"],"gold_per_floor":[118,80,80,94,169,199,199,199,199],"floor_reached":8,"playtime":404,"items_purged":[],"score":62,"play_id":"129462d9-c3c8-4514-9ecb-ddaef7714388","local_time":"20201218202457","is_ascension_mode":true,"campfire_choices":[{"data":"Secret Technique","floor":7.0,"key":"SMITH"}],"circlet_count":0,"master_deck":["Strike_P","Strike_P","Strike_P","Strike_P","Defend_P+1","Defend_P","Defend_P","Defend_P","Eruption+1","Vigilance","Secret Technique+1","PathToVictory","Study","Scrawl"],"relics":["PureWater","Bottled Tornado"],"acts_visited":["Exordium"],"potions_floor_usage":[8],"damage_taken":[{"damage":0.0,"enemies":"Cultist","floor":1.0,"turns":3.0},{"damage":0.0,"enemies":"Small Slimes","floor":4.0,"turns":5.0},{"damage":28.0,"enemies":"3 Sentries","floor":6.0,"turns":10.0},{"damage":14,"enemies":"Lagavulin","floor":8,"turns":5}],"seed_played":"611062769536112999","potions_obtained":[{"floor":4.0,"key":"Fire Potion"}],"is_trial":false,"path_per_floor":["M","$","?","M","?","E","R","E"],"character_chosen":"WATCHER","items_purchased":["Study"],"campfire_rested":0,"item_purchase_floors":[2],"current_hp_per_floor":[65,65,52,52,41,13,13,0,0],"gold":199,"neow_bonus":"RANDOM_COLORLESS_2","is_daily":false,"chose_seed":false,"campfire_upgraded":1,"win_rate":0.0,"timestamp":1608297897,"path_taken":["M","$","?","M","?","E","R","E"],"items_purchased_type":["Card"],"build_version":"2020-12-13","purchased_purges":0,"victory":false,"max_hp_per_floor":[65,65,65,65,65,65,65,65,65],"card_choices":[{"not_picked":["Thinking Ahead","Mayhem"],"picked":"Secret Technique","floor":0.0},{"not_picked":["Protect","CutThroughFate"],"picked":"PathToVictory","floor":1.0},{"not_picked":["SashWhip","FlurryOfBlows","Swivel"],"picked":"SKIP","floor":4.0},{"not_picked":["Consecrate","JustLucky"],"picked":"Scrawl","floor":6.0}],"player_experience":250228,"relics_obtained":[{"floor":6.0,"key":"Bottled Tornado"}],"event_choices":[{"damage_healed":0.0,"max_hp_gain":0.0,"max_hp_loss":0.0,"gold_gain":0.0,"event_name":"Shining Light","player_choice":"Entered Light","floor":3.0,"gold_loss":0.0,"damage_taken":13.0,"cards_upgraded":["Defend_P","Eruption"]},{"damage_healed":0.0,"max_hp_gain":0.0,"max_hp_loss":0.0,"gold_gain":75.0,"event_name":"World of Goop","player_choice":"Gather Gold","floor":5.0,"gold_loss":0.0,"damage_taken":11.0}],"is_beta":false,"boss_relics":[],"items_purged_floors":[],"is_endless":false,"potions_floor_spawned":[4],"killed_by":"Lagavulin","ascension_level":3}}