{"host":"hqvh779b89tfrjxy","time":1608307368,"event":{"mods":["Act Like it!","BaseMod","Better Third Choice","Downfall","Elementarium","Filter the Spire","GifTheSpireLib","Marked Mod","Minty Spire (QoL Compilation)","Replay The Spire","Spicy Shops","StSLib"],"gold_per_floor":[116,86,105,105,119,149,149,173,196,231,251,270,270,285,285,384,384,400,410,194,194,220,252,252,285,285,313,313,332,332,151,151,255,255,297,308,308,308,338,338],"floor_reached":39,"playtime":2056,"items_purged":["Shame","Languid"],"score":902,"play_id":"a7c5bbf5-f65d-46ca-879f-50a0c089dfbc","local_time":"20201218170248","is_ascension_mode":true,"campfire_choices":[{"data":"Vigilance","floor":7,"key":"SMITH"},{"data":"Eruption","floor":13,"key":"SMITH"},{"data":"SandsOfTime","floor":15,"key":"SMITH"},{"data":"Consecrate","floor":24,"key":"SMITH"},{"data":"Vault","floor":30,"key":"SMITH"},{"data":"LikeWater","floor":32,"key":"SMITH"}],"circlet_count":0,"master_deck":["Strike_P","Strike_P","Strike_P","Defend_P","Defend_P","Defend_P","Defend_P","Eruption+1","Vigilance+1","Brilliance","Consecrate+1","Protect","SandsOfTime+1","Halt","Wallop","Brilliance","BattleHymn","ThirdEye","LikeWater+1","Vault+1","Crow Ritual","Crow Ritual","Secret Weapon","Wish","MarkedMod:ChiBlock"],"relics":["PureWater","betterThird:SlimedRelic","ReplayTheSpireMod:Lightbulb","Smiling Mask","MealTicket","Ice Cream","Runic Dome","Replay:Accelerometer","PreservedInsect","ReplayTheSpireMod:CursedCoin","Red Mask","Orichalcum","ReplayFunnel","Bag of Marbles","Iron Hammer","ReplayTheSpireMod:ShopPack","Runic Pyramid"],"acts_visited":["Exordium","TheCity","TheBeyond"],"potions_floor_usage":[16,22,25,33],"damage_taken":[{"damage":0,"enemies":"2 Louse","floor":1,"turns":1},{"damage":2,"enemies":"Jaw Worm","floor":3,"turns":4},{"damage":0,"enemies":"Small Slimes","floor":5,"turns":2},{"damage":13,"enemies":"3 Sentries","floor":6,"turns":8},{"damage":3,"enemies":"Lagavulin","floor":10,"turns":7},{"damage":0,"enemies":"Exordium Wildlife","floor":11,"turns":3},{"damage":0,"enemies":"Looter","floor":12,"turns":3},{"damage":0,"enemies":"Blue Slaver","floor":14,"turns":5},{"damage":30,"enemies":"Slime Boss","floor":16,"turns":6},{"damage":0,"enemies":"3 Byrds","floor":18,"turns":6},{"damage":12,"enemies":"2 Thieves","floor":19,"turns":4},{"damage":4,"enemies":"Masked Bandits","floor":22,"turns":4},{"damage":11,"enemies":"Book of Stabbing","floor":23,"turns":4},{"damage":0,"enemies":"Replay:Snechameleon","floor":25,"turns":3},{"damage":1,"enemies":"Slavers","floor":27,"turns":6},{"damage":0,"enemies":"Centurion and Healer","floor":29,"turns":5},{"damage":28,"enemies":"Pondfish","floor":33,"turns":9},{"damage":34,"enemies":"3 Darklings","floor":35,"turns":5},{"damage":0,"enemies":"Orb Walker","floor":36,"turns":3},{"damage":141,"enemies":"Transient","floor":39,"turns":5}],"seed_played":"-6837969033309882321","potions_obtained":[{"floor":10,"key":"PowerPotion"},{"floor":11,"key":"AttackPotion"},{"floor":12,"key":"Energy Potion"},{"floor":19,"key":"GamblersBrew"},{"floor":23,"key":"SpeedPotion"},{"floor":25,"key":"FairyPotion"},{"floor":27,"key":"BottledMiracle"}],"is_trial":false,"path_per_floor":["M","?","M","?","M","E","R","T","T","E","M","M","R","M","R","B",null,"M","M","$","?","?","E","R","E","T","E","?","M","R","$","R","B",null,"M","M","?","?","M"],"character_chosen":"WATCHER","items_purchased":["Replay:Accelerometer","PreservedInsect","ReplayTheSpireMod:CursedCoin","ReplayTheSpireMod:ShopPack"],"campfire_rested":0,"item_purchase_floors":[20,20,20,31],"current_hp_per_floor":[65,54,52,52,52,39,39,39,39,36,36,36,36,36,36,6,56,56,44,59,59,55,44,44,44,44,43,43,43,43,58,58,30,62,28,28,28,28,0,0],"gold":338,"neow_bonus":"ONE_RANDOM_RARE_CARD","is_daily":false,"chose_seed":false,"campfire_upgraded":6,"win_rate":0.0,"timestamp":1608307368,"path_taken":["M","?","M","?","M","E","R","?","T","E","M","M","R","M","R","BOSS","M","M","$","?","?","E","R","E","T","E","?","?","R","$","R","BOSS","M","M","?","?","M"],"items_purchased_type":["Relic","Relic","Relic","Relic"],"build_version":"2020-12-13","purchased_purges":2,"victory":false,"max_hp_per_floor":[72,72,72,72,72,72,72,72,72,72,72,72,72,72,72,72,72,72,72,72,72,72,72,72,72,72,72,72,72,72,72,72,72,72,72,72,72,72,72,72],"card_choices":[{"not_picked":["Evaluate","ForeignInfluence"],"picked":"Consecrate","floor":1},{"not_picked":["EmptyFist","Weave"],"picked":"Protect","floor":3},{"not_picked":["FlyingSleeves","Crescendo"],"picked":"SandsOfTime","floor":5},{"not_picked":["Collect","Adaptation"],"picked":"Halt","floor":6},{"not_picked":["LikeWater","Sanctity"],"picked":"Wallop","floor":10},{"not_picked":["MarkedMod:GracefulMovements","ReachHeaven","EmptyBody"],"picked":"SKIP","floor":11},{"not_picked":["Protect","Replay:ManipulateFuture","EmptyBody"],"picked":"SKIP","floor":12},{"not_picked":["MentalFortress","EmptyMind","Consecrate"],"picked":"SKIP","floor":14},{"not_picked":["Judgement","MarkedMod:NorthStar"],"picked":"Brilliance","floor":16},{"not_picked":["Evaluate","ClearTheMind"],"picked":"BattleHymn","floor":18},{"not_picked":["Replay:Vibes","MentalFortress+1","PathToVictory"],"picked":"SKIP","floor":19},{"not_picked":["ThirdEye","MarkedMod:FirstStrike","Crescendo"],"picked":"SKIP","floor":23},{"not_picked":["WreathOfFlame+1","CarveReality"],"picked":"LikeWater","floor":25},{"not_picked":["ThirdEye+1","Protect+1"],"picked":"Replay:Battleflow","floor":27},{"not_picked":["EmptyFist","MarkedMod:PinPointDefense"],"picked":"Vault","floor":29},{"not_picked":["Swift Strike","Replay:SS_hec_1"],"picked":"Crow Ritual","floor":31},{"not_picked":["expansioncontent:ManipulateTime","expansioncontent:FaceSlap"],"picked":"Crow Ritual","floor":31},{"not_picked":["ReplayTheSpireMod:Brewmster","Sadistic Nature"],"picked":"Secret Weapon","floor":31},{"not_picked":["MarkedMod:NorthStar","Blasphemy"],"picked":"Wish","floor":33},{"not_picked":["Consecrate","PathToVictory+1","SandsOfTime+1"],"picked":"SKIP","floor":35},{"not_picked":["ClearTheMind+1","Replay:Battleflow","MarkedMod:Acupuncture"],"picked":"SKIP","floor":36}],"player_experience":135942,"relics_obtained":[{"floor":6,"key":"ReplayTheSpireMod:Lightbulb"},{"floor":8,"key":"Smiling Mask"},{"floor":9,"key":"MealTicket"},{"floor":10,"key":"Ice Cream"},{"floor":22,"key":"Red Mask"},{"floor":23,"key":"Orichalcum"},{"floor":25,"key":"ReplayFunnel"},{"floor":26,"key":"Bag of Marbles"},{"floor":27,"key":"Iron Hammer"}],"event_choices":[{"damage_healed":0,"gold_gain":0,"player_choice":"Slimed","damage_taken":11,"max_hp_gain":0,"max_hp_loss":0,"event_name":"betterThird:BetterGoop","floor":2,"gold_loss":30},{"damage_healed":0,"gold_gain":0,"player_choice":"Read","damage_taken":0,"max_hp_gain":0,"max_hp_loss":0,"event_name":"The Library","floor":21,"gold_loss":0,"cards_obtained":["ThirdEye"]},{"damage_healed":0,"gold_gain":0,"player_choice":"Fought Bandits","damage_taken":0,"max_hp_gain":0,"max_hp_loss":0,"event_name":"Masked Bandits","floor":22,"gold_loss":0},{"damage_healed":0,"gold_gain":0,"cards_transformed":["Replay:Battleflow"],"player_choice":"Transformed","damage_taken":0,"max_hp_gain":0,"max_hp_loss":0,"event_name":"Transmorgrifier","floor":38,"gold_loss":0,"cards_obtained":["MarkedMod:ChiBlock"]}],"is_beta":false,"boss_relics":[{"not_picked":["Snecko Eye","Replay:Ancient Bell"],"picked":"Runic Dome"},{"not_picked":["Tiny House","Fusion Hammer"],"picked":"Runic Pyramid"}],"items_purged_floors":[20,31],"is_endless":false,"potions_floor_spawned":[10,11,12,19,23,25,27],"killed_by":"Transient","ascension_level":9}}