{"host":"f0gpob8hq9vgebej","time":1608277038,"event":{"mods":["AchievementEnabler","BaseMod","Googly Eyes","Minty Spire (QoL Compilation)","Quick Restart","SuperFastMode"],"gold_per_floor":[119,129,148,162,179,179,197,217,217,47,47,79,79,49,49,153,153,166,186,201,201,32,32,60,78,78,78,88,100,112,122,122,226,226,239,256,268,279,279,279,279,279,279,296,296,330,399,414,414,414,414],"floor_reached":50,"playtime":1549,"items_purged":["Strike_G","Strike_G"],"score":803,"play_id":"34b4272b-7a2d-423e-b294-2f9760bcc56f","local_time":"20201218163718","is_ascension_mode":true,"campfire_choices":[{"data":"Poisoned Stab","floor":6.0,"key":"SMITH"},{"data":"After Image","floor":11.0,"key":"SMITH"},{"floor":15.0,"key":"REST"},{"data":"Accuracy","floor":23.0,"key":"SMITH"},{"floor":32.0,"key":"REST"},{"floor":40.0,"key":"REST"},{"floor":42.0,"key":"REST"},{"data":"Envenom","floor":45.0,"key":"SMITH"},{"floor":49,"key":"REST"}],"circlet_count":0,"master_deck":["AscendersBane","Strike_G","Strike_G","Strike_G","Defend_G","Defend_G","Defend_G","Defend_G","Survivor","Neutralize","Poisoned Stab+1","Acrobatics","After Image+1","Dagger Spray","Blade Dance","Prepared","Blade Dance","Adrenaline","Calculated Gamble+1","Outmaneuver+1","Accuracy+1","PiercingWail+1","Blade Dance+1","Cloak And Dagger+1","Envenom+1","Terror+1","PiercingWail+1","Footwork","Concentrate+1"],"relics":["Ring of the Snake","NeowsBlessing","Ornamental Fan","Question Card","Dream Catcher","Runic Pyramid","Blue Candle","Toxic Egg 2","Pocketwatch","Black Star","Bottled Lightning","Bird Faced Urn","Potion Belt","White Beast Statue"],"acts_visited":["Exordium","TheCity","TheBeyond"],"potions_floor_usage":[48,48],"damage_taken":[{"damage":0.0,"enemies":"2 Louse","floor":1.0,"turns":1.0},{"damage":0.0,"enemies":"Jaw Worm","floor":2.0,"turns":1.0},{"damage":0.0,"enemies":"Cultist","floor":3.0,"turns":1.0},{"damage":7.0,"enemies":"Blue Slaver","floor":4.0,"turns":4.0},{"damage":6.0,"enemies":"Red Slaver","floor":5.0,"turns":5.0},{"damage":14.0,"enemies":"2 Fungi Beasts","floor":7.0,"turns":5.0},{"damage":2.0,"enemies":"Looter","floor":8.0,"turns":4.0},{"damage":5.0,"enemies":"Gremlin Nob","floor":12.0,"turns":4.0},{"damage":20.0,"enemies":"The Guardian","floor":16.0,"turns":15.0},{"damage":0.0,"enemies":"Shell Parasite","floor":18.0,"turns":6.0},{"damage":0.0,"enemies":"3 Byrds","floor":19.0,"turns":5.0},{"damage":14.0,"enemies":"Cultist and Chosen","floor":20.0,"turns":8.0},{"damage":7.0,"enemies":"Slavers","floor":24.0,"turns":5.0},{"damage":12.0,"enemies":"Centurion and Healer","floor":25.0,"turns":6.0},{"damage":0.0,"enemies":"Chosen and Byrds","floor":28.0,"turns":6.0},{"damage":4.0,"enemies":"Cultist and Chosen","floor":29.0,"turns":5.0},{"damage":3.0,"enemies":"Sentry and Sphere","floor":30.0,"turns":3.0},{"damage":0.0,"enemies":"Snecko","floor":31.0,"turns":4.0},{"damage":26.0,"enemies":"Champ","floor":33.0,"turns":12.0},{"damage":2.0,"enemies":"3 Darklings","floor":35.0,"turns":4.0},{"damage":14.0,"enemies":"3 Shapes","floor":36.0,"turns":4.0},{"damage":24.0,"enemies":"Sphere and 2 Shapes","floor":37.0,"turns":7.0},{"damage":2.0,"enemies":"Jaw Worm Horde","floor":38.0,"turns":5.0},{"damage":0.0,"enemies":"Transient","floor":44.0,"turns":5.0},{"damage":47.0,"enemies":"Giant Head","floor":46.0,"turns":7.0},{"damage":10,"enemies":"Sphere and 2 Shapes","floor":48,"turns":10},{"damage":40,"enemies":"Donu and Deca","floor":50,"turns":5}],"seed_played":"-4735893471204828169","potions_obtained":[{"floor":3.0,"key":"DistilledChaos"},{"floor":7.0,"key":"CunningPotion"},{"floor":14.0,"key":"Poison Potion"},{"floor":14.0,"key":"GamblersBrew"},{"floor":16.0,"key":"DistilledChaos"},{"floor":24.0,"key":"Weak Potion"},{"floor":25.0,"key":"LiquidBronze"},{"floor":29.0,"key":"Energy Potion"},{"floor":33.0,"key":"SteroidPotion"},{"floor":36.0,"key":"GhostInAJar"},{"floor":48,"key":"Fruit Juice"}],"is_trial":false,"path_per_floor":["M","M","M","M","M","R","M","M","T","$","R","E","?","?","R","B",null,"M","M","M","?","$","R","E","M","T","?","M","M","M","M","R","B",null,"M","M","M","M","?","R","?","R","T","M","R","E","T","M","R","B"],"character_chosen":"THE_SILENT","items_purchased":["Blade Dance","Prepared","Accuracy"],"campfire_rested":5,"item_purchase_floors":[10,10,22],"current_hp_per_floor":[63,63,63,56,50,50,36,34,34,34,34,29,4,4,25,5,54,54,54,40,40,40,40,33,21,21,21,21,17,14,14,35,9,55,53,39,15,13,13,34,34,55,55,55,55,8,8,11,33,1,1],"gold":414,"neow_bonus":"THREE_ENEMY_KILL","is_daily":false,"chose_seed":false,"campfire_upgraded":4,"win_rate":0.0,"timestamp":1608277038,"path_taken":["M","M","M","M","M","R","M","M","T","$","R","E","?","?","R","BOSS","M","M","M","?","$","R","E","M","T","?","M","M","M","?","R","BOSS","M","M","M","M","?","R","?","R","T","M","R","E","?","M","R","BOSS"],"items_purchased_type":["Card","Card","Card"],"build_version":"2020-12-13","purchased_purges":2,"victory":false,"max_hp_per_floor":[70,70,70,70,70,70,70,70,70,70,70,70,70,70,70,70,70,70,70,70,70,70,70,70,70,70,70,70,70,70,70,70,70,70,70,70,70,70,70,70,70,70,70,70,70,70,70,75,75,75,75],"card_choices":[{"not_picked":["Sucker Punch","Distraction"],"picked":"Poisoned Stab","floor":1.0},{"not_picked":["Slice","Doppelganger"],"picked":"Dagger Throw","floor":2.0},{"not_picked":["Bouncing Flask","Noxious Fumes"],"picked":"Acrobatics","floor":3.0},{"not_picked":["Deadly Poison","Quick Slash","Dagger Throw"],"picked":"SKIP","floor":4.0},{"not_picked":["Concentrate","Poisoned Stab","Sucker Punch"],"picked":"SKIP","floor":5.0},{"not_picked":["Riddle With Holes","Dodge and Roll"],"picked":"After Image","floor":7.0},{"not_picked":["Deflect","Bane"],"picked":"Dagger Spray","floor":8.0},{"not_picked":["Prepared","Poisoned Stab","Eviscerate"],"picked":"SKIP","floor":12.0},{"not_picked":["PiercingWail","Prepared","Deflect"],"picked":"Blade Dance","floor":15.0},{"not_picked":["Tools of the Trade","Wraith Form v2","Bullet Time"],"picked":"Adrenaline","floor":16.0},{"not_picked":["Deadly Poison+1","Reflex","Dash"],"picked":"Calculated Gamble+1","floor":18.0},{"not_picked":["Blade Dance","Underhanded Strike","Well Laid Plans","Dagger Spray"],"picked":"SKIP","floor":19.0},{"not_picked":["Acrobatics","Flying Knee","Crippling Poison"],"picked":"Outmaneuver+1","floor":20.0},{"not_picked":["Escape Plan+1","Poisoned Stab","Leg Sweep+1"],"picked":"PiercingWail+1","floor":24.0},{"not_picked":["Prepared+1","Sucker Punch","Flying Knee+1","PiercingWail+1"],"picked":"SKIP","floor":25.0},{"not_picked":["Quick Slash","Dagger Spray","Predator"],"picked":"Blade Dance+1","floor":28.0},{"not_picked":["Acrobatics+1","Quick Slash","Noxious Fumes"],"picked":"Cloak And Dagger+1","floor":29.0},{"not_picked":["Reflex+1","Flying Knee","PiercingWail+1","Outmaneuver+1"],"picked":"SKIP","floor":30.0},{"not_picked":["Expertise+1","Sucker Punch","Doppelganger+1","Riddle With Holes"],"picked":"SKIP","floor":31.0},{"not_picked":["Tools of the Trade","Glass Knife","After Image"],"picked":"Envenom","floor":33.0},{"not_picked":["Sucker Punch","Eviscerate+1","Prepared+1"],"picked":"Terror+1","floor":35.0},{"not_picked":["Flechettes","Predator+1","Skewer+1","Infinite Blades+1"],"picked":"SKIP","floor":36.0},{"not_picked":["Predator","Eviscerate","Prepared+1","Caltrops"],"picked":"SKIP","floor":37.0},{"not_picked":["Outmaneuver+1","Blade Dance+1","Dodge and Roll+1"],"picked":"PiercingWail+1","floor":38.0},{"not_picked":["Escape Plan+1","Bane","Terror+1"],"picked":"Footwork","floor":42.0},{"not_picked":["Distraction+1","Slice+1","Underhanded Strike+1","Deflect+1"],"picked":"SKIP","floor":44.0},{"not_picked":["Malaise+1","Night Terror+1","Cloak And Dagger+1"],"picked":"Concentrate+1","floor":46.0},{"not_picked":["Well Laid Plans","Dagger Spray","Dagger Throw+1","Calculated Gamble+1"],"picked":"SKIP","floor":48}],"player_experience":177805,"relics_obtained":[{"floor":9.0,"key":"Ornamental Fan"},{"floor":12.0,"key":"Question Card"},{"floor":24.0,"key":"Toxic Egg 2"},{"floor":26.0,"key":"Pocketwatch"},{"floor":43.0,"key":"Bottled Lightning"},{"floor":46.0,"key":"Bird Faced Urn"},{"floor":46.0,"key":"Potion Belt"},{"floor":47.0,"key":"White Beast Statue"}],"event_choices":[{"damage_healed":0.0,"max_hp_gain":0.0,"max_hp_loss":0.0,"gold_gain":0.0,"event_name":"Scrap Ooze","player_choice":"Success","floor":13.0,"gold_loss":0.0,"damage_taken":25.0,"relics_obtained":["Dream Catcher"]},{"damage_healed":0.0,"max_hp_gain":0.0,"max_hp_loss":0.0,"gold_gain":0.0,"event_name":"The Woman in Blue","player_choice":"Bought 2 Potions","floor":14.0,"gold_loss":0.0,"damage_taken":0.0},{"damage_healed":0.0,"max_hp_gain":0.0,"max_hp_loss":0.0,"gold_gain":0.0,"event_name":"The Mausoleum","player_choice":"Opened","floor":21.0,"gold_loss":0.0,"damage_taken":0.0,"relics_obtained":["Blue Candle"]},{"cards_removed":["Defend_G"],"damage_healed":0.0,"max_hp_gain":0.0,"max_hp_loss":0.0,"gold_gain":0.0,"event_name":"Bonfire Elementals","player_choice":"Offered Basic","floor":27.0,"gold_loss":0.0,"damage_taken":0.0},{"cards_removed":["Dagger Throw"],"damage_healed":0.0,"max_hp_gain":0.0,"max_hp_loss":0.0,"gold_gain":0.0,"event_name":"Falling","player_choice":"Removed Attack","floor":39.0,"gold_loss":0.0,"damage_taken":0.0},{"damage_healed":0.0,"max_hp_gain":0.0,"max_hp_loss":0.0,"gold_gain":0.0,"event_name":"The Moai Head","player_choice":"Ignored","floor":41.0,"gold_loss":0.0,"damage_taken":0.0}],"is_beta":false,"boss_relics":[{"not_picked":["HoveringKite","Tiny House"],"picked":"Runic Pyramid"},{"not_picked":["Snecko Eye","Velvet Choker"],"picked":"Black Star"}],"items_purged_floors":[10,22],"is_endless":false,"potions_floor_spawned":[3,7,16,24,25,29,31,33,36,48],"killed_by":"Donu and Deca","ascension_level":12}}