{"host":"gc0hqzwg2gd3zszy","time":1608291771,"event":{"mods":["BaseMod","DeckTracker","Minty Spire (QoL Compilation)","Relic Stats","SuperFastMode"],"gold_per_floor":[116,132,51,51,51,51,77,91,116,134,145,145,158,158,158,252,252,271,290,305,328,243,243,262,187,214,227,227,227,245,145,145,238,238,254,254,254,254,267,267,303,319,319,334,348,379,404,422,422,422,422,422,422,24,67,67],"floor_reached":57,"playtime":2433,"items_purged":["Strike_P","Defend_P","Vigilance"],"score":2890,"play_id":"214df487-e8a9-4a23-ac13-4dbf0d488d93","local_time":"20201218204251","is_ascension_mode":true,"campfire_choices":[{"data":"Eruption","floor":6.0,"key":"SMITH"},{"data":"WheelKick","floor":15.0,"key":"SMITH"},{"floor":23.0,"key":"REST"},{"floor":29.0,"key":"REST"},{"floor":32.0,"key":"REST"},{"floor":40.0,"key":"RECALL"},{"floor":49.0,"key":"REST"},{"floor":53.0,"key":"REST"}],"circlet_count":0,"master_deck":["AscendersBane","Eruption+1","Vault","FearNoEvil+1","Adaptation","WheelKick+1","Prostrate+1","Halt","Adaptation"],"relics":["PureWater","Dream Catcher","Potion Belt","Golden Idol","Busted Crown","Question Card","Empty Cage","Ornamental Fan","Nunchaku","Darkstone Periapt","DollysMirror","Akabeko"],"acts_visited":["Exordium","TheCity","TheBeyond","TheEnding"],"potions_floor_usage":[56,56,56],"damage_taken":[{"damage":0.0,"enemies":"Cultist","floor":1.0,"turns":4.0},{"damage":0.0,"enemies":"Jaw Worm","floor":2.0,"turns":4.0},{"damage":6.0,"enemies":"3 Sentries","floor":7.0,"turns":8.0},{"damage":0.0,"enemies":"2 Louse","floor":8.0,"turns":3.0},{"damage":0.0,"enemies":"Blue Slaver","floor":10.0,"turns":2.0},{"damage":9.0,"enemies":"Looter","floor":11.0,"turns":3.0},{"damage":3.0,"enemies":"2 Fungi Beasts","floor":13.0,"turns":4.0},{"damage":13.0,"enemies":"Hexaghost","floor":16.0,"turns":9.0},{"damage":28.0,"enemies":"Shell Parasite","floor":18.0,"turns":5.0},{"damage":13.0,"enemies":"3 Byrds","floor":19.0,"turns":4.0},{"damage":0.0,"enemies":"Snake Plant","floor":20.0,"turns":3.0},{"damage":0.0,"enemies":"Snecko","floor":21.0,"turns":2.0},{"damage":0.0,"enemies":"Shelled Parasite and Fungi","floor":24.0,"turns":3.0},{"damage":16.0,"enemies":"Snake Plant","floor":27.0,"turns":3.0},{"damage":1.0,"enemies":"3 Cultists","floor":30.0,"turns":5.0},{"damage":11.0,"enemies":"Automaton","floor":33.0,"turns":5.0},{"damage":0.0,"enemies":"Orb Walker","floor":35.0,"turns":2.0},{"damage":14.0,"enemies":"3 Shapes","floor":39.0,"turns":4.0},{"damage":0.0,"enemies":"Nemesis","floor":41.0,"turns":2.0},{"damage":0.0,"enemies":"Spire Growth","floor":42.0,"turns":2.0},{"damage":0.0,"enemies":"Jaw Worm Horde","floor":44.0,"turns":2.0},{"damage":0.0,"enemies":"Maw","floor":45.0,"turns":2.0},{"damage":0.0,"enemies":"Reptomancer","floor":46.0,"turns":4.0},{"damage":21.0,"enemies":"Sphere and 2 Shapes","floor":47.0,"turns":3.0},{"damage":0.0,"enemies":"Spire Growth","floor":48.0,"turns":3.0},{"damage":0.0,"enemies":"Donu and Deca","floor":50.0,"turns":3.0},{"damage":23.0,"enemies":"Time Eater","floor":51.0,"turns":5.0},{"damage":0.0,"enemies":"Shield and Spear","floor":55.0,"turns":3.0},{"damage":48,"enemies":"The Heart","floor":56,"turns":8}],"seed_played":"-1115777057352885550","potions_obtained":[{"floor":2.0,"key":"ColorlessPotion"},{"floor":10.0,"key":"DistilledChaos"},{"floor":11.0,"key":"Weak Potion"},{"floor":13.0,"key":"BottledMiracle"},{"floor":18.0,"key":"Dexterity Potion"},{"floor":19.0,"key":"GamblersBrew"},{"floor":20.0,"key":"FearPotion"},{"floor":30.0,"key":"BottledMiracle"},{"floor":33.0,"key":"Weak Potion"},{"floor":42.0,"key":"PowerPotion"},{"floor":45.0,"key":"Weak Potion"}],"is_trial":false,"path_per_floor":["M","M","$","?","?","R","E","M","T","M","M","?","M","?","R","B",null,"M","M","M","M","?","R","M","$","T","M","?","R","M","$","R","B",null,"M","?","$","?","M","R","E","M","T","M","M","E","M","M","R","B","B",null,"R","$","E","B",null],"character_chosen":"WATCHER","items_purchased":["Adaptation","DollysMirror","Block Potion","Strength Potion"],"campfire_rested":5,"item_purchase_floors":[3,54,54,54],"current_hp_per_floor":[61,61,61,41,41,41,35,35,35,35,26,26,23,23,23,10,49,21,8,8,8,8,26,26,26,26,10,10,28,27,27,45,34,55,55,55,55,55,41,41,41,41,41,41,41,41,20,20,38,38,15,50,62,62,62,14],"gold":67,"neow_bonus":"TRANSFORM_CARD","is_daily":false,"chose_seed":false,"campfire_upgraded":2,"win_rate":0.0,"timestamp":1608291771,"path_taken":["M","M","$","?","?","R","E","M","T","?","M","?","M","?","R","BOSS","M","M","M","M","?","R","M","$","T","M","?","R","M","$","R","BOSS","M","?","$","?","M","R","E","M","T","?","M","E","M","M","R","BOSS","BOSS","R","$","E","BOSS"],"items_purchased_type":["Card","Relic","Potion","Potion"],"build_version":"2020-12-13","purchased_purges":3,"victory":true,"max_hp_per_floor":[68,68,68,68,68,68,68,68,68,68,68,62,62,62,62,62,62,62,62,62,62,62,62,62,62,62,62,62,62,62,62,62,62,62,62,62,62,62,62,62,62,62,62,62,62,62,62,62,62,62,62,62,62,62,62,62],"relic_stats":{"Darkstone Periapt":0,"Dream Catcher":5,"Nunchaku":[20],"Busted Crown":46,"counters":[29,110],"Golden Idol":171,"Ornamental Fan":[260],"Question Card":19,"obtain_stats":[{"Potion Belt":9,"Darkstone Periapt":46,"Dream Catcher":7,"Nunchaku":43,"Busted Crown":17,"Golden Idol":12,"Ornamental Fan":41,"DollysMirror":54,"PureWater":0,"Question Card":22,"Empty Cage":34,"Akabeko":55},{"Potion Belt":4,"Darkstone Periapt":23,"Dream Catcher":3,"Nunchaku":20,"Busted Crown":8,"Golden Idol":6,"Ornamental Fan":19,"DollysMirror":27,"PureWater":0,"Question Card":12,"Empty Cage":16,"Akabeko":28},{"Potion Belt":19,"Darkstone Periapt":85,"Dream Catcher":16,"Nunchaku":77,"Busted Crown":37,"Golden Idol":24,"Ornamental Fan":75,"DollysMirror":99,"PureWater":0,"Question Card":51,"Empty Cage":67,"Akabeko":102}]},"card_choices":[{"not_picked":["CrushJoints","Sanctity"],"picked":"FearNoEvil","floor":1.0},{"not_picked":["Pray","FlurryOfBlows","Wireheading"],"picked":"SKIP","floor":2.0},{"not_picked":["Sanctity","ThirdEye","EmptyFist"],"picked":"SKIP","floor":7.0},{"not_picked":["Devotion","ForeignInfluence","Protect"],"picked":"SKIP","floor":8.0},{"not_picked":["Prostrate","SashWhip","WreathOfFlame"],"picked":"SKIP","floor":10.0},{"not_picked":["SashWhip","Pray","Crescendo"],"picked":"SKIP","floor":11.0},{"not_picked":["JustLucky","Perseverance"],"picked":"WheelKick","floor":13.0},{"not_picked":["EmptyBody"],"picked":"SKIP","floor":18.0},{"not_picked":["FollowUp"],"picked":"SKIP","floor":19.0},{"not_picked":["Protect"],"picked":"SKIP","floor":20.0},{"not_picked":["FollowUp"],"picked":"SKIP","floor":21.0},{"not_picked":["SignatureMove","Consecrate"],"picked":"SKIP","floor":24.0},{"not_picked":["DeceiveReality","ClearTheMind"],"picked":"SKIP","floor":27.0},{"not_picked":["FollowUp+1","ClearTheMind"],"picked":"SKIP","floor":30.0},{"not_picked":["ClearTheMind+1","EmptyBody+1"],"picked":"SKIP","floor":35.0},{"not_picked":["FlurryOfBlows","EmptyBody"],"picked":"SKIP","floor":39.0},{"not_picked":["DeusExMachina","ThirdEye+1"],"picked":"SKIP","floor":41.0},{"not_picked":["WindmillStrike","ClearTheMind"],"picked":"SKIP","floor":42.0},{"not_picked":["Protect","EmptyMind"],"picked":"SKIP","floor":44.0},{"not_picked":["FollowUp","WheelKick+1"],"picked":"SKIP","floor":45.0},{"not_picked":["PathToVictory+1","Establishment"],"picked":"SKIP","floor":46.0},{"not_picked":["EmptyBody+1"],"picked":"Prostrate+1","floor":47.0},{"not_picked":["Crescendo","FollowUp+1"],"picked":"SKIP","floor":48.0},{"not_picked":["Ragnarok"],"picked":"Halt","floor":53.0},{"not_picked":["Indignation","CrushJoints"],"picked":"SKIP","floor":55.0}],"player_experience":1303930,"relics_obtained":[{"floor":7.0,"key":"Dream Catcher"},{"floor":9.0,"key":"Potion Belt"},{"floor":41.0,"key":"Ornamental Fan"},{"floor":43.0,"key":"Nunchaku"},{"floor":46.0,"key":"Darkstone Periapt"},{"floor":55.0,"key":"Akabeko"}],"event_choices":[{"damage_healed":0.0,"max_hp_gain":0.0,"max_hp_loss":0.0,"gold_gain":0.0,"event_name":"Shining Light","player_choice":"Entered Light","floor":4.0,"gold_loss":0.0,"damage_taken":20.0,"cards_upgraded":["FearNoEvil","Defend_P"]},{"cards_removed":["Defend_P"],"damage_healed":0.0,"max_hp_gain":0.0,"max_hp_loss":0.0,"gold_gain":0.0,"event_name":"Purifier","player_choice":"Purged","floor":5.0,"gold_loss":0.0,"damage_taken":0.0},{"damage_healed":0.0,"max_hp_gain":0.0,"max_hp_loss":6.0,"gold_gain":0.0,"event_name":"Golden Idol","player_choice":"Lose Max HP","floor":12.0,"gold_loss":0.0,"damage_taken":0.0,"relics_obtained":["Golden Idol"]},{"cards_removed":["Strike_P"],"damage_healed":0.0,"max_hp_gain":0.0,"max_hp_loss":0.0,"gold_gain":0.0,"event_name":"Living Wall","player_choice":"Forget","floor":14.0,"gold_loss":0.0,"damage_taken":0.0},{"damage_healed":0.0,"max_hp_gain":0.0,"max_hp_loss":0.0,"gold_gain":0.0,"event_name":"Addict","player_choice":"Obtained Relic","floor":22.0,"gold_loss":85.0,"damage_taken":0.0,"relics_obtained":["Question Card"]},{"damage_healed":0.0,"max_hp_gain":0.0,"max_hp_loss":0.0,"gold_gain":0.0,"event_name":"The Mausoleum","player_choice":"Ignored","floor":28.0,"gold_loss":0.0,"damage_taken":0.0},{"cards_removed":["Defend_P"],"damage_healed":0.0,"max_hp_gain":0.0,"max_hp_loss":0.0,"gold_gain":0.0,"event_name":"Falling","player_choice":"Removed Skill","floor":36.0,"gold_loss":0.0,"damage_taken":0.0},{"damage_healed":0.0,"max_hp_gain":0.0,"max_hp_loss":0.0,"gold_gain":0.0,"event_name":"Tomb of Lord Red Mask","player_choice":"Ignored","floor":38.0,"gold_loss":0.0,"damage_taken":0.0}],"is_beta":false,"boss_relics":[{"not_picked":["Tiny House","Cursed Key"],"picked":"Busted Crown"},{"not_picked":["Coffee Dripper","Runic Dome"],"picked":"Empty Cage"}],"items_purged_floors":[25,31,54],"is_endless":false,"potions_floor_spawned":[2,10,11,13,18,19,20,30,33,42,45,48],"ascension_level":20}}