{"host":"otf1z5955ddlv5pq","time":1608268224,"event":{"mods":["BaseMod","Beaked The Cultist","Better Altar","Better Match","Better Note","Better Sensory Stone","Better Skull","Better Third Choice","Colored Map","Colored Powertips","Downfall","Minty Spire (QoL Compilation)","Rare Cards Sparkle","Replay The Spire","StSLib"],"gold_per_floor":[119,132,57,57,57,57,57,92,145,163,180,180,180,197,197,302,302,317,217,231,106,122,122,122,122,195,225,75,75,87,116,116,215,215,232,57,71,71,89,89,102,102,149,166,196,212,229,263,263,263],"floor_reached":51,"playtime":6008,"items_purged":["Strike_G","Defend_G","Defend_G","Strike_G","Strike_G+1"],"score":809,"play_id":"a9d4095b-65d3-4ecf-a86a-ed7ccccbea61","local_time":"20201217211024","is_ascension_mode":true,"campfire_choices":[{"data":"Cloak And Dagger","floor":6.0,"key":"SMITH"},{"data":"Neutralize","floor":13.0,"key":"SMITH"},{"floor":15.0,"key":"REST"},{"data":"Defend_G","floor":23.0,"key":"SMITH"},{"data":"Defend_G","floor":25.0,"key":"SMITH"},{"data":"Strike_G","floor":29.0,"key":"SMITH"},{"floor":32,"key":"REST"},{"floor":40,"key":"REST"},{"data":"Dagger Spray","floor":42,"key":"SMITH"},{"floor":49,"key":"REST"}],"circlet_count":0,"master_deck":["Defend_G+1","Defend_G+1","Defend_G+1","Survivor+1","Neutralize+1","Cloak And Dagger+1","Backstab","CutThroughFate+1","Hidden Blade+1","Venomology+1","Dodge and Roll+1","Dodge and Roll+1","Blade Dance+1","ReplayTheSpireMod:Scrap Shanks","Dagger Spray+1","Replay:Bag of Tricks+1","Escape Plan+1","Prepared+1","Prepared+1","Dagger Throw+1","Backstab+1","Cloak And Dagger+1","Calculated Gamble+1"],"relics":["Ring of the Snake","NeowsBlessing","Pondfish Scales","Toxic Egg 2","Ancient Tea Set","WristBlade","Paper Crane","Blue Doll","FossilizedHelix","Empty Cage","Bronze Scales","Lantern","InkBottle","Letter Opener"],"acts_visited":["Exordium","TheCity","TheBeyond"],"potions_floor_usage":[31,31,31,31,31,33,41,44,44,44,45,47,48,48,48,50],"damage_taken":[{"damage":0.0,"enemies":"2 Louse","floor":1.0,"turns":1.0},{"damage":0.0,"enemies":"Small Slimes","floor":2.0,"turns":1.0},{"damage":0.0,"enemies":"Replay:BlueRogue","floor":8.0,"turns":1.0},{"damage":1.0,"enemies":"Jaw Worm","floor":10.0,"turns":2.0},{"damage":10.0,"enemies":"Gremlin Gang","floor":11.0,"turns":4.0},{"damage":0.0,"enemies":"Large Slime","floor":14.0,"turns":3.0},{"damage":55.0,"enemies":"Slime Boss","floor":16.0,"turns":15.0},{"damage":5.0,"enemies":"Shell Parasite","floor":18.0,"turns":5.0},{"damage":0.0,"enemies":"Chosen","floor":20.0,"turns":4.0},{"damage":0.0,"enemies":"Centurion and Healer","floor":22.0,"turns":8.0},{"damage":2.0,"enemies":"Slavers","floor":27.0,"turns":5.0},{"damage":0.0,"enemies":"Snake Plant","floor":30.0,"turns":2.0},{"damage":6,"enemies":"Gremlin Leader","floor":31,"turns":7},{"damage":68,"enemies":"Champ","floor":33,"turns":14},{"damage":0,"enemies":"Orb Walker","floor":35,"turns":3},{"damage":0,"enemies":"3 Shapes","floor":37,"turns":4},{"damage":0,"enemies":"Jaw Worm Horde","floor":39,"turns":4},{"damage":0,"enemies":"4 Shapes","floor":41,"turns":4},{"damage":0,"enemies":"3 Darklings","floor":44,"turns":2},{"damage":0,"enemies":"Giant Head","floor":45,"turns":5},{"damage":0,"enemies":"Transient","floor":46,"turns":5},{"damage":0,"enemies":"4 Shapes","floor":47,"turns":5},{"damage":0,"enemies":"beaked:SuperParasite","floor":48,"turns":3},{"damage":0,"enemies":"Replay:Hell Engine","floor":50,"turns":6}],"seed_played":"805690371927994005","potions_obtained":[{"floor":1.0,"key":"LiquidBronze"},{"floor":8.0,"key":"Fruit Juice"},{"floor":10.0,"key":"Swift Potion"},{"floor":16.0,"key":"ColorlessPotion"},{"floor":30.0,"key":"DuplicationPotion"},{"floor":31,"key":"BlessingOfTheForge"},{"floor":47,"key":"Strength Potion"},{"floor":48,"key":"SpeedPotion"}],"is_trial":false,"path_per_floor":["M","M","$","?","?","R","T","E","T","M","M","?","R","M","R","B",null,"M","$","M","$","M","R","?","R","T","E","$","R","M","E","R","B",null,"M","$","M","?","M","R","M","R","T","M","E","M","M","E","R","B",null],"character_chosen":"THE_SILENT","items_purchased":[],"campfire_rested":4,"item_purchase_floors":[],"current_hp_per_floor":[70,70,70,75,75,75,75,75,75,74,64,49,49,54,78,23,66,61,61,61,61,61,61,61,61,61,59,59,59,59,53,77,9,62,62,62,62,44,44,68,68,68,68,68,68,68,68,68,80,80],"gold":263,"neow_bonus":"THREE_ENEMY_KILL","is_daily":false,"chose_seed":false,"campfire_upgraded":6,"win_rate":0.0,"timestamp":1608268224,"path_taken":["M","M","$","?","?","R","?","E","T","M","?","?","R","M","R","BOSS","M","$","M","$","M","R","?","R","T","E","?","R","?","E","R","BOSS","M","$","M","?","M","R","?","R","T","M","E","M","M","E","R","BOSS"],"items_purchased_type":[],"build_version":"2020-12-13","purchased_purges":5,"victory":true,"max_hp_per_floor":[70,70,70,75,75,75,75,75,75,75,75,75,75,80,80,80,80,80,80,80,80,80,80,80,80,80,80,80,80,80,80,80,80,80,80,80,80,80,80,80,80,80,80,80,80,80,80,80,80,80],"card_choices":[{"not_picked":["Skewer","Blade Dance"],"picked":"Cloak And Dagger","floor":1.0},{"not_picked":["Backflip","Poisoned Stab"],"picked":"Backstab","floor":2.0},{"not_picked":["Sneak Up+1","Dash"],"picked":"Hidden Blade+1","floor":8.0},{"not_picked":["Acrobatics+1","Flying Knee","Footwork"],"picked":"SKIP","floor":10.0},{"not_picked":["Sucker Punch","Deadly Poison+1","Poisoned Stab"],"picked":"SKIP","floor":11.0},{"not_picked":["Underhanded Strike","Well Laid Plans","Draining Mist+1"],"picked":"SKIP","floor":14.0},{"not_picked":["Atom Bomb","Night Terror+1"],"picked":"Venomology+1","floor":16.0},{"not_picked":["Prepared+1","Quick Slash"],"picked":"Dodge and Roll+1","floor":18.0},{"not_picked":["Deflect+1","Masterful Stab+1"],"picked":"Dodge and Roll+1","floor":20.0},{"not_picked":["Poisoned Stab+1","Quick Slash+1"],"picked":"Blade Dance+1","floor":22.0},{"not_picked":["Toxin Wave+1","Deadly Poison+1","Underhanded Strike"],"picked":"SKIP","floor":27.0},{"not_picked":["Unload","Flying Knee"],"picked":"ReplayTheSpireMod:Scrap Shanks","floor":30.0},{"not_picked":["Concentrate+1","Flechettes"],"picked":"Dagger Spray","floor":31},{"not_picked":["Poison Darts+1","ReplayTheSpireMod:Necrosis+1"],"picked":"Replay:Bag of Tricks+1","floor":33},{"not_picked":["Blade Dance+1","PiercingWail+1"],"picked":"Escape Plan+1","floor":35},{"not_picked":["Sucker Punch","Skewer+1"],"picked":"Prepared+1","floor":37},{"not_picked":["Outmaneuver+1","Poisoned Stab+1"],"picked":"Prepared+1","floor":39},{"not_picked":["Quick Slash+1","Bane","Flying Knee+1"],"picked":"SKIP","floor":41},{"not_picked":["Blur+1","Quick Slash+1"],"picked":"Dagger Throw+1","floor":44},{"not_picked":["Corpse Explosion+1","Sucker Punch+1"],"picked":"Backstab+1","floor":45},{"not_picked":["Heel Hook","Quick Slash","Prepared+1"],"picked":"SKIP","floor":46},{"not_picked":["Dodge and Roll+1","Poisoned Stab"],"picked":"Cloak And Dagger+1","floor":47},{"not_picked":["PiercingWail+1","Catalyst+1"],"picked":"Calculated Gamble+1","floor":48}],"player_experience":922397,"relics_obtained":[{"floor":7.0,"key":"Pondfish Scales"},{"floor":8.0,"key":"Toxic Egg 2"},{"floor":9.0,"key":"Ancient Tea Set"},{"floor":26.0,"key":"Paper Crane"},{"floor":27.0,"key":"Blue Doll"},{"floor":31,"key":"FossilizedHelix"},{"floor":43,"key":"Lantern"},{"floor":45,"key":"InkBottle"},{"floor":48,"key":"Letter Opener"}],"event_choices":[{"damage_healed":0.0,"max_hp_gain":5.0,"max_hp_loss":0.0,"gold_gain":0.0,"event_name":"Big Fish","player_choice":"Donut","floor":4.0,"gold_loss":0.0,"damage_taken":0.0},{"damage_healed":0.0,"max_hp_gain":0.0,"max_hp_loss":0.0,"gold_gain":1.0,"event_name":"betterStone:BetterStone","player_choice":"4","floor":5.0,"gold_loss":0.0,"damage_taken":0.0,"cards_obtained":["CutThroughFate"]},{"damage_healed":64.0,"max_hp_gain":0.0,"max_hp_loss":75.0,"gold_gain":0.0,"event_name":"betterThird:BetterShining","player_choice":"Upgrade","floor":12.0,"gold_loss":0.0,"damage_taken":15.0,"cards_upgraded":["Defend_G","Survivor"]},{"damage_healed":0.0,"max_hp_gain":0.0,"max_hp_loss":0.0,"gold_gain":0.0,"event_name":"The Mausoleum","player_choice":"Ignored","floor":24.0,"gold_loss":0.0,"damage_taken":0.0},{"damage_healed":0,"gold_gain":0,"player_choice":"RE ","damage_taken":20,"relics_obtained":["Bronze Scales"],"max_hp_gain":0,"max_hp_loss":0,"event_name":"betterSkull:BetterSkull","floor":38,"gold_loss":0,"cards_upgraded":[]}],"is_beta":false,"boss_relics":[{"not_picked":["Coffee Dripper","Pandora\u0027s Box"],"picked":"WristBlade"},{"not_picked":["Cursed Key","Velvet Choker"],"picked":"Empty Cage"}],"items_purged_floors":[3,19,21,28,36],"is_endless":false,"potions_floor_spawned":[1,8,10,16,22,27,30,31,41,47,48],"ascension_level":5}}