{"host":"p4v0hquynnreu717","time":1608310668,"event":{"mods":["BaseMod","Better Vampires","DeckTracker","Googly Eyes","Minty Spire (QoL Compilation)","Quick Restart","StSLib","SuperFastMode"],"gold_per_floor":[116,41,41,41,116,145,145,158,205,205,233,233,133,145,145,145,145],"floor_reached":16,"playtime":213,"items_purged":["Strike_G","Pain"],"score":229,"play_id":"fd6a1ef8-9e15-43b1-8cbb-59118ffa625d","local_time":"20201219005748","is_ascension_mode":true,"campfire_choices":[{"data":"Neutralize","floor":7.0,"key":"SMITH"},{"data":"Crippling Poison","floor":10.0,"key":"SMITH"},{"data":"Burst","floor":15,"key":"SMITH"}],"circlet_count":0,"master_deck":["AscendersBane","Strike_G","Strike_G","Strike_G","Strike_G","Defend_G","Defend_G","Defend_G","Defend_G","Survivor","Neutralize+1","Crippling Poison+1","Poisoned Stab","Grand Finale","Burst+1"],"relics":["Ring of the Snake","NeowsBlessing","Bag of Marbles","Ancient Tea Set","PreservedInsect","WarpedTongs"],"acts_visited":["Exordium"],"potions_floor_usage":[16],"damage_taken":[{"damage":0.0,"enemies":"2 Louse","floor":1.0,"turns":1.0},{"damage":0.0,"enemies":"Gremlin Nob","floor":6.0,"turns":1.0},{"damage":0.0,"enemies":"Jaw Worm","floor":8.0,"turns":1.0},{"damage":14.0,"enemies":"3 Sentries","floor":11.0,"turns":6.0},{"damage":10,"enemies":"Small Slimes","floor":14,"turns":2},{"damage":1,"enemies":"Slime Boss","floor":16,"turns":9}],"seed_played":"-7499388991462301386","potions_obtained":[{"floor":1.0,"key":"Block Potion"},{"floor":14,"key":"GhostInAJar"}],"is_trial":false,"path_per_floor":["M","$","?","?","?","E","R","M","T","R","E","?","$","M","R","B"],"character_chosen":"THE_SILENT","items_purchased":[],"campfire_rested":0,"item_purchase_floors":[],"current_hp_per_floor":[59,59,59,64,53,53,53,53,53,53,39,39,39,29,29,28,28],"gold":145,"neow_bonus":"THREE_ENEMY_KILL","is_daily":false,"chose_seed":false,"campfire_upgraded":3,"win_rate":0.0,"timestamp":1608310668,"path_taken":["M","$","?","?","?","E","R","M","T","R","E","?","$","?","R","BOSS"],"items_purchased_type":[],"build_version":"2020-12-13","purchased_purges":2,"victory":false,"max_hp_per_floor":[66,66,66,71,71,71,71,71,71,71,71,71,71,71,71,71,71],"card_choices":[{"not_picked":["Flechettes","Distraction"],"picked":"Crippling Poison","floor":1.0},{"not_picked":["Slice","Calculated Gamble"],"picked":"Grand Finale","floor":6.0},{"not_picked":["Underhanded Strike","Slice","Flying Knee"],"picked":"SKIP","floor":8.0},{"not_picked":["Catalyst","PiercingWail"],"picked":"Burst","floor":11.0},{"not_picked":["Underhanded Strike","Cloak And Dagger","Quick Slash"],"picked":"SKIP","floor":14}],"player_experience":742734,"relics_obtained":[{"floor":6.0,"key":"Bag of Marbles"},{"floor":9.0,"key":"Ancient Tea Set"},{"floor":11.0,"key":"PreservedInsect"}],"event_choices":[{"damage_healed":0.0,"max_hp_gain":0.0,"max_hp_loss":0.0,"gold_gain":0.0,"cards_transformed":["Defend_G"],"event_name":"Living Wall","player_choice":"Change","floor":3.0,"gold_loss":0.0,"damage_taken":0.0,"cards_obtained":["Poisoned Stab"]},{"damage_healed":0.0,"max_hp_gain":5.0,"max_hp_loss":0.0,"gold_gain":0.0,"event_name":"Big Fish","player_choice":"Donut","floor":4.0,"gold_loss":0.0,"damage_taken":0.0},{"damage_healed":0.0,"max_hp_gain":0.0,"max_hp_loss":0.0,"gold_gain":75.0,"event_name":"World of Goop","player_choice":"Gather Gold","floor":5.0,"gold_loss":0.0,"damage_taken":11.0},{"damage_healed":0,"gold_gain":0,"player_choice":"Rummage","damage_taken":0,"relics_obtained":["WarpedTongs"],"max_hp_gain":0,"max_hp_loss":0,"event_name":"Accursed Blacksmith","floor":12,"gold_loss":0,"cards_obtained":["Pain"]}],"is_beta":false,"boss_relics":[],"items_purged_floors":[2,13],"is_endless":false,"potions_floor_spawned":[1,14],"killed_by":"Slime Boss","ascension_level":15}}