{"host":"y89x8uui45kcjy42","time":1608274309,"event":{"mods":["2.2 Compatiblity","BaseMod","CapriCore","Colored Map","Colored Powertips","Custom Start","Friendly Minions","Highlight Path","Keyboard Shortcuts","Minty Spire (QoL Compilation)","Relic Stats","Slay the Relics Exporter","StSLib","SuperFastMode","Waifu the Spire"],"gold_per_floor":[111,111,111,36,51,85,85,108,108,108,121,164,164,203,203,292,292,307,42,42,42,57,57,97,97,151,131,145,170,206,206,206],"floor_reached":31,"playtime":663,"items_purged":["Strike_G","Strike_G"],"score":682,"play_id":"912fdd1a-500a-4bdf-bbc5-5767591d06f8","local_time":"20201218155149","is_ascension_mode":true,"campfire_choices":[{"data":"Tools of the Trade","floor":7,"key":"SMITH"},{"data":"All Out Attack","floor":10,"key":"SMITH"},{"data":"Dagger Spray","floor":13,"key":"SMITH"},{"data":"Bouncing Flask","floor":15,"key":"SMITH"},{"data":"Neutralize","floor":23,"key":"SMITH"}],"circlet_count":0,"master_deck":["AscendersBane","Strike_G","Strike_G","Defend_G","Defend_G","Defend_G","Defend_G","Defend_G","Survivor","Neutralize+1","Dagger Spray+1","Tools of the Trade+1","All Out Attack+1","Dagger Throw","Bouncing Flask+1","Unload","Backflip+1"],"relics":["Ring of the Snake","NeowsBlessing","Golden Idol","Tingsha","Letter Opener","Snake Skull","Bird Faced Urn","Busted Crown","TwistedFunnel","Ninja Scroll","Centennial Puzzle","Shuriken"],"acts_visited":["Exordium","TheCity"],"potions_floor_usage":[12,12,14],"damage_taken":[{"damage":0,"enemies":"Cultist","floor":1,"turns":1},{"damage":0,"enemies":"Small Slimes","floor":5,"turns":1},{"damage":0,"enemies":"3 Sentries","floor":6,"turns":2},{"damage":0,"enemies":"Jaw Worm","floor":8,"turns":4},{"damage":0,"enemies":"Lots of Slimes","floor":11,"turns":1},{"damage":20,"enemies":"Lagavulin","floor":12,"turns":4},{"damage":0,"enemies":"Gremlin Nob","floor":14,"turns":3},{"damage":37,"enemies":"The Guardian","floor":16,"turns":8},{"damage":10,"enemies":"Shell Parasite","floor":18,"turns":3},{"damage":0,"enemies":"3 Byrds","floor":22,"turns":3},{"damage":33,"enemies":"Slavers","floor":24,"turns":3},{"damage":4,"enemies":"Centurion and Healer","floor":28,"turns":3},{"damage":0,"enemies":"Snake Plant","floor":29,"turns":2},{"damage":3,"enemies":"Book of Stabbing","floor":30,"turns":4},{"damage":21,"enemies":"Shelled Parasite and Fungi","floor":31,"turns":1}],"seed_played":"-6793703298278353806","potions_obtained":[{"floor":5,"key":"AttackPotion"},{"floor":6,"key":"AttackPotion"},{"floor":11,"key":"DistilledChaos"},{"floor":12,"key":"SkillPotion"},{"floor":16,"key":"FearPotion"},{"floor":22,"key":"GamblersBrew"},{"floor":30,"key":"Energy Potion"}],"is_trial":false,"path_per_floor":["M","?","?","$","M","E","R","M","T","R","M","E","R","E","R","B",null,"M","$","?","?","M","R","E","$","T","?","M","M","E","M"],"character_chosen":"THE_SILENT","items_purchased":["TwistedFunnel"],"campfire_rested":0,"item_purchase_floors":[19],"current_hp_per_floor":[59,59,59,59,59,59,59,59,59,59,59,39,39,39,39,4,46,38,38,38,38,40,40,9,9,9,9,7,7,6,0,0],"gold":206,"neow_bonus":"THREE_ENEMY_KILL","is_daily":false,"chose_seed":false,"campfire_upgraded":5,"win_rate":0.0,"timestamp":1608274309,"path_taken":["M","?","?","?","?","E","R","M","T","R","M","E","R","E","R","BOSS","M","$","?","?","M","R","E","$","T","?","?","M","E","M"],"items_purchased_type":["Relic"],"build_version":"2020-12-13","purchased_purges":2,"victory":false,"max_hp_per_floor":[66,60,60,60,60,60,60,60,60,60,60,60,60,60,60,60,60,60,60,60,60,60,60,60,60,60,60,60,60,60,60,60],"relic_stats":{"Centennial Puzzle":[6],"Busted Crown":12,"counters":[15,43],"Golden Idol":82,"Shuriken":[1],"Bird Faced Urn":[12],"Tingsha":[158],"Snake Skull":[48],"Letter Opener":[25],"obtain_stats":[{"TwistedFunnel":19,"Centennial Puzzle":26,"Busted Crown":17,"NeowsBlessing":0,"Golden Idol":2,"Ninja Scroll":24,"Shuriken":30,"Bird Faced Urn":14,"Tingsha":6,"Snake Skull":12,"Letter Opener":9,"Ring of the Snake":0},{"TwistedFunnel":9,"Centennial Puzzle":11,"Busted Crown":8,"NeowsBlessing":0,"Golden Idol":1,"Ninja Scroll":11,"Shuriken":14,"Bird Faced Urn":7,"Tingsha":3,"Snake Skull":6,"Letter Opener":4,"Ring of the Snake":0},{"TwistedFunnel":27,"Centennial Puzzle":33,"Busted Crown":24,"NeowsBlessing":0,"Golden Idol":1,"Ninja Scroll":33,"Shuriken":42,"Bird Faced Urn":16,"Tingsha":4,"Snake Skull":13,"Letter Opener":8,"Ring of the Snake":0}],"Ring of the Snake":[30]},"card_choices":[{"not_picked":["Outmaneuver","Leg Sweep"],"picked":"Dagger Spray","floor":1},{"not_picked":["Slice","Bane","PiercingWail"],"picked":"SKIP","floor":5},{"not_picked":["Backstab","Concentrate"],"picked":"Tools of the Trade","floor":6},{"not_picked":["Finisher","Distraction"],"picked":"All Out Attack","floor":8},{"not_picked":["Deadly Poison","Backflip"],"picked":"Dagger Throw","floor":11},{"not_picked":["Deadly Poison","Outmaneuver"],"picked":"Bouncing Flask","floor":12},{"not_picked":["Flying Knee","All Out Attack","Distraction"],"picked":"SKIP","floor":14},{"not_picked":["Venomology","A Thousand Cuts"],"picked":"Unload","floor":16},{"not_picked":["Accuracy"],"picked":"SKIP","floor":18},{"not_picked":["PiercingWail"],"picked":"SKIP","floor":22},{"not_picked":["Cloak And Dagger"],"picked":"SKIP","floor":24},{"not_picked":["Expertise"],"picked":"SKIP","floor":28},{"not_picked":[],"picked":"Backflip+1","floor":29},{"not_picked":["Dodge and Roll"],"picked":"SKIP","floor":30}],"player_experience":503020,"relics_obtained":[{"floor":6,"key":"Tingsha"},{"floor":9,"key":"Letter Opener"},{"floor":12,"key":"Snake Skull"},{"floor":14,"key":"Bird Faced Urn"},{"floor":24,"key":"Ninja Scroll"},{"floor":26,"key":"Centennial Puzzle"},{"floor":30,"key":"Shuriken"}],"event_choices":[{"damage_healed":0,"gold_gain":0,"player_choice":"Lose Max HP","damage_taken":0,"relics_obtained":["Golden Idol"],"max_hp_gain":0,"max_hp_loss":6,"event_name":"Golden Idol","floor":2,"gold_loss":0},{"cards_removed":["Strike_G"],"damage_healed":0,"gold_gain":0,"player_choice":"Forget","damage_taken":0,"max_hp_gain":0,"max_hp_loss":0,"event_name":"Living Wall","floor":3,"gold_loss":0},{"damage_healed":0,"gold_gain":0,"player_choice":"Ignored","damage_taken":0,"max_hp_gain":0,"max_hp_loss":0,"event_name":"Vampires","floor":21,"gold_loss":0},{"damage_healed":0,"gold_gain":0,"player_choice":"Bought 1 Potion","damage_taken":0,"max_hp_gain":0,"max_hp_loss":0,"event_name":"The Woman in Blue","floor":27,"gold_loss":0}],"is_beta":false,"boss_relics":[{"not_picked":["Philosopher\u0027s Stone","Velvet Choker"],"picked":"Busted Crown"}],"items_purged_floors":[4,19],"is_endless":false,"potions_floor_spawned":[5,6,11,12,16,22,30],"killed_by":"Shelled Parasite and Fungi","ascension_level":20}}