{"host":"m1ntkrf87179kmo6","time":1608330059,"event":{"mods":["BaseMod","Better Third Choice","Minty Spire (QoL Compilation)","Shade Mod","StSLib"],"gold_per_floor":[117,129,129,154,178,178,128,128,152,193,193,15,36,55,55,179,242,255,170,15,40,40,40,80,80,80,101,101,152,166,191,191,191,191],"floor_reached":33,"playtime":2505,"items_purged":[],"score":292,"play_id":"68ddca27-ccf9-4eda-92d1-2eb75228957e","local_time":"20201218172059","is_ascension_mode":false,"campfire_choices":[{"floor":6,"key":"RECALL"},{"floor":11,"key":"REST"},{"data":"Shade:ExtraLimbs","floor":15,"key":"SMITH"},{"data":"Shade:GreyBargain","floor":23,"key":"SMITH"},{"floor":25,"key":"REST"},{"floor":28,"key":"REST"},{"floor":32,"key":"REST"}],"circlet_count":0,"master_deck":["Shade:Strike_Shade","Shade:Strike_Shade","Shade:Strike_Shade","Shade:Strike_Shade","Shade:Defend_Shade+1","Shade:Defend_Shade","Shade:Defend_Shade","Shade:Defend_Shade","Shade:AnimateDead","Shade:CarefulCut","Shade:SensePrey","Injury","Shade:ScuttlingHand","Shade:SoulToxin","Shade:SensePrey","Shade:ExtraLimbs+1","Shade:ClawBack","Shade:ExtraLimbs","Shade:FuneraryJewels","Shade:GreyBargain+1","Shade:ClawBack","Shade:AncientSpear+1"],"relics":["Shade:YorickSkull","Golden Idol","Pantograph","Dream Catcher","Turnip","Ancient Tea Set","Tiny House","Happy Flower","Tiny Chest","Lantern","Bag of Marbles"],"acts_visited":["Exordium","TheCity"],"potions_floor_usage":[10,16,21,21,31,33],"damage_taken":[{"damage":0,"enemies":"2 Louse","floor":1,"turns":2},{"damage":0,"enemies":"Jaw Worm","floor":2,"turns":3},{"damage":0,"enemies":"Cultist","floor":4,"turns":4},{"damage":0,"enemies":"2 Fungi Beasts","floor":5,"turns":3},{"damage":31,"enemies":"Lagavulin","floor":10,"turns":7},{"damage":2,"enemies":"Red Slaver","floor":13,"turns":3},{"damage":0,"enemies":"Blue Slaver","floor":14,"turns":2},{"damage":55,"enemies":"The Guardian","floor":16,"turns":11},{"damage":0,"enemies":"Spheric Guardian","floor":18,"turns":3},{"damage":7,"enemies":"3 Byrds","floor":21,"turns":3},{"damage":13,"enemies":"Slavers","floor":24,"turns":5},{"damage":32,"enemies":"Cultist and Chosen","floor":27,"turns":7},{"damage":16,"enemies":"Shelled Parasite and Fungi","floor":30,"turns":4},{"damage":4,"enemies":"Snake Plant","floor":31,"turns":2},{"damage":99,"enemies":"Collector","floor":33,"turns":10}],"seed_played":"-7380011322420764311","potions_obtained":[{"floor":5,"key":"AttackPotion"},{"floor":10,"key":"Swift Potion"},{"floor":14,"key":"EssenceOfSteel"},{"floor":16,"key":"Fire Potion"},{"floor":17,"key":"Explosive Potion"},{"floor":27,"key":"SteroidPotion"}],"is_trial":false,"path_per_floor":["M","M","?","M","M","R","?","T","T","E","R","$","M","M","R","B",null,"M","?","$","M","$","R","E","R","T","M","R","T","M","M","R","B"],"character_chosen":"SHADE","items_purchased":["Ancient Tea Set","Shade:ClawBack","Tiny Chest"],"campfire_rested":4,"item_purchase_floors":[12,12,20],"current_hp_per_floor":[77,77,77,77,77,77,77,77,77,46,69,69,67,67,67,22,82,82,82,82,75,75,75,62,82,82,50,74,74,58,54,78,0,0],"gold":191,"neow_bonus":"TWENTY_PERCENT_HP_BONUS","is_daily":false,"chose_seed":false,"campfire_upgraded":2,"win_rate":0.0,"timestamp":1608330059,"path_taken":["M","M","?","M","M","R","?","?","T","E","R","$","M","M","R","BOSS","M","?","$","M","$","R","E","R","T","M","R","?","?","M","R","BOSS"],"items_purchased_type":["Relic","Card","Relic"],"build_version":"2020-12-13","purchased_purges":0,"victory":false,"max_hp_per_floor":[77,77,77,77,77,77,77,77,77,77,77,77,77,77,77,77,82,82,82,82,82,82,82,82,82,82,82,82,82,82,82,82,82,82],"card_choices":[{"not_picked":["Shade:FeralStrike","Shade:Asphyxiate","Shade:CoffinDance"],"picked":"SKIP","floor":1},{"not_picked":["Shade:CommandSoldier","Shade:FreshBones"],"picked":"Shade:SensePrey","floor":2},{"not_picked":["Shade:Trample","Shade:FleshToFlesh"],"picked":"Shade:ScuttlingHand","floor":4},{"not_picked":["Shade:FeralStrike","Shade:BoneShards"],"picked":"Shade:SoulToxin","floor":5},{"not_picked":["Shade:CloudOfShrapnel","Shade:FleshOffering"],"picked":"Shade:SensePrey","floor":10},{"not_picked":["Shade:AncientSpear","Shade:SpontaneousRitual"],"picked":"Shade:ExtraLimbs","floor":11},{"not_picked":["Shade:FuneraryArmor","Shade:GraveStillness"],"picked":"Shade:ExtraLimbs","floor":13},{"not_picked":["Shade:SkeletonHug","Shade:PoundOfFlesh"],"picked":"Shade:FuneraryJewels","floor":14},{"not_picked":["Shade:ExtraLimbs","Shade:SensePrey"],"picked":"Shade:GreyBargain","floor":18},{"not_picked":["Shade:GraveStillness","Shade:Premonition"],"picked":"Shade:ClawBack","floor":21},{"not_picked":["Shade:CallWraith","Shade:FleshOffering+1","Shade:Haruspicy"],"picked":"SKIP","floor":24},{"not_picked":["Shade:CommandSoldier","Shade:Premonition+1"],"picked":"Shade:AncientSpear+1","floor":27},{"not_picked":["Shade:Frenzy","Shade:OneIsEnough","Shade:Trample"],"picked":"SKIP","floor":30},{"not_picked":["Shade:Doomsay","Shade:SpontaneousRitual","Shade:Premonition"],"picked":"SKIP","floor":31}],"player_experience":1039208,"relics_obtained":[{"floor":8,"key":"Pantograph"},{"floor":9,"key":"Dream Catcher"},{"floor":10,"key":"Turnip"},{"floor":24,"key":"Lantern"},{"floor":29,"key":"Bag of Marbles"}],"event_choices":[{"damage_healed":0,"gold_gain":0,"player_choice":"Take Wound","damage_taken":0,"relics_obtained":["Golden Idol"],"max_hp_gain":0,"max_hp_loss":0,"event_name":"Golden Idol","floor":3,"gold_loss":0,"cards_obtained":["Injury"]},{"cards_removed":["Normality"],"damage_healed":0,"gold_gain":0,"player_choice":"Card Removal","damage_taken":0,"max_hp_gain":0,"max_hp_loss":0,"event_name":"The Cleric","floor":7,"gold_loss":50},{"damage_healed":0,"gold_gain":0,"player_choice":"Obtained Relic","damage_taken":0,"relics_obtained":["Happy Flower"],"max_hp_gain":0,"max_hp_loss":0,"event_name":"Addict","floor":19,"gold_loss":85}],"is_beta":false,"boss_relics":[{"not_picked":["SacredBark","Cursed Key"],"picked":"Tiny House"}],"items_purged_floors":[],"is_endless":false,"potions_floor_spawned":[5,10,14,16,18,27],"killed_by":"Collector","ascension_level":0}}