{"host":"5u4m3sklrpw6xc20","time":1608253465,"event":{"mods":["2.2 Compatiblity","BaseMod","Better Third Choice","CapriCore","Colored Map","Downfall","Hubris","Infinite Spire","Minty Spire (QoL Compilation)","Permanent Neow","Replay The Spire","Spicy Shops","StSLib","SuperFastMode"],"gold_per_floor":[117,117,117,136,136,136,149,149,196,196,8,8,37,95,95,195,195,195,195,195,135,135,135,135,135,135,135,135,135,60,60,60,60,60],"floor_reached":33,"playtime":796,"items_purged":["Strike_B"],"score":261,"play_id":"f72de5ab-875c-4590-b587-578d265ecb3a","local_time":"20201217190425","is_ascension_mode":false,"campfire_choices":[{"data":"Dualcast","floor":6,"key":"SMITH"},{"floor":8,"key":"RECALL"},{"data":"Defend_B","floor":10,"key":"SMITH"},{"data":"Crystallizer","floor":12,"key":"SMITH"},{"data":"Ball Lightning","floor":15,"key":"SMITH"},{"data":"Creative AI","floor":23,"key":"SMITH"},{"data":"infinitespire:Collect","floor":25,"key":"SMITH"},{"data":"Storm","floor":32,"key":"SMITH"}],"circlet_count":0,"master_deck":["Strike_B","Strike_B","Strike_B","Defend_B+1","Defend_B","Defend_B","Defend_B","Zap+1","Dualcast+1","hexamod:Defend","Strike_P","Crystallizer+1","Ball Lightning+1","Creative AI+1","Defragment+1","infinitespire:Collect+1","Storm+1"],"relics":["Cracked Core","hubris:CuriousFeather","hubris:Towel","infinitespire:Freezer","Mirror","infinitespire:CheckeredPen","Ectoplasm","hubris:Icosahedron","hubris:GlazedTorus","SsserpentHead"],"acts_visited":["Exordium","TheCity"],"potions_floor_usage":[],"damage_taken":[{"damage":1,"enemies":"Jaw Worm","floor":1,"turns":3},{"damage":7,"enemies":"Small Slimes","floor":4,"turns":3},{"damage":0,"enemies":"Cultist","floor":7,"turns":3},{"damage":11,"enemies":"Lagavulin","floor":13,"turns":5},{"damage":0,"enemies":"Gremlin Nob","floor":14,"turns":3},{"damage":27,"enemies":"Hexaghost","floor":16,"turns":8},{"damage":11,"enemies":"3 Byrds","floor":18,"turns":4},{"damage":11,"enemies":"2 Thieves","floor":21,"turns":3},{"damage":6,"enemies":"Replay:Snechameleon","floor":24,"turns":5},{"damage":17,"enemies":"Snake Plant","floor":27,"turns":3},{"damage":2,"enemies":"Centurion and Healer","floor":28,"turns":4},{"damage":15,"enemies":"Cultist and Chosen","floor":29,"turns":4},{"damage":31,"enemies":"Automaton","floor":33,"turns":6}],"seed_played":"3136268258145728794","potions_obtained":[{"floor":1,"key":"SneckoOil"},{"floor":14,"key":"Dexterity Potion"},{"floor":24,"key":"Dexterity Potion"}],"is_trial":false,"path_per_floor":["M","?","?","M","?","R","M","R","T","R","$","R","E","?","R","B",null,"M","AVR","?","M","?","R","E","R","T","M","M","M","$","?","R","B"],"character_chosen":"DEFECT","items_purchased":["Crystallizer","Ball Lightning","Storm"],"campfire_rested":0,"item_purchase_floors":[11,11,30],"current_hp_per_floor":[74,74,74,67,67,67,67,67,67,67,67,67,56,56,56,29,75,64,64,64,53,53,53,47,47,47,30,28,13,13,13,13,0,0],"gold":60,"neow_bonus":"ONE_RARE_RELIC","is_daily":false,"chose_seed":false,"campfire_upgraded":7,"win_rate":0.0,"timestamp":1608253465,"path_taken":["M","?","?","?","?","R","?","R","T","R","?","R","E","?","R","BOSS","M","AVR","?","M","?","R","E","R","T","M","M","M","?","?","R","BOSS"],"items_purchased_type":["Card","Card","Card"],"build_version":"2020-12-13","purchased_purges":1,"victory":false,"max_hp_per_floor":[75,75,75,75,75,75,75,75,75,75,75,75,75,75,75,75,75,75,75,75,75,75,75,75,75,75,75,75,75,75,75,75,75,75],"card_choices":[{"not_picked":["Stack","ReplayTheSpireMod:Repulse","Steam"],"picked":"SKIP","floor":1},{"not_picked":["ReplayTheSpireMod:Repulse","Conserve Battery","Compile Driver"],"picked":"SKIP","floor":4},{"not_picked":["Auto Shields","Glacier","Rip and Tear"],"picked":"SKIP","floor":7},{"not_picked":["Stack","Streamline","Beam Cell"],"picked":"SKIP","floor":13},{"not_picked":["Machine Learning","Seek"],"picked":"Creative AI","floor":16},{"not_picked":["Melter","Conserve Battery"],"picked":"Defragment+1","floor":18},{"not_picked":["Rebound","Recycle+1","Sweeping Beam"],"picked":"SKIP","floor":21},{"not_picked":["Leap","Rebound","Steam Power"],"picked":"SKIP","floor":24},{"not_picked":["Coolheaded","Tempest","Barrage"],"picked":"SKIP","floor":27},{"not_picked":["Sunder","ReplayTheSpireMod:Repulse","ReplayTheSpireMod:Calculation Training"],"picked":"SKIP","floor":28},{"not_picked":["BootSequence","Sweeping Beam","ReplayGash"],"picked":"SKIP","floor":29}],"player_experience":221646,"relics_obtained":[{"floor":9,"key":"infinitespire:Freezer"},{"floor":13,"key":"Mirror"},{"floor":24,"key":"hubris:GlazedTorus"}],"event_choices":[{"damage_healed":0,"gold_gain":0,"player_choice":"Bought 0 Potions","damage_taken":0,"max_hp_gain":0,"max_hp_loss":0,"event_name":"The Woman in Blue","floor":3,"gold_loss":0},{"damage_healed":0,"gold_gain":0,"player_choice":"Forge","damage_taken":0,"max_hp_gain":0,"max_hp_loss":0,"event_name":"Accursed Blacksmith","floor":5,"gold_loss":0,"cards_upgraded":["Zap"]},{"damage_healed":0,"gold_gain":30,"player_choice":"Searched \u00273\u0027 times","damage_taken":0,"relics_obtained":["infinitespire:CheckeredPen"],"max_hp_gain":0,"max_hp_loss":0,"event_name":"Dead Adventurer","floor":14,"gold_loss":0},{"damage_healed":0,"gold_gain":0,"player_choice":"Trade","damage_taken":0,"relics_obtained":["SsserpentHead"],"max_hp_gain":0,"max_hp_loss":0,"event_name":"FaceTrader","floor":31,"gold_loss":0}],"is_beta":false,"boss_relics":[{"not_picked":["Velvet Choker","Abe\u0027s Treasure"],"picked":"Ectoplasm"}],"items_purged_floors":[19],"is_endless":false,"potions_floor_spawned":[1,14,24],"killed_by":"Automaton","ascension_level":0}}