{"host":"55yei7x27djrlaep","time":1608303812,"event":{"mods":["Act Like it!","Aspiration","BaseMod","Better Third Choice","BetterRewards","Colored Map","Downfall","Friendly Minions","GifTheSpireLib","Hubris","Minty Spire (QoL Compilation)","Replay The Spire","StSLib","Stuff the Spire","The Servant 0.9.4"],"gold_per_floor":[113,63,82,82,82,82,161,233,312,312,339,339,410,433,433,578,578,643,702,238,302,402,478,478,553,553,568,568,568,602,660,660,790,790,801,801,829,849,869,945,1009,1035,1062,1125,1125,1125,1158,1158,1158,1203,1203,1203,832,905,905,905],"floor_reached":55,"playtime":4423,"items_purged":["Strike_S","TrueSight+1"],"score":1412,"play_id":"984f75e5-8a0b-4a2f-90bd-46d608831511","local_time":"20201218180332","is_ascension_mode":true,"campfire_choices":[{"data":"BottledTime","floor":6,"key":"SMITH"},{"data":"Concentrate","floor":10,"key":"SMITH"},{"data":"Terror","floor":12,"key":"SMITH"},{"data":"SurpressingFire","floor":15,"key":"SMITH"},{"data":"Advance","floor":24,"key":"SMITH"},{"data":"Replace","floor":32,"key":"SMITH"},{"floor":45,"key":"RECALL"},{"floor":49,"key":"DIG"},{"data":"Rearm","floor":52,"key":"SMITH"}],"circlet_count":0,"master_deck":["Defend_S","Exchange","Dilation","BottledTime+1","Terror+1","Concentrate+1","ShatteredReality","SurpressingFire+1","Misdirection","Potential+1","expansioncontent:Chronoboost+1","Advance+1","Replace+1","Sunlight","DualDimension","Rearm+1","Starlight+1","BestPractice+1","Dilation","BottledTime+1","ReturningBlade+1","Rearm+1","SpecialFormula","BottledTime","Starlight+1","Potential","Luminosity+1","Defy","Crow Ritual+1","ReplayTheSpireMod:Private Reserves"],"relics":["Uniform","hubris:Spice","Bag of Marbles","Sling","Omamori","ReplayTheSpireMod:Ring of Challenge","Ring of Searing","HornCleat","Pantograph","aspiration:Lifesprig","StuffTheSpire:GrapeVine","Replay:Drink Me","StuffTheSpire:DarkSteelAnvil","OldScarf","Frozen Egg 2","Astrolabe","Replay:Kaleidoscope","Replay:Accelerometer","StuffTheSpire:EmeraldSignet","MealTicket","Prayer Wheel","Anchor","hubris:Icosahedron"],"acts_visited":["Exordium","TheCity","TheBeyond","TheEnding"],"potions_floor_usage":[7,31,33,50,55],"damage_taken":[{"damage":3,"enemies":"Small Slimes","floor":1,"turns":3},{"damage":0,"enemies":"2 Louse","floor":3,"turns":2},{"damage":20,"enemies":"3 Sentries","floor":7,"turns":5},{"damage":0,"enemies":"Lagavulin","floor":13,"turns":2},{"damage":20,"enemies":"Fading Forest","floor":16,"turns":11},{"damage":2,"enemies":"Chosen","floor":18,"turns":2},{"damage":13,"enemies":"3 Byrds","floor":19,"turns":4},{"damage":2,"enemies":"Cultist and Chosen","floor":21,"turns":3},{"damage":0,"enemies":"Book of Stabbing","floor":23,"turns":2},{"damage":0,"enemies":"Replay:Snechameleon","floor":25,"turns":2},{"damage":6,"enemies":"Chosen and Byrds","floor":27,"turns":2},{"damage":2,"enemies":"Gremlin Leader","floor":30,"turns":2},{"damage":3,"enemies":"Centurion and Healer","floor":31,"turns":2},{"damage":2,"enemies":"Collector","floor":33,"turns":3},{"damage":0,"enemies":"Orb Walker","floor":35,"turns":1},{"damage":3,"enemies":"3 Shapes","floor":37,"turns":1},{"damage":0,"enemies":"3 Darklings","floor":38,"turns":3},{"damage":0,"enemies":"Maw","floor":39,"turns":3},{"damage":0,"enemies":"Giant Head","floor":40,"turns":3},{"damage":5,"enemies":"4 Shapes","floor":41,"turns":2},{"damage":0,"enemies":"Nemesis","floor":42,"turns":1},{"damage":2,"enemies":"Sphere and 2 Shapes","floor":44,"turns":3},{"damage":4,"enemies":"R_Hoarder","floor":47,"turns":3},{"damage":7,"enemies":"Donu and Deca","floor":50,"turns":4},{"damage":0,"enemies":"Shield and Spear","floor":54,"turns":2},{"damage":53,"enemies":"The Heart","floor":55,"turns":3}],"seed_played":"-1490755764318976923","potions_obtained":[{"floor":3,"key":"SkillPotion"},{"floor":25,"key":"Death Potion"},{"floor":29,"key":"Fire Potion"},{"floor":29,"key":"EssenceOfSteel"},{"floor":29,"key":"SpeedPotion"},{"floor":30,"key":"Guardian:BlockOnCardUsePotion"},{"floor":31,"key":"Explosive Potion"},{"floor":39,"key":"Block Potion"}],"is_trial":false,"path_per_floor":["M","?","M","?","?","R","E","?","T","R","T","R","E","T","R","B",null,"M","M","$","M","?","E","R","E","T","M","?","?","E","M","R","B",null,"M","?","M","M","M","E","M","E","T","M","R","?","E","?","R_BF","B",null,"R","$","E","B"],"character_chosen":"THE_SERVANT","items_purchased":["Dilation","Bag of Marbles","Sling","Omamori","StuffTheSpire:DarkSteelAnvil","expansioncontent:Chronoboost","Advance","Crow Ritual+1","ReplayTheSpireMod:Private Reserves"],"campfire_rested":0,"item_purchase_floors":[0,0,0,0,20,20,20,53,53],"current_hp_per_floor":[39,39,39,39,39,39,19,19,19,19,19,19,19,19,19,34,55,61,48,48,46,46,46,46,46,39,33,33,33,31,28,28,37,39,39,39,36,36,39,39,39,39,39,37,37,37,35,35,35,32,39,39,39,39,0,0],"gold":905,"neow_bonus":"","is_daily":false,"chose_seed":false,"campfire_upgraded":7,"win_rate":0.0,"timestamp":1608303812,"path_taken":["M","?","M","?","?","R","E","?","T","R","?","R","E","?","R","BOSS","M","M","$","M","?","E","R","E","T","?","?","?","E","M","R","BOSS","M","?","M","?","M","E","M","E","T","M","R","?","E","?","R_BF","BOSS","R","$","E","BOSS"],"items_purchased_type":["Card","Relic","Relic","Relic","Relic","Card","Card","Card","Card"],"build_version":"2020-12-13","purchased_purges":2,"victory":false,"max_hp_per_floor":[73,73,73,73,73,73,73,73,73,73,73,73,73,73,73,73,55,63,63,63,63,63,55,55,47,39,39,39,39,39,39,39,39,39,39,39,39,39,39,39,39,39,39,39,39,39,39,39,39,39,39,39,39,39,39,39],"card_choices":[{"not_picked":["Alleviate","Defy"],"picked":"Starlight","floor":1},{"not_picked":["Rewind","Alleviate"],"picked":"BottledTime","floor":3},{"not_picked":["BottledTime","Starlight"],"picked":"ShatteredReality","floor":7},{"not_picked":["Deadline","Revamp"],"picked":"SurpressingFire","floor":13},{"not_picked":["KillingDoll","Solidify"],"picked":"MurderousAura","floor":16},{"not_picked":["Defy","DoubleEdge"],"picked":"Misdirection","floor":18},{"not_picked":["hubris:SpiceAddiction","SilverBlades"],"picked":"Potential+1","floor":19},{"not_picked":["Ricochet","ShatteredReality"],"picked":"Replace","floor":21},{"not_picked":["MoonPhase","Potential"],"picked":"Sunlight","floor":23},{"not_picked":["SurpressingFire+1","Gouge","Replace"],"picked":"SKIP","floor":25},{"not_picked":["FastForward","Starlight"],"picked":"DualDimension","floor":27},{"not_picked":["WasteNot+1","Ricochet"],"picked":"Starlight+1","floor":30},{"not_picked":["hubris:SpiceAddiction","DoubleEdge"],"picked":"BestPractice+1","floor":31},{"not_picked":["hubris:SpiceAddiction","Solidify"],"picked":"Dilation","floor":33},{"not_picked":["Revamp+1","Potential"],"picked":"Rearm+1","floor":35},{"not_picked":["Alleviate+1","Shuttle","Revamp+1"],"picked":"SKIP","floor":37},{"not_picked":["Moondial","Desolation+1"],"picked":"SpecialFormula","floor":38},{"not_picked":["FanOfKnives","Moondial"],"picked":"BottledTime","floor":39},{"not_picked":["TimeTheft","Read+1"],"picked":"Starlight+1","floor":40},{"not_picked":["Revamp+1","Manipulate","Rewind+1"],"picked":"SKIP","floor":41},{"not_picked":["Defy","Rewind+1"],"picked":"Potential","floor":42},{"not_picked":["Sabotage+1","Collapse"],"picked":"Luminosity+1","floor":44},{"not_picked":["Deny","hubris:SpiceAddiction"],"picked":"Defy","floor":47},{"not_picked":["Ricochet+1","Spin+1","Collapse"],"picked":"SKIP","floor":54}],"player_experience":346459,"relics_obtained":[{"floor":5,"key":"ReplayTheSpireMod:Ring of Challenge"},{"floor":5,"key":"Ring of Searing"},{"floor":7,"key":"HornCleat"},{"floor":9,"key":"Pantograph"},{"floor":13,"key":"aspiration:Lifesprig"},{"floor":14,"key":"StuffTheSpire:GrapeVine"},{"floor":18,"key":"hubris:Spice"},{"floor":23,"key":"OldScarf"},{"floor":23,"key":"hubris:Spice"},{"floor":25,"key":"hubris:Spice"},{"floor":26,"key":"hubris:Spice"},{"floor":30,"key":"Frozen Egg 2"},{"floor":37,"key":"Replay:Kaleidoscope"},{"floor":40,"key":"Replay:Accelerometer"},{"floor":42,"key":"StuffTheSpire:EmeraldSignet"},{"floor":43,"key":"MealTicket"},{"floor":47,"key":"Anchor"}],"event_choices":[{"cards_removed":["Strike_S"],"damage_healed":0,"gold_gain":0,"player_choice":"Card Removal","damage_taken":0,"max_hp_gain":0,"max_hp_loss":0,"event_name":"The Cleric","floor":2,"gold_loss":50},{"damage_healed":0,"gold_gain":72,"player_choice":"Gained Gold","damage_taken":0,"max_hp_gain":0,"max_hp_loss":0,"event_name":"Golden Wing","floor":8,"gold_loss":0},{"damage_healed":0,"gold_gain":100,"player_choice":"Pray","damage_taken":0,"max_hp_gain":0,"max_hp_loss":0,"event_name":"Golden Shrine","floor":22,"gold_loss":0},{"damage_healed":0,"gold_gain":0,"player_choice":"Read","damage_taken":0,"max_hp_gain":0,"max_hp_loss":0,"event_name":"The Library","floor":28,"gold_loss":0,"cards_obtained":["Rearm"]},{"damage_healed":0,"gold_gain":0,"player_choice":"Got Potions","damage_taken":0,"max_hp_gain":0,"max_hp_loss":0,"event_name":"Lab","floor":29,"gold_loss":0},{"damage_healed":0,"gold_gain":0,"player_choice":"Forge","damage_taken":0,"max_hp_gain":0,"max_hp_loss":0,"event_name":"Accursed Blacksmith","floor":36,"gold_loss":0,"cards_upgraded":["expansioncontent:Chronoboost"]}],"is_beta":false,"boss_relics":[{"not_picked":["StuffTheSpire:ModemDavis","hubris:Stopwatch"],"picked":"Replay:Drink Me"},{"not_picked":["hubris:Spice","hubris:Spice"],"picked":"Astrolabe"}],"items_purged_floors":[0,53],"is_endless":false,"potions_floor_spawned":[3,25,30,31,39,40,47],"killed_by":"The Heart","ascension_level":1}}