{"host":"avjwtc49fhlk6kym","time":1608313812,"event":{"mods":["AchievementEnabler","BaseMod","Better Match","Better Note","Better Third Choice","Colored Map","Colored Powertips","Displayed Cursed Tome","Highlight Path","Minty Spire (QoL Compilation)","Permanent Neow","Quick Restart","StSLib"],"gold_per_floor":[118,133,133,149,99,99,124,124,124,136,161,178,178,188,188,292,592,610,610,0,17,30,30,58,73,155,186,101,101,101,118,118,214,214,227,148,0,13,13,13,45,45,115,128,142,152,162,71,71,71,71],"floor_reached":50,"playtime":2509,"items_purged":["Defend_P"],"score":604,"play_id":"9e338a6d-2ee7-4c91-93c7-9ba225931f43","local_time":"20201218125012","is_ascension_mode":true,"campfire_choices":[{"data":"Eruption","floor":6.0,"key":"SMITH"},{"data":"Mind Blast","floor":8.0,"key":"SMITH"},{"floor":13.0,"key":"REST"},{"data":"Wallop","floor":15.0,"key":"SMITH"},{"floor":23.0,"key":"REST"},{"floor":29.0,"key":"REST"},{"floor":32.0,"key":"REST"},{"data":"BattleHymn","floor":40,"key":"SMITH"},{"floor":42,"key":"REST"},{"data":"Wireheading","floor":49,"key":"SMITH"}],"circlet_count":0,"master_deck":["Eruption+1","Vigilance","Mind Blast+1","BowlingBash","Wallop","Prostrate","LikeWater","FearNoEvil","Wallop+1","PathToVictory","ConjureBlade","LikeWater","ThirdEye","Adaptation+1","Consecrate","Wireheading+1","PathToVictory+1","BattleHymn+1","PathToVictory+1","Wallop+1","CrushJoints+1","LikeWater","FlurryOfBlows+1","Pray","ForeignInfluence+1","BowlingBash+1","Pray","FlurryOfBlows+1"],"relics":["PureWater","Omamori","Akabeko","Odd Mushroom","Calling Bell","Regal Pillow","TeardropLocket","Old Coin","Enchiridion","Pear","Bag of Marbles","HandDrill","Lantern","Molten Egg 2","Darkstone Periapt","Meat on the Bone","SacredBark","Red Mask","Ancient Tea Set","StrikeDummy"],"acts_visited":["Exordium","TheCity","TheBeyond"],"potions_floor_usage":[41,46,47],"damage_taken":[{"damage":3.0,"enemies":"Cultist","floor":1.0,"turns":4.0},{"damage":3.0,"enemies":"Small Slimes","floor":2.0,"turns":4.0},{"damage":0.0,"enemies":"2 Louse","floor":4.0,"turns":3.0},{"damage":0.0,"enemies":"Blue Slaver","floor":10.0,"turns":2.0},{"damage":15.0,"enemies":"The Mushroom Lair","floor":11.0,"turns":3.0},{"damage":0.0,"enemies":"Large Slime","floor":12.0,"turns":2.0},{"damage":7.0,"enemies":"2 Fungi Beasts","floor":14.0,"turns":2.0},{"damage":12.0,"enemies":"Slime Boss","floor":16.0,"turns":10.0},{"damage":17.0,"enemies":"Shell Parasite","floor":18.0,"turns":5.0},{"damage":7.0,"enemies":"3 Byrds","floor":21.0,"turns":5.0},{"damage":16.0,"enemies":"Snecko","floor":22.0,"turns":6.0},{"damage":39.0,"enemies":"Gremlin Leader","floor":24.0,"turns":6.0},{"damage":20.0,"enemies":"3 Cultists","floor":25.0,"turns":8.0},{"damage":5.0,"enemies":"Book of Stabbing","floor":27.0,"turns":5.0},{"damage":17.0,"enemies":"Centurion and Healer","floor":31.0,"turns":7.0},{"damage":20.0,"enemies":"Champ","floor":33.0,"turns":9.0},{"damage":20.0,"enemies":"Orb Walker","floor":35.0,"turns":5.0},{"damage":32.0,"enemies":"3 Darklings","floor":38.0,"turns":5.0},{"damage":29,"enemies":"Giant Head","floor":41,"turns":7},{"damage":37,"enemies":"Transient","floor":44,"turns":5},{"damage":6,"enemies":"4 Shapes","floor":45,"turns":6},{"damage":0,"enemies":"Maw","floor":46,"turns":4},{"damage":11,"enemies":"Jaw Worm Horde","floor":47,"turns":5},{"damage":61,"enemies":"Awakened One","floor":50,"turns":5}],"seed_played":"6664134302256373496","potions_obtained":[{"floor":1.0,"key":"SpeedPotion"},{"floor":4.0,"key":"Fire Potion"},{"floor":12.0,"key":"Fire Potion"},{"floor":16.0,"key":"Fruit Juice"},{"floor":18.0,"key":"SneckoOil"},{"floor":25.0,"key":"Weak Potion"},{"floor":27.0,"key":"Regen Potion"},{"floor":35.0,"key":"Energy Potion"},{"floor":45,"key":"SkillPotion"},{"floor":46,"key":"Weak Potion"}],"is_trial":false,"path_per_floor":["M","M","?","M","?","R","T","R","T","M","?","M","R","M","R","B",null,"M","?","$","M","M","R","E","M","T","E","?","R","?","M","R","B",null,"M","$","?","M","?","R","E","R","T","M","M","M","M","$","R","B"],"character_chosen":"WATCHER","items_purchased":["Pear","Bag of Marbles","HandDrill","Wallop+1","Pray","FlurryOfBlows+1"],"campfire_rested":5,"item_purchase_floors":[20,20,20,36,48,48],"current_hp_per_floor":[69,66,59,59,59,59,59,59,59,59,44,44,65,58,58,51,77,60,44,54,47,31,72,33,13,13,8,8,49,49,47,87,67,87,67,67,67,47,47,47,30,71,71,46,52,52,53,53,53,0,0],"gold":71,"neow_bonus":"RANDOM_COLORLESS","is_daily":false,"chose_seed":false,"campfire_upgraded":5,"win_rate":0.0,"timestamp":1608313812,"path_taken":["M","?","?","M","?","R","?","R","T","M","?","?","R","M","R","BOSS","M","?","$","M","M","R","E","M","T","E","?","R","?","M","R","BOSS","M","$","?","M","?","R","E","R","T","?","M","?","M","$","R","BOSS"],"items_purchased_type":["Relic","Relic","Relic","Card","Card","Card"],"build_version":"2020-12-13","purchased_purges":1,"victory":false,"max_hp_per_floor":[72,72,72,72,72,72,72,72,72,72,72,72,72,72,72,77,77,77,77,87,87,87,87,87,87,87,87,87,87,87,87,87,87,87,87,87,87,87,87,87,87,87,87,87,87,87,87,87,87,87,87],"card_choices":[{"not_picked":["Deep Breath","Discovery"],"picked":"Mind Blast","floor":0.0},{"not_picked":["Evaluate","Perseverance"],"picked":"BowlingBash","floor":1.0},{"not_picked":["ClearTheMind","Halt"],"picked":"Wallop","floor":2.0},{"not_picked":["Adaptation","SashWhip"],"picked":"Prostrate","floor":4.0},{"not_picked":["CrushJoints","Evaluate"],"picked":"LikeWater","floor":10.0},{"not_picked":["SashWhip","Pray"],"picked":"FearNoEvil","floor":11.0},{"not_picked":["CutThroughFate","Meditate"],"picked":"Wallop","floor":12.0},{"not_picked":["Ragnarok","FlyingSleeves"],"picked":"PathToVictory","floor":14.0},{"not_picked":["Alpha","Vault"],"picked":"ConjureBlade","floor":16.0},{"not_picked":["EmptyBody","Wireheading"],"picked":"LikeWater","floor":18.0},{"not_picked":["Crescendo","SashWhip"],"picked":"ThirdEye","floor":21.0},{"not_picked":["Evaluate","FearNoEvil"],"picked":"Adaptation+1","floor":22.0},{"not_picked":["Halt","Sanctity+1"],"picked":"Consecrate","floor":24.0},{"not_picked":["EmptyBody","Halt"],"picked":"Wireheading","floor":25.0},{"not_picked":["FearNoEvil+1","EmptyBody"],"picked":"PathToVictory+1","floor":27.0},{"not_picked":["FearNoEvil+1","Perseverance+1"],"picked":"BattleHymn","floor":31.0},{"not_picked":["CutThroughFate+1","ThirdEye+1"],"picked":"PathToVictory+1","floor":35.0},{"not_picked":["Evaluate+1","Halt"],"picked":"CrushJoints+1","floor":38.0},{"not_picked":["Evaluate+1","ThirdEye+1"],"picked":"FlurryOfBlows+1","floor":41},{"not_picked":["Crescendo+1","Adaptation+1"],"picked":"Pray","floor":44},{"not_picked":["FollowUp+1","SashWhip+1"],"picked":"ForeignInfluence+1","floor":45},{"not_picked":["InnerPeace","DeceiveReality+1","Crescendo"],"picked":"SKIP","floor":46},{"not_picked":["Sanctity","Crescendo+1"],"picked":"BowlingBash+1","floor":47}],"player_experience":510577,"relics_obtained":[{"floor":9.0,"key":"Akabeko"},{"floor":11.0,"key":"Odd Mushroom"},{"floor":17.0,"key":"Regal Pillow"},{"floor":17.0,"key":"TeardropLocket"},{"floor":17.0,"key":"Old Coin"},{"floor":24.0,"key":"Lantern"},{"floor":26.0,"key":"Molten Egg 2"},{"floor":27.0,"key":"Darkstone Periapt"},{"floor":41,"key":"Ancient Tea Set"},{"floor":43,"key":"StrikeDummy"}],"event_choices":[{"damage_healed":0.0,"max_hp_gain":0.0,"max_hp_loss":0.0,"gold_gain":0.0,"event_name":"betterThird:BetterScrap","player_choice":"Relic ","floor":3.0,"gold_loss":0.0,"damage_taken":7.0,"cards_obtained":["Reckless Charge"]},{"cards_removed":["Defend_P"],"damage_healed":0.0,"max_hp_gain":0.0,"max_hp_loss":0.0,"gold_gain":0.0,"event_name":"The Cleric","player_choice":"Card Removal","floor":5.0,"gold_loss":50.0,"damage_taken":0.0},{"damage_healed":0.0,"max_hp_gain":0.0,"max_hp_loss":0.0,"gold_gain":0.0,"event_name":"Mushrooms","player_choice":"Fought Mushrooms","floor":11.0,"gold_loss":0.0,"damage_taken":0.0},{"damage_healed":0.0,"max_hp_gain":0.0,"max_hp_loss":0.0,"gold_gain":0.0,"event_name":"Cursed Tome","player_choice":"Obtained Book","floor":19.0,"gold_loss":0.0,"damage_taken":16.0},{"damage_healed":0.0,"max_hp_gain":0.0,"max_hp_loss":0.0,"gold_gain":0.0,"event_name":"Addict","player_choice":"Obtained Relic","floor":28.0,"gold_loss":85.0,"damage_taken":0.0,"relics_obtained":["Meat on the Bone"]},{"damage_healed":0.0,"max_hp_gain":0.0,"max_hp_loss":6.0,"gold_gain":0.0,"event_name":"betterThird:BetterWriting","player_choice":"Materialism","floor":30.0,"gold_loss":0.0,"damage_taken":0.0},{"damage_healed":0.0,"max_hp_gain":0.0,"max_hp_loss":0.0,"gold_gain":0.0,"event_name":"Tomb of Lord Red Mask","player_choice":"Paid","floor":37.0,"gold_loss":148.0,"damage_taken":0.0,"relics_obtained":["Red Mask"]},{"damage_healed":0.0,"max_hp_gain":0.0,"max_hp_loss":0.0,"gold_gain":0.0,"event_name":"Duplicator","player_choice":"Copied","floor":39.0,"gold_loss":0.0,"damage_taken":0.0,"cards_obtained":["LikeWater"]}],"is_beta":false,"boss_relics":[{"not_picked":["Fusion Hammer","Runic Pyramid"],"picked":"Calling Bell"},{"not_picked":["Coffee Dripper","Velvet Choker"],"picked":"SacredBark"}],"items_purged_floors":[20],"is_endless":false,"potions_floor_spawned":[1,4,12,16,18,25,27,35,45,46],"killed_by":"Awakened One","ascension_level":2}}