{"host":"8dhn6p16jorj0i1s","time":1608330233,"event":{"mods":["BaseMod","Colored Map","DeckTracker","Minty Spire (QoL Compilation)","Permanent Neow","Quick Restart"],"gold_per_floor":[417,432,56,69,79,79,106,106,182,182,182,182],"floor_reached":11,"playtime":754,"items_purged":["Decay"],"score":88,"play_id":"5620d750-f7cf-4a6f-9fe7-f18d2c9dea33","local_time":"20201218232353","is_ascension_mode":true,"campfire_choices":[{"data":"Poisoned Stab","floor":6,"key":"SMITH"},{"data":"Envenom","floor":8,"key":"SMITH"},{"data":"Neutralize","floor":10,"key":"SMITH"}],"circlet_count":0,"master_deck":["Strike_G","Strike_G","Strike_G","Strike_G","Strike_G","Defend_G","Defend_G","Defend_G","Defend_G","Defend_G","Survivor","Neutralize+1","Poisoned Stab+1","Envenom+1","Deadly Poison","Caltrops"],"relics":["Ring of the Snake","Old Coin","Pocketwatch","Girya","Letter Opener"],"acts_visited":["Exordium"],"potions_floor_usage":[7,11],"damage_taken":[{"damage":7,"enemies":"Cultist","floor":1,"turns":5},{"damage":6,"enemies":"Jaw Worm","floor":2,"turns":3},{"damage":6,"enemies":"2 Louse","floor":4,"turns":4},{"damage":15,"enemies":"Large Slime","floor":5,"turns":7},{"damage":19,"enemies":"3 Sentries","floor":7,"turns":8},{"damage":13,"enemies":"Gremlin Nob","floor":11,"turns":3}],"seed_played":"948249564495616118","potions_obtained":[{"floor":4,"key":"DuplicationPotion"},{"floor":7,"key":"SteroidPotion"}],"is_trial":false,"path_per_floor":["M","M","$","M","M","R","E","R","T","R","E"],"character_chosen":"THE_SILENT","items_purchased":["Pocketwatch"],"campfire_rested":0,"item_purchase_floors":[3],"current_hp_per_floor":[63,57,57,51,36,36,17,17,17,17,4,4],"gold":182,"neow_bonus":"ONE_RARE_RELIC","is_daily":false,"chose_seed":false,"campfire_upgraded":3,"win_rate":0.0,"timestamp":1608330233,"path_taken":["M","M","$","M","M","R","E","R","T","R","E"],"items_purchased_type":["Relic"],"build_version":"2020-12-13","purchased_purges":1,"victory":false,"max_hp_per_floor":[70,70,70,70,70,70,70,70,70,70,70,70],"card_choices":[{"not_picked":["Blade Dance","Dagger Spray"],"picked":"Poisoned Stab","floor":1},{"not_picked":["Slice","Blade Dance"],"picked":"Envenom","floor":2},{"not_picked":["PiercingWail","Leg Sweep"],"picked":"Deadly Poison","floor":4},{"not_picked":["Dodge and Roll","Sucker Punch"],"picked":"Caltrops","floor":5},{"not_picked":["Prepared","Outmaneuver","Well Laid Plans"],"picked":"SKIP","floor":7}],"player_experience":305560,"relics_obtained":[{"floor":7,"key":"Girya"},{"floor":9,"key":"Letter Opener"}],"event_choices":[],"is_beta":false,"boss_relics":[],"items_purged_floors":[3],"is_endless":false,"potions_floor_spawned":[4,7],"killed_by":"Gremlin Nob","ascension_level":4}}