{"host":"2lo6hma6kymb0g9i","time":1608275647,"event":{"mods":["BaseMod","Colored Map","DeckTracker","Minty Spire (QoL Compilation)"],"gold_per_floor":[123,123,123,132,132,172,172,211,211,211,233,256,256,108,108,108,108],"floor_reached":16,"playtime":725,"items_purged":["Strike_G"],"score":180,"play_id":"e32f7fc2-2085-41ff-873e-2eea2d3f6af6","local_time":"20201218161407","is_ascension_mode":true,"campfire_choices":[{"data":"Corpse Explosion","floor":7,"key":"SMITH"},{"data":"Quick Slash","floor":10,"key":"SMITH"},{"data":"Backflip","floor":13,"key":"SMITH"},{"floor":15,"key":"REST"}],"circlet_count":0,"master_deck":["AscendersBane","Strike_G","Strike_G","Strike_G","Defend_G","Defend_G","Defend_G","Defend_G","Defend_G","Survivor","Neutralize+1","Quick Slash+1","Corpse Explosion+1","Outmaneuver","Underhanded Strike","Acrobatics","Backflip+1","Tactician"],"relics":["Ring of the Snake","CeramicFish","Potion Belt","Lantern","MealTicket"],"acts_visited":["Exordium"],"potions_floor_usage":[8,16,16],"damage_taken":[{"damage":6,"enemies":"Jaw Worm","floor":1,"turns":6},{"damage":20,"enemies":"3 Sentries","floor":6,"turns":4},{"damage":17,"enemies":"Gremlin Nob","floor":8,"turns":4},{"damage":0,"enemies":"2 Louse","floor":11,"turns":2},{"damage":0,"enemies":"Small Slimes","floor":12,"turns":3},{"damage":56,"enemies":"Slime Boss","floor":16,"turns":13}],"seed_played":"4711874036846755332","potions_obtained":[{"floor":1,"key":"LiquidMemories"},{"floor":8,"key":"AttackPotion"},{"floor":11,"key":"AttackPotion"}],"is_trial":false,"path_per_floor":["M","?","?","?","?","E","R","E","T","R","M","M","R","$","R","B"],"character_chosen":"THE_SILENT","items_purchased":["Tactician"],"campfire_rested":1,"item_purchase_floors":[14],"current_hp_per_floor":[53,53,58,58,58,38,38,21,21,21,21,21,21,36,57,1,1],"gold":108,"neow_bonus":"RANDOM_COMMON_RELIC","is_daily":false,"chose_seed":false,"campfire_upgraded":3,"win_rate":0.0,"timestamp":1608275647,"path_taken":["M","?","?","?","?","E","R","E","T","R","M","?","R","$","R","BOSS"],"items_purchased_type":["Card"],"build_version":"2020-12-13","purchased_purges":1,"victory":false,"max_hp_per_floor":[66,66,71,71,71,71,71,71,71,71,71,71,71,71,71,71,71],"card_choices":[{"not_picked":["Caltrops","Flechettes"],"picked":"Quick Slash","floor":1},{"not_picked":["Dodge and Roll","Calculated Gamble"],"picked":"Outmaneuver","floor":6},{"not_picked":["Bane","Dodge and Roll"],"picked":"Underhanded Strike","floor":8},{"not_picked":["Quick Slash","Slice"],"picked":"Acrobatics","floor":11},{"not_picked":["Bane","Quick Slash"],"picked":"Backflip","floor":12}],"player_experience":819942,"relics_obtained":[{"floor":6,"key":"Potion Belt"},{"floor":8,"key":"Lantern"},{"floor":9,"key":"MealTicket"}],"event_choices":[{"damage_healed":0,"gold_gain":0,"player_choice":"Fled","damage_taken":0,"max_hp_gain":0,"max_hp_loss":0,"event_name":"Scrap Ooze","floor":2,"gold_loss":0},{"damage_healed":0,"gold_gain":0,"player_choice":"Donut","damage_taken":0,"max_hp_gain":5,"max_hp_loss":0,"event_name":"Big Fish","floor":3,"gold_loss":0},{"damage_healed":0,"gold_gain":0,"cards_transformed":["Strike_G"],"player_choice":"Change","damage_taken":0,"max_hp_gain":0,"max_hp_loss":0,"event_name":"Living Wall","floor":4,"gold_loss":0,"cards_obtained":["Corpse Explosion"]},{"damage_healed":0,"gold_gain":0,"player_choice":"Forge","damage_taken":0,"max_hp_gain":0,"max_hp_loss":0,"event_name":"Accursed Blacksmith","floor":5,"gold_loss":0,"cards_upgraded":["Neutralize"]}],"is_beta":false,"boss_relics":[],"items_purged_floors":[14],"is_endless":false,"potions_floor_spawned":[1,8,11],"killed_by":"Slime Boss","ascension_level":14}}