{"host":"6z6y4ky8uzsz1dpj","time":1608296981,"event":{"mods":["2.2 Compatiblity","AchievementEnabler","BaseMod","BetterRewards","Challenge The Spire","Colored Map","Hubris","Minty Spire (QoL Compilation)","Quick Restart","Replay The Spire","StSLib"],"gold_per_floor":[111,111,111,111,111,139,139],"floor_reached":6,"playtime":173,"items_purged":["Strike_G"],"score":57,"play_id":"2ba0172c-9b6e-488e-9192-1b7adac4dae8","local_time":"20201218080941","is_ascension_mode":true,"campfire_choices":[],"circlet_count":0,"master_deck":["Strike_G","Strike_G+1","Strike_G","Strike_G","Defend_G+1","Defend_G","Defend_G","Defend_G","Defend_G","Survivor","Neutralize","After Image+1","Deflect","Amnesia","Regret"],"relics":["Ring of the Snake","Replay:Kaleidoscope","Ring of Fury","Ring of Panic","Smiling Mask","hubris:AncientText"],"acts_visited":["Exordium"],"potions_floor_usage":[],"damage_taken":[{"damage":0,"enemies":"2 Louse","floor":1,"turns":4},{"damage":34,"enemies":"Lagavulin","floor":6,"turns":9}],"seed_played":"-5886351702988341763","potions_obtained":[{"floor":1,"key":"Weak Potion"}],"is_trial":false,"path_per_floor":["M","?","?","?","?","E"],"character_chosen":"THE_SILENT","items_purchased":["After Image"],"campfire_rested":0,"item_purchase_floors":[0],"current_hp_per_floor":[63,63,49,49,49,15,15],"gold":139,"neow_bonus":"","is_daily":false,"chose_seed":false,"campfire_upgraded":0,"win_rate":0.0,"timestamp":1608296981,"path_taken":["M","?","?","?","?","E"],"items_purchased_type":["Card"],"build_version":"2020-12-13","purchased_purges":1,"victory":false,"max_hp_per_floor":[70,70,70,70,70,70,70],"card_choices":[{"not_picked":["Leg Sweep","Reflex"],"picked":"Deflect","floor":1}],"player_experience":163572,"relics_obtained":[{"floor":4,"key":"Ring of Fury"},{"floor":4,"key":"Ring of Panic"},{"floor":6,"key":"hubris:AncientText"}],"event_choices":[{"damage_healed":0,"gold_gain":0,"player_choice":"Grow","damage_taken":0,"max_hp_gain":0,"max_hp_loss":0,"event_name":"Living Wall","floor":2,"gold_loss":0,"cards_upgraded":["After Image"]},{"damage_healed":0,"gold_gain":0,"player_choice":"Entered Light","damage_taken":14,"max_hp_gain":0,"max_hp_loss":0,"event_name":"Shining Light","floor":3,"gold_loss":0,"cards_upgraded":["Defend_G","Strike_G"]},{"damage_healed":0,"gold_gain":0,"player_choice":"Box","damage_taken":0,"relics_obtained":["Smiling Mask"],"max_hp_gain":0,"max_hp_loss":0,"event_name":"Big Fish","floor":5,"gold_loss":0,"cards_obtained":["Regret"]}],"is_beta":false,"boss_relics":[],"items_purged_floors":[0],"is_endless":false,"potions_floor_spawned":[1],"killed_by":"Lagavulin","ascension_level":7}}