{"host":"yuhibl5o0ay6idau","time":1608255733,"event":{"mods":["Aspiration","BaseMod","Better Altar","Better Match","Better Note","Better Sensory Stone","Better Skull","Better Third Choice","Colored Map","Colored Powertips","Conspire","Highlight Path","Minty Spire (QoL Compilation)","Quick Restart","Replay The Spire","StSLib","SuperFastMode"],"gold_per_floor":[144,256,301,346,391,391,481,481,506,608,690,936,33,123,123,448,448,518,118,188,258,357,472,542,542,542,167,217,217,317,462,462,817,817,917,1017,1117,821,921,921,921,921,621,621,646,196,196,271,376,126,126,186],"floor_reached":53,"playtime":5421,"items_purged":["Worship","JustLucky","Replay:ManipulateFuture"],"score":1092,"play_id":"a9d25e49-070d-44b4-a3d1-e898fb6f3789","local_time":"20201217174213","daily_mods":["Draft","Colorless Cards","Midas"],"is_ascension_mode":false,"campfire_choices":[{"floor":6,"key":"REST"},{"floor":8,"key":"REST"},{"floor":15,"key":"REST"},{"data":"1","floor":29,"key":"LIFT"},{"data":"2","floor":32,"key":"LIFT"},{"data":"3","floor":40,"key":"LIFT"},{"floor":44,"key":"REST"},{"floor":51,"key":"REST"}],"circlet_count":0,"master_deck":["Replay:Sssssssssshield+1","CrushJoints+1","Swivel","Dramatic Entrance","SashWhip","Wallop","Replay:ManipulateFuture+1","Protect","ThirdEye+1","Wallop+1","CutThroughFate","Evaluate","Wallop","conspire:Banana","Wish+1","Protect","DevaForm+1","Vault+1","Wallop","TalkToTheHand+1","Wish+1","LessonLearned+1","Ragnarok+1","Impatience+1","Deep Breath+1","ReachHeaven+1","Impatience","Survey Options"],"relics":["PureWater","ReplayFunnel","Dream Catcher","War Paint","aspiration:StickyExplosives_weak","MawBank","Calipers","Bag of Marbles","aspiration:HatOfInfinitePower","HandDrill","Golden Egg","Ornamental Fan","SlaversCollar","Girya","MealTicket","Sundial","Mummified Hand","Happy Flower","Fusion Hammer","Centennial Puzzle","Boot","TheAbacus","aspiration:ChemicalBlood","Guide Book","CloakClasp","Replay:Bottled Flurry"],"acts_visited":["Exordium","TheCity","TheBeyond"],"potions_floor_usage":[39,52,52],"damage_taken":[{"damage":0,"enemies":"Small Slimes","floor":1,"turns":2},{"damage":0,"enemies":"Cultist","floor":3,"turns":3},{"damage":0,"enemies":"2 Louse","floor":4,"turns":2},{"damage":0,"enemies":"Blue Slaver","floor":5,"turns":3},{"damage":8,"enemies":"Replay:BlueRogue","floor":7,"turns":4},{"damage":1,"enemies":"3 Sentries","floor":10,"turns":7},{"damage":9,"enemies":"Exordium Thugs","floor":11,"turns":6},{"damage":6,"enemies":"Gremlin Nob","floor":14,"turns":4},{"damage":0,"enemies":"Slime Boss","floor":16,"turns":11},{"damage":0,"enemies":"2 Thieves","floor":18,"turns":5},{"damage":2,"enemies":"3 Byrds","floor":20,"turns":7},{"damage":0,"enemies":"Snake Plant","floor":21,"turns":4},{"damage":0,"enemies":"conspire:SneckoGhost","floor":23,"turns":8},{"damage":0,"enemies":"Centurion and Healer","floor":24,"turns":7},{"damage":0,"enemies":"3 Cultists","floor":30,"turns":7},{"damage":0,"enemies":"Gremlin Leader","floor":31,"turns":8},{"damage":0,"enemies":"Automaton","floor":33,"turns":13},{"damage":0,"enemies":"Orb Walker","floor":35,"turns":5},{"damage":1,"enemies":"3 Darklings","floor":36,"turns":5},{"damage":0,"enemies":"Maw","floor":37,"turns":9},{"damage":8,"enemies":"Transient","floor":39,"turns":5},{"damage":0,"enemies":"4 Shapes","floor":48,"turns":3},{"damage":6,"enemies":"Writhing Mass","floor":49,"turns":6},{"damage":0,"enemies":"Awakened One","floor":52,"turns":27}],"seed_played":"4511563792049188764","potions_obtained":[{"floor":1,"key":"BottledMiracle"},{"floor":4,"key":"Swift Potion"},{"floor":10,"key":"PowerPotion"},{"floor":11,"key":"Regen Potion"},{"floor":16,"key":"AttackPotion"},{"floor":33,"key":"SkillPotion"},{"floor":39,"key":"BlessingOfTheForge"}],"is_trial":false,"path_per_floor":["M","?","M","M","M","R","E","R","T","E","M","?","$","E","R","B",null,"M","$","M","M","?","E","M","?","T","$","?","R","M","E","R","B",null,"M","M","M","$","M","R","PTL","PTL","$","R","T","$","?","M","M","$","R","B",null],"character_chosen":"WATCHER","items_purchased":["aspiration:HatOfInfinitePower","DevaForm","HandDrill","Golden Egg","Girya","Mummified Hand","Centennial Puzzle","Deep Breath","ReachHeaven+1","Boot","TheAbacus","Guide Book","CloakClasp","Replay:Bottled Flurry"],"campfire_rested":5,"item_purchase_floors":[13,13,13,13,19,27,38,38,38,43,43,46,46,50],"current_hp_per_floor":[72,20,20,20,21,42,35,57,57,57,49,30,30,25,48,49,78,79,79,78,79,79,80,81,81,81,83,83,83,84,85,85,86,86,87,87,88,89,82,82,82,82,90,90,90,90,90,91,86,92,92,93],"gold":186,"neow_bonus":"","is_daily":true,"chose_seed":false,"campfire_upgraded":0,"win_rate":0.0,"timestamp":1608255733,"path_taken":["M","?","M","M","?","R","E","R","T","E","M","?","$","E","R","BOSS","M","$","M","M","?","E","M","?","T","$","?","R","M","E","R","BOSS","M","?","M","$","M","R","PTL","PTL","?","R","T","$","?","M","M","$","R","BOSS"],"items_purchased_type":["Relic","Card","Relic","Relic","Relic","Relic","Relic","Card","Card","Relic","Relic","Relic","Relic","Relic"],"build_version":"2020-12-13","purchased_purges":3,"victory":true,"max_hp_per_floor":[72,72,72,72,73,73,74,74,74,75,76,76,76,77,77,78,78,79,79,80,81,81,82,83,83,83,83,83,83,84,85,85,86,86,87,88,89,89,90,90,90,90,90,90,90,90,90,91,92,92,92,93],"card_choices":[{"not_picked":["Sanctity","Survey Options"],"picked":"Worship","floor":0},{"not_picked":["SashWhip","Evaluate"],"picked":"Replay:Sssssssssshield","floor":0},{"not_picked":["Replay:AtTheReady","Halt"],"picked":"CrushJoints","floor":0},{"not_picked":["Replay:ManipulateFuture","Protect"],"picked":"Swivel","floor":0},{"not_picked":["ForeignInfluence","Sanctity"],"picked":"Dramatic Entrance","floor":0},{"not_picked":["Tantrum","ClearTheMind"],"picked":"SashWhip","floor":0},{"not_picked":["Protect","Jack Of All Trades"],"picked":"JustLucky","floor":0},{"not_picked":["Crescendo","Enlightenment"],"picked":"Wallop","floor":0},{"not_picked":["Protect","Halt"],"picked":"Replay:ManipulateFuture","floor":0},{"not_picked":["EmptyBody","Meditate"],"picked":"Protect","floor":0},{"not_picked":["EmptyFist","ClearTheMind"],"picked":"ThirdEye","floor":0},{"not_picked":["FlurryOfBlows","Replay:ManipulateFuture"],"picked":"Wallop","floor":0},{"not_picked":["Prostrate","ClearTheMind"],"picked":"CutThroughFate","floor":0},{"not_picked":["JustLucky","FollowUp"],"picked":"Evaluate","floor":0},{"not_picked":["Replay:Vibes","FollowUp"],"picked":"Wallop","floor":0},{"not_picked":["JustLucky","Prostrate","Conclude"],"picked":"SKIP","floor":1},{"not_picked":["FollowUp","Consecrate","Replay:AtTheReady"],"picked":"SKIP","floor":3},{"not_picked":["Replay:Parry","Replay:AtTheReady"],"picked":"conspire:Banana","floor":4},{"not_picked":["WaveOfTheHand","Swift Strike","Crescendo"],"picked":"SKIP","floor":5},{"not_picked":["Secret Weapon","Panacea","InnerPeace"],"picked":"SKIP","floor":7},{"not_picked":["Prostrate","FlurryOfBlows"],"picked":"Replay:ManipulateFuture","floor":8},{"not_picked":["BattleHymn","Purity"],"picked":"Wish","floor":10},{"not_picked":["Replay:ManipulateFuture","Replay:BluntJabs"],"picked":"Protect","floor":11},{"not_picked":["ThirdEye","Good Instincts","EmptyBody"],"picked":"SKIP","floor":14},{"not_picked":["Midas Touch","Devotion"],"picked":"Vault","floor":16},{"not_picked":["Replay:BluntJabs","Replay:AtTheReady"],"picked":"Wallop","floor":18},{"not_picked":["Halt","SashWhip","Replay:AtTheReady"],"picked":"SKIP","floor":20},{"not_picked":["Study","Conclude+1"],"picked":"TalkToTheHand","floor":21},{"not_picked":["Consecrate","WaveOfTheHand","Replay:ManipulateFuture+1"],"picked":"SKIP","floor":23},{"not_picked":["Replay:AtTheReady","FlyingSleeves","WaveOfTheHand"],"picked":"SKIP","floor":24},{"not_picked":["Good Instincts","ClearTheMind","Perseverance"],"picked":"SKIP","floor":30},{"not_picked":["Consecrate","Replay:Anticipation+1"],"picked":"LessonLearned","floor":31},{"not_picked":["Crow Ritual","Establishment"],"picked":"Ragnarok","floor":33},{"not_picked":["Replay:AtTheReady+1","EmptyBody+1","Replay:DivineShield"],"picked":"SKIP","floor":35},{"not_picked":["Vengeance","Replay:AtTheReady+1","Replay:ManipulateFuture"],"picked":"SKIP","floor":36},{"not_picked":["Enlightenment","Replay:AtTheReady+1"],"picked":"Impatience+1","floor":37},{"not_picked":["SandsOfTime","PanicButton","Dramatic Entrance+1"],"picked":"SKIP","floor":39},{"not_picked":["Discovery","Transmutation"],"picked":"Impatience","floor":47},{"not_picked":["ReplayTheSpireMod:Trickstab","Purity"],"picked":"Survey Options","floor":47},{"not_picked":["Bandage Up","JustLucky+1","FlurryOfBlows"],"picked":"SKIP","floor":48},{"not_picked":["JustLucky+1","Protect+1","FlurryOfBlows"],"picked":"SKIP","floor":49}],"player_experience":391597,"relics_obtained":[{"floor":7,"key":"aspiration:StickyExplosives_weak"},{"floor":9,"key":"MawBank"},{"floor":10,"key":"Calipers"},{"floor":12,"key":"Bag of Marbles"},{"floor":14,"key":"Ornamental Fan"},{"floor":23,"key":"MealTicket"},{"floor":26,"key":"Sundial"},{"floor":31,"key":"Happy Flower"},{"floor":45,"key":"aspiration:ChemicalBlood"}],"event_choices":[{"damage_healed":0,"gold_gain":112,"player_choice":"RE RE RE GO ","damage_taken":59,"relics_obtained":["ReplayFunnel","Dream Catcher","War Paint"],"max_hp_gain":0,"max_hp_loss":0,"event_name":"betterSkull:BetterSkull","floor":2,"gold_loss":0,"cards_upgraded":[]},{"damage_healed":0,"gold_gain":99,"player_choice":"Steal","damage_taken":0,"max_hp_gain":0,"max_hp_loss":0,"event_name":"betterThird:BetterNest","floor":22,"gold_loss":0},{"damage_healed":0,"gold_gain":0,"player_choice":"Read","damage_taken":0,"max_hp_gain":0,"max_hp_loss":0,"event_name":"The Library","floor":25,"gold_loss":0,"cards_obtained":["Wish"]},{"damage_healed":0,"gold_gain":100,"player_choice":"Bet on Murderer","damage_taken":0,"max_hp_gain":0,"max_hp_loss":0,"event_name":"The Joust","floor":28,"gold_loss":50},{"damage_healed":0,"gold_gain":3,"player_choice":"1","damage_taken":0,"max_hp_gain":0,"max_hp_loss":0,"event_name":"betterStone:BetterStone","floor":47,"gold_loss":0}],"is_beta":false,"boss_relics":[{"not_picked":["aspiration:RitualDagger","Snecko Heart"],"picked":"SlaversCollar"},{"not_picked":["conspire:SpecialSausage","Replay:Drink Me"],"picked":"Fusion Hammer"}],"items_purged_floors":[13,19,27],"is_endless":false,"potions_floor_spawned":[1,4,10,11,16,21,23,33,36,39],"ascension_level":0}}