{"host":"xvjs3dux1h1y4py8","time":1608265940,"event":{"mods":["AchievementEnabler","Act Like it!","Aspiration","Bard","BaseMod","Beaked The Cultist","Better Altar","Better Match","Better Note","Better Sensory Stone","Better Skull","Better Third Choice","BetterRewards","CCEM","Clawfect","Colored Map","Conspire","Downfall","GifTheSpireLib","Halation","Hallownest","Hermit","Highlight Path","Hubris","Hunter ?人","Infinite Spire","Jedi Mod","Jorbs\u0027s Wanderer Trilogy","Mad Scientist","Marisa（霧雨　魔理沙）","Mimic Mod","Minty Spire (QoL Compilation)","Permanent Neow","Replay The Spire","Shade Mod","Shop Mod","Spicy Shops","StSLib","Stuff the Spire","The Administrix","The Blackbeard","The Bug Knight","The Construct","The Cursed","The Disciple","The Gatherer","The Hierophant","The Jungle","The Mystic","The Necromancer","The Problem Sleuth","The Runesmith","The Servant 0.9.4","The Spell Scribe","The Witch","Unceasing Turn Reminder","everything is the same but u backflip on backflip"],"gold_per_floor":[116,116,116,127,127,127,159,178,202,231,10,285,285,285],"floor_reached":13,"playtime":1306,"items_purged":[],"score":96,"play_id":"02c5b4d5-3438-4f80-9b91-0937a277c5f4","local_time":"20201217233220","is_ascension_mode":true,"campfire_choices":[{"data":"KidneyShot","floor":6,"key":"SMITH"}],"circlet_count":0,"master_deck":["Strike_S","Strike_S+1","Strike_S","Strike_S","Defend_S","Defend_S","Defend_S","Defend_S","KidneyShot+1","Exchange","Specialist","Replace+1","ShatteredReality","Initiator","Alleviate","GearUp","Defy","Replay:SS_hec_2","Regret"],"relics":["Uniform","hubris:Towel","hubris:OldNail","Bag of Marbles","CCEMRelics:OverlyComfyChair","MerchantsRug"],"acts_visited":["Exordium"],"potions_floor_usage":[],"damage_taken":[{"damage":1,"enemies":"Cultist","floor":1,"turns":6},{"damage":0,"enemies":"Small Slimes","floor":4,"turns":4},{"damage":28,"enemies":"Gremlin Nob","floor":7,"turns":5},{"damage":5,"enemies":"conspire:RoseBush","floor":8,"turns":2},{"damage":14,"enemies":"3 Sentries","floor":10,"turns":7},{"damage":4,"enemies":"HollowMod:MossKnight","floor":13,"turns":3}],"seed_played":"-1027875144380626184","potions_obtained":[{"floor":1,"key":"PowerPotion"},{"floor":7,"key":"champ:CounterPotion"},{"floor":8,"key":"Dexterity Potion"}],"is_trial":false,"path_per_floor":["M","?","?","M","?","R","E","M","T","E","$","?","E"],"character_chosen":"THE_SERVANT","items_purchased":["MerchantsRug","Defy","Replay:SS_hec_2"],"campfire_rested":0,"item_purchase_floors":[11,11,11],"current_hp_per_floor":[64,51,51,51,51,51,23,18,18,4,4,4,0,0],"gold":285,"neow_bonus":"RANDOM_COLORLESS","is_daily":false,"chose_seed":false,"campfire_upgraded":1,"win_rate":0.0,"timestamp":1608265940,"path_taken":["M","?","?","M","?","R","E","M","T","E","$","?","E"],"items_purchased_type":["Relic","Card","Card"],"build_version":"2020-12-13","purchased_purges":0,"victory":false,"max_hp_per_floor":[65,65,65,65,65,65,65,65,65,65,65,65,65,65],"card_choices":[{"not_picked":["ReplayTheSpireMod:Private Reserves","expansioncontent:FaceSlap"],"picked":"Specialist","floor":0},{"not_picked":["Rearm","Revamp"],"picked":"Replace","floor":1},{"not_picked":["TimeWarp","ShiftingGears"],"picked":"ShatteredReality","floor":4},{"not_picked":["Spin","TimeTheft"],"picked":"Initiator","floor":7},{"not_picked":["Replace","ShatteredReality"],"picked":"Alleviate","floor":8},{"not_picked":["TimeWarp","Snipe"],"picked":"GearUp","floor":10}],"player_experience":404924,"relics_obtained":[{"floor":7,"key":"hubris:OldNail"},{"floor":9,"key":"Bag of Marbles"},{"floor":10,"key":"CCEMRelics:OverlyComfyChair"}],"event_choices":[{"damage_healed":64,"gold_gain":0,"player_choice":"Upgrade","damage_taken":13,"max_hp_gain":0,"max_hp_loss":65,"event_name":"betterThird:BetterShining","floor":2,"gold_loss":0,"cards_upgraded":["Replace","Strike_S"]},{"damage_healed":0,"gold_gain":0,"player_choice":"Ignored","damage_taken":0,"max_hp_gain":0,"max_hp_loss":0,"event_name":"Golden Wing","floor":5,"gold_loss":0},{"damage_healed":0,"gold_gain":275,"player_choice":"Desecrate","damage_taken":0,"max_hp_gain":0,"max_hp_loss":0,"event_name":"Golden Shrine","floor":12,"gold_loss":0,"cards_obtained":["Regret"]}],"is_beta":false,"boss_relics":[],"items_purged_floors":[],"is_endless":false,"potions_floor_spawned":[1,7,8],"killed_by":"HollowMod:MossKnight","ascension_level":1}}