{"host":"cmxkjr0hek4mqvmn","time":1608335275,"event":{"mods":["BaseMod","Beaked The Cultist","Better Match","Better Skull","Better Third Choice","BetterRewards","Clawfect","Colored Map","Displayed Cursed Tome","Duelist Mod","GifTheSpireLib","Hermit","Hubris","JesterMod","Mimic Mod","Minty Spire (QoL Compilation)","Quick Restart","Robot Space Explorer","StSLib","The Bladedancer","The Blue Laboratory","The Cursed","Thieving Mod"],"gold_per_floor":[109,128,139,139,157,157,185,198,198,198,233,247,273,233,233,336,336,348,366,366,366,380,380,412,412,412,429,429,429,429,441,441,544,544,559,611,611,3,19,19,44,62,88,88,103,103,103,103,103,103],"floor_reached":51,"playtime":4974,"items_purged":[],"score":705,"play_id":"68669434-6944-426e-bfa0-45e33ea9756b","local_time":"20201218184755","is_ascension_mode":false,"campfire_choices":[{"data":"RobotSpaceExplorer:MakeshiftVolley","floor":6.0,"key":"SMITH"},{"data":"RobotSpaceExplorer:RigExplosive","floor":10.0,"key":"SMITH"},{"floor":15.0,"key":"REST"},{"data":"RobotSpaceExplorer:ChargingLaser","floor":23.0,"key":"SMITH"},{"data":"RobotSpaceExplorer:TrailblazerForm","floor":25.0,"key":"SMITH"},{"data":"RobotSpaceExplorer:Ammunition","floor":28.0,"key":"SMITH"},{"floor":32,"key":"REST"},{"data":"RobotSpaceExplorer:Multitool","floor":40,"key":"SMITH"},{"data":"1","floor":44,"key":"LIFT"},{"data":"2","floor":46,"key":"LIFT"},{"floor":49,"key":"REST"}],"circlet_count":0,"master_deck":["RobotSpaceExplorer:Strike+1","RobotSpaceExplorer:Strike+1","RobotSpaceExplorer:Strike+1","RobotSpaceExplorer:Strike+1","RobotSpaceExplorer:Defend+1","RobotSpaceExplorer:Defend+1","RobotSpaceExplorer:Defend+1","RobotSpaceExplorer:Defend+1","RobotSpaceExplorer:Scan","RobotSpaceExplorer:MiniLasers","RobotSpaceExplorer:GlueShot","RobotSpaceExplorer:ScrapMissile","RobotSpaceExplorer:Comet+1","RobotSpaceExplorer:MakeshiftVolley+1","RobotSpaceExplorer:SlimeMissile","RobotSpaceExplorer:RigExplosive+1","RobotSpaceExplorer:Pulsar","RobotSpaceExplorer:TrailblazerForm+1","RobotSpaceExplorer:MiniDrones","RobotSpaceExplorer:ChargingLaser+1","RobotSpaceExplorer:Calculate","RobotSpaceExplorer:Smokescreen+1","RobotSpaceExplorer:ScrapMissile+1","RobotSpaceExplorer:Ammunition+1","RobotSpaceExplorer:FranticSearch","RobotSpaceExplorer:Smokescreen+1","RobotSpaceExplorer:Multitool+1","RobotSpaceExplorer:MetalStrike+1","RobotSpaceExplorer:GlueShot","RobotSpaceExplorer:ScrapMissile+1","RobotSpaceExplorer:JunkDive+1","RobotSpaceExplorer:Fix+1","RobotSpaceExplorer:MetalStrike","Dark Shackles"],"relics":["RobotSpaceExplorer:RoboCore","Darkstone Periapt","Ornamental Fan","Du-Vu Doll","hubris:ToyBattleship","hubris:ScarierMask","MutagenicStrength","RobotSpaceExplorer:ClockworkSextant","Girya","hubris:Icosahedron","Nilry\u0027s Codex","RobotSpaceExplorer:Reprocessor","Bird Faced Urn","hubris:Towel","Strange Spoon","Strawberry","Turnip","PreservedInsect","Bronze Scales","hubris:PeanutButter"],"acts_visited":["Exordium","TheCity","TheBeyond"],"potions_floor_usage":[31,33,33,33,33,35,39,41,41,41,45,45,45,45,50,50],"damage_taken":[{"damage":0.0,"enemies":"Cultist","floor":1.0,"turns":4.0},{"damage":0.0,"enemies":"Small Slimes","floor":2.0,"turns":3.0},{"damage":2.0,"enemies":"Jaw Worm","floor":3.0,"turns":3.0},{"damage":0.0,"enemies":"Large Slime","floor":5.0,"turns":3.0},{"damage":28.0,"enemies":"Gremlin Nob","floor":7.0,"turns":4.0},{"damage":13.0,"enemies":"Exordium Thugs","floor":8.0,"turns":4.0},{"damage":14.0,"enemies":"Lagavulin","floor":11.0,"turns":5.0},{"damage":14.0,"enemies":"3 Louse","floor":12.0,"turns":4.0},{"damage":5.0,"enemies":"Hexaghost","floor":16.0,"turns":6.0},{"damage":0.0,"enemies":"3 Byrds","floor":18.0,"turns":2.0},{"damage":0.0,"enemies":"Spheric Guardian","floor":19.0,"turns":2.0},{"damage":0.0,"enemies":"Chosen and Byrds","floor":22.0,"turns":4.0},{"damage":0.0,"enemies":"theDuelist:KaibaA2","floor":24.0,"turns":2.0},{"damage":5.0,"enemies":"Snake Plant","floor":27.0,"turns":3.0},{"damage":0,"enemies":"Snecko","floor":31,"turns":2},{"damage":26,"enemies":"hubris:MusketHawk","floor":33,"turns":8},{"damage":0,"enemies":"Orb Walker","floor":35,"turns":4},{"damage":5,"enemies":"2 Orb Walkers","floor":36,"turns":3},{"damage":10,"enemies":"3 Shapes","floor":39,"turns":3},{"damage":0,"enemies":"Giant Head","floor":41,"turns":5},{"damage":19,"enemies":"Sphere and 2 Shapes","floor":42,"turns":3},{"damage":0,"enemies":"Maw","floor":45,"turns":6},{"damage":10,"enemies":"Donu and Deca","floor":50,"turns":6}],"seed_played":"8788057206925665414","potions_obtained":[{"floor":1.0,"key":"blueLaboratory:TrueEctoplasm"},{"floor":2.0,"key":"LiquidMemories"},{"floor":7.0,"key":"blueLaboratory:FruitPunch"},{"floor":8.0,"key":"blueLaboratory:ArtificerPotion"},{"floor":14.0,"key":"RobotSpaceExplorer:PlasmaFlask"},{"floor":14.0,"key":"Ancient Potion"},{"floor":14.0,"key":"LiquidMemories"},{"floor":16.0,"key":"blueLaboratory:PyrophylliteBrew"},{"floor":18.0,"key":"blueLaboratory:CorrosionFlask"},{"floor":19.0,"key":"blueLaboratory:StoneskinPotion"},{"floor":31,"key":"Energy Potion"},{"floor":33,"key":"blueLaboratory:CorrosionFlask"},{"floor":36,"key":"blueLaboratory:Moonshine"},{"floor":39,"key":"RobotSpaceExplorer:PlasmaFlask"},{"floor":45,"key":"PowerPotion"}],"is_trial":false,"path_per_floor":["M","M","M","?","M","R","E","M","T","R","E","M","T","?","R","B",null,"M","M","?","?","M","R","E","R","T","M","R","?","?","M","R","B",null,"M","?","?","$","M","R","E","M","T","R","M","R","?","T","R","B",null],"character_chosen":"RobotSpaceExplorer","items_purchased":["Strange Spoon","Strawberry","Turnip"],"campfire_rested":3,"item_purchase_floors":[38,38,38],"current_hp_per_floor":[75,75,73,73,73,73,45,34,34,34,20,6,6,6,29,24,77,77,77,77,77,77,77,77,77,77,72,72,72,56,56,77,51,77,77,72,72,79,69,69,71,52,52,52,62,62,62,62,84,78],"gold":103,"neow_bonus":"THREE_CARDS","is_daily":false,"chose_seed":false,"campfire_upgraded":6,"win_rate":0.0,"timestamp":1608335275,"path_taken":["M","M","?","?","M","R","E","M","T","R","E","M","?","?","R","BOSS","M","M","?","?","M","R","E","R","T","M","R","?","?","M","R","BOSS","M","?","?","$","M","R","E","M","T","R","M","R","?","?","R","BOSS"],"items_purchased_type":["Relic","Relic","Relic"],"build_version":"2020-12-13","purchased_purges":0,"victory":true,"max_hp_per_floor":[75,75,75,75,75,75,75,77,77,77,77,77,77,77,77,77,77,77,77,77,77,77,77,77,77,77,77,77,77,77,77,77,77,77,77,77,77,84,84,84,84,84,84,84,84,84,84,84,84,84],"card_choices":[{"not_picked":["RobotSpaceExplorer:SwiftStep","RobotSpaceExplorer:Probe"],"picked":"RobotSpaceExplorer:GlueShot","floor":0.0},{"not_picked":["RobotSpaceExplorer:SwiftStep","RobotSpaceExplorer:GlueShot"],"picked":"RobotSpaceExplorer:ScrapMissile","floor":1.0},{"not_picked":["RobotSpaceExplorer:SurgingShield","RobotSpaceExplorer:LuckyStrike"],"picked":"RobotSpaceExplorer:Comet","floor":2.0},{"not_picked":["RobotSpaceExplorer:Probe","RobotSpaceExplorer:GlueShot"],"picked":"RobotSpaceExplorer:MakeshiftVolley","floor":3.0},{"not_picked":["RobotSpaceExplorer:ImprovisedAttack","RobotSpaceExplorer:Calculate"],"picked":"RobotSpaceExplorer:SlimeMissile","floor":5.0},{"not_picked":["RobotSpaceExplorer:JunkDive","RobotSpaceExplorer:StarLightning"],"picked":"RobotSpaceExplorer:RigExplosive","floor":7.0},{"not_picked":["RobotSpaceExplorer:MetalStrike","RobotSpaceExplorer:ShockKick"],"picked":"RobotSpaceExplorer:Pulsar","floor":8.0},{"not_picked":["RobotSpaceExplorer:SlimeMissile","RobotSpaceExplorer:Calculate"],"picked":"RobotSpaceExplorer:TrailblazerForm","floor":11.0},{"not_picked":["RobotSpaceExplorer:Reload","RobotSpaceExplorer:Discharger"],"picked":"RobotSpaceExplorer:MiniDrones","floor":12.0},{"not_picked":["RobotSpaceExplorer:Scanner","RobotSpaceExplorer:Asteroid"],"picked":"RobotSpaceExplorer:ChargingLaser","floor":16.0},{"not_picked":["RobotSpaceExplorer:ScrapMissile","RobotSpaceExplorer:Pulsar"],"picked":"RobotSpaceExplorer:Calculate","floor":18.0},{"not_picked":["RobotSpaceExplorer:ShockKick","RobotSpaceExplorer:PowerCollector+1"],"picked":"RobotSpaceExplorer:Smokescreen+1","floor":19.0},{"not_picked":["RobotSpaceExplorer:FrostMissile","RobotSpaceExplorer:StunGrenade"],"picked":"RobotSpaceExplorer:ScrapMissile+1","floor":22.0},{"not_picked":["RobotSpaceExplorer:SelfCleaning+1","RobotSpaceExplorer:Asteroid"],"picked":"RobotSpaceExplorer:Ammunition","floor":24.0},{"not_picked":["RobotSpaceExplorer:Counterblock+1","RobotSpaceExplorer:Discharger"],"picked":"RobotSpaceExplorer:FranticSearch","floor":27.0},{"not_picked":["RobotSpaceExplorer:FrostMissile","RobotSpaceExplorer:Calculate"],"picked":"RobotSpaceExplorer:Smokescreen+1","floor":31},{"not_picked":["RobotSpaceExplorer:Wormhole","RobotSpaceExplorer:Scanner"],"picked":"RobotSpaceExplorer:Multitool","floor":33},{"not_picked":["RobotSpaceExplorer:StunGrenade+1","RobotSpaceExplorer:Counterblock+1"],"picked":"RobotSpaceExplorer:MetalStrike+1","floor":35},{"not_picked":["RobotSpaceExplorer:DoubleFind","RobotSpaceExplorer:RigExplosive"],"picked":"RobotSpaceExplorer:GlueShot","floor":36},{"not_picked":["RobotSpaceExplorer:ShockKick+1","RobotSpaceExplorer:FranticSearch"],"picked":"RobotSpaceExplorer:ScrapMissile+1","floor":39},{"not_picked":["RobotSpaceExplorer:Pulsar","RobotSpaceExplorer:GlueSpray+1"],"picked":"RobotSpaceExplorer:JunkDive+1","floor":41},{"not_picked":["RobotSpaceExplorer:ScrapMissile+1","RobotSpaceExplorer:FrostMissile+1"],"picked":"RobotSpaceExplorer:Fix+1","floor":42},{"not_picked":["RobotSpaceExplorer:Counterblock+1","RobotSpaceExplorer:SlimeMissile"],"picked":"RobotSpaceExplorer:MetalStrike","floor":45},{"not_picked":["Violence","Purity"],"picked":"Dark Shackles","floor":47}],"player_experience":518918,"relics_obtained":[{"floor":7.0,"key":"Darkstone Periapt"},{"floor":9.0,"key":"Ornamental Fan"},{"floor":11.0,"key":"Du-Vu Doll"},{"floor":13.0,"key":"hubris:ToyBattleship"},{"floor":24.0,"key":"RobotSpaceExplorer:ClockworkSextant"},{"floor":26.0,"key":"Girya"},{"floor":36,"key":"Bird Faced Urn"},{"floor":41,"key":"PreservedInsect"},{"floor":43,"key":"Bronze Scales"},{"floor":48,"key":"hubris:PeanutButter"}],"event_choices":[{"damage_healed":0.0,"max_hp_gain":0.0,"max_hp_loss":0.0,"gold_gain":0.0,"event_name":"The Woman in Blue","player_choice":"Bought 3 Potions","floor":14.0,"gold_loss":0.0,"damage_taken":0.0},{"damage_healed":0.0,"max_hp_gain":0.0,"max_hp_loss":0.0,"gold_gain":0.0,"event_name":"Drug Dealer","player_choice":"Inject Mutagens","floor":20.0,"gold_loss":0.0,"damage_taken":0.0,"relics_obtained":["MutagenicStrength"]},{"damage_healed":0.0,"max_hp_gain":0.0,"max_hp_loss":8.0,"gold_gain":0.0,"event_name":"betterThird:BetterWriting","player_choice":"Simplicity","floor":21.0,"gold_loss":0.0,"damage_taken":0.0},{"damage_healed":0.0,"max_hp_gain":0.0,"max_hp_loss":0.0,"gold_gain":0.0,"event_name":"Cursed Tome","player_choice":"Obtained Book","floor":30.0,"gold_loss":0.0,"damage_taken":16.0},{"damage_healed":0,"gold_gain":0,"player_choice":"Fight","damage_taken":0,"max_hp_gain":0,"max_hp_loss":0,"event_name":"Mysterious Sphere","floor":36,"gold_loss":0},{"damage_healed":0,"gold_gain":0,"player_choice":"Memory 1","damage_taken":0,"max_hp_gain":0,"max_hp_loss":0,"event_name":"SensoryStone","floor":47,"gold_loss":0}],"is_beta":false,"boss_relics":[{"not_picked":["Coffee Dripper","Empty Cage"],"picked":"hubris:ScarierMask"},{"not_picked":["hubris:Backtick","Pandora\u0027s Box"],"picked":"RobotSpaceExplorer:Reprocessor"}],"items_purged_floors":[],"is_endless":false,"potions_floor_spawned":[1,2,7,8,16,18,19,31,33,36,39,45],"ascension_level":0}}