{"host":"8zzc9mdnfkdiyxma","time":1608277453,"event":{"mods":["2.2 Compatiblity","BaseMod","Better Altar","Better Match","Better Note","Better Sensory Stone","Better Skull","Better Third Choice","Better Vampires","Colored Map","Colored Powertips","Downfall","Emptier Cage","Energized Spire","Minty Spire (QoL Compilation)","Permanent Neow","Rare Cards Sparkle","Relic Filter","SacredBarkPlus","StSLib","Waifu the Spire"],"gold_per_floor":[114,132,132,132,132,157,183,458,84,101,101,129,54,64,64,161,161,175,194,194,213,232,48,48,48,148,148,161,86,121,56,56,160,160,175,191,111,161,181,181,181,213,138,138,138,171,171,202,202,202,202,234,13,13,13],"floor_reached":56,"playtime":7256,"items_purged":["Regret","Guardian:CurlUp","Guardian:Strike_Guardian","Guardian:Strike_Guardian"],"score":1462,"play_id":"2a1be183-d291-4cd7-b9e9-d1eb3fdae416","local_time":"20201218024413","is_ascension_mode":true,"campfire_choices":[{"data":"Guardian:Planning","floor":11.0,"key":"SMITH"},{"floor":13.0,"key":"RECALL"},{"data":"Guardian:DecasProtection","floor":15.0,"key":"SMITH"},{"data":"Guardian:TimeCapacitor","floor":29.0,"key":"SMITH"},{"data":"Guardian:FierceBash","floor":32.0,"key":"SMITH"},{"floor":43.0,"key":"DIG"},{"floor":45,"key":"DIG"},{"data":"Guardian:ShieldCharger","floor":47,"key":"SMITH"},{"data":"Guardian:FastForward","floor":49,"key":"SMITH"},{"data":"Guardian:TimeCapacitor","floor":54,"key":"SMITH"}],"circlet_count":0,"master_deck":["Guardian:Strike_Guardian","Guardian:TwinSlam","Guardian:SentryBeam","Guardian:DecasProtection+1","Guardian:Planning+1","Bludgeon+1","Guardian:ShieldCharger+1","Guardian:FastForward+1","Guardian:ShieldCharger","Guardian:Orbwalk","Guardian:TimeSifter","Guardian:RefractedBeam+1","Guardian:PiercingHide+1","Guardian:SphericShield+1","Guardian:Orbwalk","Guardian:Planning","Guardian:PrismaticBarrier","Guardian:TimeCapacitor+1","Guardian:Recover+1","Guardian:FierceBash+1","Guardian:Planning+1","Guardian:Clone+1","Guardian:TemporalStrike+1","Guardian:DecasProtection","Guardian:CrystalBeam+1","Guardian:CrystalBeam+1","Guardian:TimeCapacitor+1"],"relics":["Guardian:ModeShifter","Guardian:PickAxe","Bag of Marbles","Blood Vial","Strawberry","Kunai","Tiny Chest","downfall:HeartBlessingGreen","Astrolabe","Sundial","downfall:GremlinWheel","Shuriken","downfall:HeartBlessingRed","Juzu Bracelet","Busted Crown","Guardian:BottledStasis","Art of War","Shovel","Unceasing Top","downfall:HeartBlessingBlue","Pantograph","StrikeDummy","The Courier","Incense Burner","Molten Egg 2","Oddly Smooth Stone"],"acts_visited":["Exordium","TheCity","TheBeyond","TheEnding"],"potions_floor_usage":[55,55,55],"damage_taken":[{"damage":0.0,"enemies":"Small Slimes","floor":1.0,"turns":3.0},{"damage":0.0,"enemies":"Jaw Worm","floor":2.0,"turns":3.0},{"damage":7.0,"enemies":"3 Sentries","floor":6.0,"turns":8.0},{"damage":3.0,"enemies":"downfall:FleeingMerchant","floor":9.0,"turns":4.0},{"damage":0.0,"enemies":"Cultist","floor":10.0,"turns":3.0},{"damage":2.0,"enemies":"Gremlin Nob","floor":12.0,"turns":4.0},{"damage":0.0,"enemies":"Large Slime","floor":14.0,"turns":4.0},{"damage":18.0,"enemies":"downfall:Defect","floor":16.0,"turns":6.0},{"damage":10.0,"enemies":"Shell Parasite","floor":18.0,"turns":3.0},{"damage":13.0,"enemies":"3 Cultists","floor":19.0,"turns":5.0},{"damage":12.0,"enemies":"Sentry and Sphere","floor":21.0,"turns":6.0},{"damage":0.0,"enemies":"Snecko","floor":22.0,"turns":3.0},{"damage":0.0,"enemies":"downfall:FleeingMerchant","floor":23.0,"turns":4.0},{"damage":20.0,"enemies":"downfall:FleeingMerchant","floor":26.0,"turns":3.0},{"damage":0.0,"enemies":"Shelled Parasite and Fungi","floor":28.0,"turns":4.0},{"damage":12.0,"enemies":"Slavers","floor":30.0,"turns":5.0},{"damage":0.0,"enemies":"downfall:FleeingMerchant","floor":31.0,"turns":4.0},{"damage":12.0,"enemies":"downfall:Silent","floor":33.0,"turns":5.0},{"damage":7.0,"enemies":"3 Shapes","floor":35.0,"turns":5.0},{"damage":16.0,"enemies":"3 Darklings","floor":36.0,"turns":5.0},{"damage":25.0,"enemies":"downfall:FleeingMerchant","floor":37.0,"turns":3.0},{"damage":0.0,"enemies":"Mind Bloom Boss Battle","floor":38.0,"turns":6.0},{"damage":0.0,"enemies":"Transient","floor":39.0,"turns":5.0},{"damage":0.0,"enemies":"Giant Head","floor":42.0,"turns":6.0},{"damage":5,"enemies":"Reptomancer","floor":46,"turns":5},{"damage":18,"enemies":"Nemesis","floor":48,"turns":5},{"damage":1,"enemies":"downfall:Watcher","floor":50,"turns":5},{"damage":2,"enemies":"downfall:CharBossMerchant","floor":52,"turns":9},{"damage":0,"enemies":"downfall:NeowBoss","floor":55,"turns":16}],"seed_played":"346323132794273669","potions_obtained":[{"floor":1.0,"key":"Weak Potion"},{"floor":2.0,"key":"Explosive Potion"},{"floor":21.0,"key":"DuplicationPotion"},{"floor":28.0,"key":"Guardian:StasisDiscoveryPotion"},{"floor":30.0,"key":"DistilledChaos"},{"floor":33.0,"key":"AttackPotion"},{"floor":39.0,"key":"champ:CounterPotion"},{"floor":42.0,"key":"DuplicationPotion"},{"floor":48,"key":"Energy Potion"}],"is_trial":false,"path_per_floor":["M","M","?","?","?","E","T","?","$","M","R","E","R","M","R","B",null,"M","M","?","M","M","$","T","?","?","T","M","R","E","$","R","B",null,"M","M","$","?","M","?","T","E","R","?","R","E","R","E","R","B",null,"E","$","R","B",null],"character_chosen":"GUARDIAN","items_purchased":["Kunai","Guardian:ShieldCharger","Guardian:FierceBash","Guardian:Gem_Green","Guardian:BottledStasis","Art of War","Guardian:TimeCapacitor","Dexterity Potion"],"campfire_rested":0,"item_purchase_floors":[9,9,23,31,37,37,53,53],"current_hp_per_floor":[80,80,85,79,74,67,74,74,73,75,75,75,75,77,77,61,92,82,71,71,61,63,65,65,65,47,47,49,49,39,41,41,31,92,85,71,48,50,52,52,52,54,64,64,64,61,61,45,45,71,102,100,100,100,102],"gold":13,"neow_bonus":"TRANSFORM_CARD","is_daily":false,"chose_seed":false,"campfire_upgraded":7,"win_rate":0.0,"timestamp":1608277453,"path_taken":["M","M","?","?","?","E","T","?","$","?","R","E","R","M","R","BOSS","M","M","?","M","M","$","T","?","?","?","M","R","E","$","R","BOSS","M","M","$","?","M","?","T","E","R","?","R","E","R","E","R","BOSS","E","$","R","BOSS"],"items_purchased_type":["Relic","Card","Card","Card","Relic","Relic","Card","Potion"],"build_version":"2020-12-13","purchased_purges":4,"victory":true,"max_hp_per_floor":[80,80,85,85,85,85,92,92,92,92,92,92,92,92,92,92,92,92,92,92,92,92,92,92,92,92,92,92,92,92,92,92,92,92,92,92,92,92,92,92,92,92,102,102,102,102,102,102,102,102,102,102,102,102,102],"card_choices":[{"not_picked":["Guardian:Gem_Cyan","Guardian:EvasiveProtocol"],"picked":"Guardian:DecasProtection","floor":1.0},{"not_picked":["Guardian:PiercingHide","Guardian:Harden"],"picked":"Guardian:Planning","floor":2.0},{"not_picked":["Guardian:ChargeCore","Guardian:Recover"],"picked":"Guardian:ShieldCharger","floor":6.0},{"not_picked":["Guardian:ShieldCharger","Guardian:RollAttack"],"picked":"Guardian:FastForward","floor":9.0},{"not_picked":["Guardian:Gem_Blue","Guardian:Recover","Guardian:RefractedBeam"],"picked":"SKIP","floor":10.0},{"not_picked":["Guardian:Repulse","Guardian:BronzeArmor","Guardian:RollAttack"],"picked":"SKIP","floor":12.0},{"not_picked":["Guardian:WalkerClaw","Guardian:Gem_Red"],"picked":"Guardian:Orbwalk","floor":14.0},{"not_picked":["Guardian:StasisField","Guardian:ConstructionForm"],"picked":"Guardian:TimeSifter","floor":16.0},{"not_picked":["Guardian:Recover","Guardian:WalkerClaw+1"],"picked":"Guardian:Orbwalk","floor":18.0},{"not_picked":["Guardian:DonusPower","Guardian:ArmoredProtocol+1"],"picked":"Guardian:Planning","floor":19.0},{"not_picked":["Guardian:Gem_Red","Guardian:Recover"],"picked":"Guardian:PrismaticBarrier","floor":21.0},{"not_picked":["Guardian:PrimingBeam","Guardian:ChargeCore"],"picked":"Guardian:TimeCapacitor","floor":22.0},{"not_picked":["Guardian:FloatingOrbs","Guardian:PrismaticBeam"],"picked":"Guardian:Recover+1","floor":23.0},{"not_picked":["Guardian:FloatingOrbs","Guardian:BaubleBeam"],"picked":"Guardian:Clone+1","floor":28.0},{"not_picked":["Guardian:CrystalBeam","Guardian:RollAttack"],"picked":"Guardian:Gem_Orange","floor":30.0},{"not_picked":["Guardian:ExploitGems","Guardian:PrimingBeam"],"picked":"Guardian:Gem_Synthetic","floor":31.0},{"not_picked":["Guardian:HyperBeam_Guardian","Guardian:BaubleBeam"],"picked":"Guardian:Gem_Orange","floor":33.0},{"not_picked":[],"picked":"Guardian:TemporalStrike+1","floor":35.0},{"not_picked":["Guardian:PolyBeam"],"picked":"SKIP","floor":36.0},{"not_picked":["Guardian:Recover"],"picked":"SKIP","floor":37.0},{"not_picked":[],"picked":"Guardian:Gem_Blue","floor":38.0},{"not_picked":["Guardian:RefractedBeam"],"picked":"SKIP","floor":39.0},{"not_picked":[],"picked":"Guardian:DecasProtection","floor":42.0},{"not_picked":["Guardian:EvasiveProtocol"],"picked":"SKIP","floor":46},{"not_picked":[],"picked":"Guardian:CrystalBeam+1","floor":48},{"not_picked":[],"picked":"Guardian:CrystalBeam+1","floor":52}],"player_experience":1011798,"relics_obtained":[{"floor":6.0,"key":"Blood Vial"},{"floor":7.0,"key":"Strawberry"},{"floor":12.0,"key":"Tiny Chest"},{"floor":24.0,"key":"Sundial"},{"floor":26.0,"key":"downfall:GremlinWheel"},{"floor":27.0,"key":"Shuriken"},{"floor":30.0,"key":"Juzu Bracelet"},{"floor":38.0,"key":"Shovel"},{"floor":42.0,"key":"Unceasing Top"},{"floor":43.0,"key":"Pantograph"},{"floor":44,"key":"StrikeDummy"},{"floor":45,"key":"The Courier"},{"floor":46,"key":"Incense Burner"},{"floor":48,"key":"Molten Egg 2"},{"floor":52,"key":"Oddly Smooth Stone"}],"event_choices":[{"damage_healed":0.0,"max_hp_gain":5.0,"max_hp_loss":0.0,"gold_gain":0.0,"event_name":"Big Fish","player_choice":"Donut","floor":3.0,"gold_loss":0.0,"damage_taken":0.0},{"damage_healed":0.0,"max_hp_gain":0.0,"max_hp_loss":0.0,"gold_gain":0.0,"event_name":"Duplicator","player_choice":"Copied","floor":25.0,"gold_loss":0.0,"damage_taken":0.0,"cards_obtained":["Guardian:Planning"]},{"cards_removed":["Guardian:Defend_Guardian"],"damage_healed":0.0,"max_hp_gain":0.0,"max_hp_loss":0.0,"gold_gain":0.0,"event_name":"Wheel of Change","player_choice":"Card Removal","floor":29.0,"gold_loss":0.0,"damage_taken":0.0},{"cards_removed":["Guardian:Gem_Orange"],"damage_healed":0.0,"max_hp_gain":0.0,"max_hp_loss":0.0,"gold_gain":0.0,"event_name":"Falling","player_choice":"Removed Skill","floor":40.0,"gold_loss":0.0,"damage_taken":0.0}],"is_beta":false,"boss_relics":[{"not_picked":["Cursed Key","Velvet Choker"],"picked":"Astrolabe"},{"not_picked":["energizedSpire:OgreHead","Runic Dome"],"picked":"Busted Crown"}],"items_purged_floors":[9,23,37,53],"is_endless":false,"potions_floor_spawned":[1,2,21,28,30,33,39,42,48],"ascension_level":1}}