{"host":"gk9qdtkqd8dwfeg2","time":1608289135,"event":{"mods":["Aspiration","BaseMod","Marisa（F雨　魔理沙）","Minty Spire (QoL Compilation)","Quick Restart","Replay The Spire","Shop Mod","StSLib","TestMod","The Cursed","Waifu the Spire","Yuyuko","【东方二次创作】八云紫mod"],"gold_per_floor":[109,119,133,152,164,164,164,183,183,183,183,12,30,41,41,118,118,138,63,74,274,289,289,323,335,360,393,404,404,336,348,348,424,424,438,418,433,448,16,16,48,48,74,102,102,102,102,133,133,133,133],"floor_reached":52,"playtime":2007,"items_purged":["Doubt","Languid","Strike_G","ReplayTheSpireMod:The Works+1"],"score":2669,"play_id":"e316929d-ebe4-464e-a2fb-ce550c48daae","local_time":"20201218185855","is_ascension_mode":true,"campfire_choices":[{"data":"Neutralize","floor":6.0,"key":"SMITH"},{"data":"Accuracy","floor":15.0,"key":"SMITH"},{"data":"After Image","floor":23.0,"key":"SMITH"},{"data":"Hidden Blade","floor":29.0,"key":"SMITH"},{"data":"Calculated Gamble","floor":32.0,"key":"SMITH"},{"data":"testmod-ChaoticCore","floor":40.0,"key":"SMITH"},{"data":"Cloak And Dagger","floor":46.0,"key":"SMITH"},{"data":"Well Laid Plans","floor":49.0,"key":"SMITH"}],"circlet_count":0,"master_deck":["AscendersBane","Defend_G","Survivor","Neutralize+1","Masterful Stab","Blade Dance","Noxious Fumes","Cloak And Dagger+1","Accuracy+1","Calculated Gamble+1","ReplayTheSpireMod:Scrap Shanks","ReplayTheSpireMod:Scrap Shanks","After Image+1","Atom Bomb+1","Malaise+1","Well Laid Plans+1","Backflip+1","Blade Dance+1","Envenom","Tactician+1","Hidden Blade+1","ReplayTheSpireMod:Necrosis","testmod-ChaoticCore+1"],"relics":["Ring of the Snake","testmod-TestBox","testmod-CasingShield","Ancient Tea Set","Ring of Peace","Ring of Panic","ReplayTheSpireMod:CursedCoin","MerchantsRug","Coffee Dripper","testmod-StringDisintegrator","Shuriken","Centennial Puzzle","ReplayTheSpireMod:Lightbulb","Replay:Drink Me","Membership Card","aspiration:VileToxins","Replay:Rubber Ducky","CeramicFish","Orichalcum","Toy Ornithopter"],"acts_visited":["Exordium","TheCity","TheBeyond"],"potions_floor_usage":[],"damage_taken":[{"damage":1.0,"enemies":"Jaw Worm","floor":1.0,"turns":6.0},{"damage":1.0,"enemies":"Cultist","floor":2.0,"turns":3.0},{"damage":0.0,"enemies":"2 Louse","floor":3.0,"turns":2.0},{"damage":21.0,"enemies":"Exordium Wildlife","floor":4.0,"turns":5.0},{"damage":3.0,"enemies":"Blue Slaver","floor":5.0,"turns":4.0},{"damage":4.0,"enemies":"2 Fungi Beasts","floor":8.0,"turns":3.0},{"damage":0.0,"enemies":"Exordium Wildlife","floor":13.0,"turns":3.0},{"damage":0.0,"enemies":"Hexaghost","floor":16.0,"turns":11.0},{"damage":0.0,"enemies":"Spheric Guardian","floor":18.0,"turns":4.0},{"damage":19.0,"enemies":"Chosen","floor":20.0,"turns":6.0},{"damage":0.0,"enemies":"3 Cultists","floor":22.0,"turns":4.0},{"damage":0.0,"enemies":"Replay:Snechameleon","floor":24.0,"turns":5.0},{"damage":3.0,"enemies":"Snecko","floor":25.0,"turns":3.0},{"damage":0.0,"enemies":"Gremlin Leader","floor":27.0,"turns":6.0},{"damage":0.0,"enemies":"Sentry and Sphere","floor":28.0,"turns":4.0},{"damage":0.0,"enemies":"3 Cultists","floor":31.0,"turns":2.0},{"damage":0.0,"enemies":"Champ","floor":33.0,"turns":6.0},{"damage":0.0,"enemies":"Orb Walker","floor":35.0,"turns":2.0},{"damage":4.0,"enemies":"3 Shapes","floor":37.0,"turns":2.0},{"damage":0.0,"enemies":"Sphere and 2 Shapes","floor":38.0,"turns":4.0},{"damage":0.0,"enemies":"Reptomancer","floor":41.0,"turns":3.0},{"damage":0.0,"enemies":"Giant Head","floor":44.0,"turns":3.0},{"damage":0.0,"enemies":"Nemesis","floor":48.0,"turns":3.0},{"damage":0,"enemies":"Awakened One","floor":50,"turns":4},{"damage":0,"enemies":"Donu and Deca","floor":51,"turns":3}],"seed_played":"-1966744915820430731","potions_obtained":[{"floor":3.0,"key":"FearPotion"},{"floor":4.0,"key":"LiquidBronze"},{"floor":8.0,"key":"SkillPotion"},{"floor":18.0,"key":"Dexterity Potion"},{"floor":31.0,"key":"Energy Potion"},{"floor":36.0,"key":"Fruit Juice"},{"floor":37.0,"key":"GamblersBrew"},{"floor":38.0,"key":"testmod-SpacePotion"},{"floor":48.0,"key":"Poison Potion"}],"is_trial":false,"path_per_floor":["M","M","M","M","M","R","?","M","T","T","?","$","M","$","R","B",null,"M","?","M","?","M","R","E","M","T","E","M","R","$","M","R","B",null,"M","?","M","M","$","R","E","$","T","E","?","R","?","E","R","B","B",null],"character_chosen":"THE_SILENT","items_purchased":["ReplayTheSpireMod:CursedCoin","MerchantsRug","Accuracy","ReplayTheSpireMod:Scrap Shanks","ReplayTheSpireMod:Lightbulb","Membership Card","testmod-ChaoticCore","aspiration:VileToxins"],"campfire_rested":0,"item_purchase_floors":[12,12,12,14,30,39,39,39],"current_hp_per_floor":[58,57,57,36,33,33,33,29,29,29,29,29,29,29,29,29,57,57,57,38,38,38,38,38,35,35,35,35,35,35,35,35,35,46,46,51,47,47,47,47,47,47,47,47,47,47,40,40,40,40,40],"gold":133,"neow_bonus":"NOSTALGIA","is_daily":false,"chose_seed":false,"campfire_upgraded":8,"win_rate":0.0,"timestamp":1608289135,"path_taken":["M","M","M","M","M","R","?","?","T","?","?","?","M","?","R","BOSS","M","?","M","?","?","R","E","M","T","E","M","R","$","M","R","BOSS","M","?","?","M","$","R","E","$","T","E","?","R","?","E","R","BOSS","BOSS"],"items_purchased_type":["Relic","Relic","Card","Card","Relic","Relic","Card","Relic"],"build_version":"2020-12-13","purchased_purges":4,"victory":true,"max_hp_per_floor":[66,66,66,66,66,66,66,66,66,66,66,66,66,66,66,66,66,66,66,66,66,66,66,66,66,66,66,66,66,66,66,66,66,50,50,55,55,55,55,55,55,55,55,55,52,52,52,52,52,52,52],"card_choices":[{"not_picked":["PiercingWail","Terror"],"picked":"Masterful Stab","floor":1.0},{"not_picked":["Sucker Punch","Deflect"],"picked":"Blade Dance","floor":2.0},{"not_picked":["Dodge and Roll","Dagger Spray"],"picked":"Noxious Fumes","floor":3.0},{"not_picked":["Heel Hook","Finisher"],"picked":"Cloak And Dagger","floor":4.0},{"not_picked":["Draining Mist","Sucker Punch","Riddle With Holes"],"picked":"SKIP","floor":5.0},{"not_picked":["Backstab","Outmaneuver","Poisoned Stab"],"picked":"SKIP","floor":8.0},{"not_picked":["Endless Agony","Cloak And Dagger"],"picked":"Calculated Gamble","floor":13.0},{"not_picked":["Poison Darts","Venomology"],"picked":"After Image","floor":16.0},{"not_picked":["Dagger Throw","Deflect"],"picked":"Well Laid Plans","floor":18.0},{"not_picked":["Cloak And Dagger","Deflect"],"picked":"Backflip+1","floor":20.0},{"not_picked":["ReplayTheSpireMod:Exploit Weakness","Storm of Steel"],"picked":"Blade Dance+1","floor":22.0},{"not_picked":["Choke","Replay:Poison Smokescreen"],"picked":"Envenom","floor":24.0},{"not_picked":["ReplayTheSpireMod:The Works","Acrobatics"],"picked":"Tactician+1","floor":25.0},{"not_picked":["PiercingWail","Bane","Tactician"],"picked":"SKIP","floor":27.0},{"not_picked":["Quick Slash","Dagger Spray"],"picked":"Hidden Blade","floor":28.0},{"not_picked":["Well Laid Plans","Masterful Stab","PiercingWail"],"picked":"SKIP","floor":31.0},{"not_picked":["Wraith Form v2","After Image"],"picked":"ReplayTheSpireMod:Necrosis","floor":33.0},{"not_picked":["Backflip","Dagger Throw","Replay:Poison Smokescreen"],"picked":"SKIP","floor":35.0},{"not_picked":["Bane+1","Flying Knee","Slice+1"],"picked":"SKIP","floor":37.0},{"not_picked":["Tactician","Outmaneuver","Slice"],"picked":"SKIP","floor":38.0},{"not_picked":["Deflect","Bouncing Flask+1","Backstab"],"picked":"SKIP","floor":41.0},{"not_picked":["Envenom","Deflect","Outmaneuver"],"picked":"SKIP","floor":44.0},{"not_picked":["Blade Dance","ReplayTheSpireMod:Exploit Weakness+1","Bane"],"picked":"SKIP","floor":48.0}],"player_experience":1078697,"relics_obtained":[{"floor":9.0,"key":"testmod-BalancedPeriapt"},{"floor":10.0,"key":"Ancient Tea Set"},{"floor":11.0,"key":"Ring of Peace"},{"floor":11.0,"key":"Ring of Panic"},{"floor":24.0,"key":"Shuriken"},{"floor":27.0,"key":"Centennial Puzzle"},{"floor":41.0,"key":"Replay:Rubber Ducky"},{"floor":43.0,"key":"CeramicFish"},{"floor":44.0,"key":"Orichalcum"},{"floor":48.0,"key":"Toy Ornithopter"}],"event_choices":[{"cards_removed":["Strike_G"],"damage_healed":0.0,"max_hp_gain":0.0,"max_hp_loss":0.0,"gold_gain":0.0,"event_name":"Purifier","player_choice":"Purged","floor":7.0,"gold_loss":0.0,"damage_taken":0.0},{"cards_removed":["Defend_G"],"damage_healed":0.0,"max_hp_gain":0.0,"max_hp_loss":0.0,"gold_gain":0.0,"event_name":"Beggar","player_choice":"Gave Gold","floor":19.0,"gold_loss":75.0,"damage_taken":0.0},{"damage_healed":0.0,"max_hp_gain":0.0,"max_hp_loss":0.0,"gold_gain":200.0,"event_name":"Wheel of Change","player_choice":"Gold","floor":21.0,"gold_loss":0.0,"damage_taken":0.0},{"damage_healed":0.0,"max_hp_gain":0.0,"max_hp_loss":0.0,"gold_gain":0.0,"event_name":"The Woman in Blue","player_choice":"Bought 1 Potion","floor":36.0,"gold_loss":0.0,"damage_taken":0.0},{"damage_healed":0.0,"max_hp_gain":0.0,"max_hp_loss":3.0,"gold_gain":0.0,"event_name":"Winding Halls","player_choice":"Max HP","floor":45.0,"gold_loss":0.0,"damage_taken":0.0},{"damage_healed":0.0,"max_hp_gain":0.0,"max_hp_loss":0.0,"gold_gain":0.0,"event_name":"Wheel of Change","player_choice":"Damaged","floor":47.0,"gold_loss":0.0,"damage_taken":7.0}],"is_beta":false,"boss_relics":[{"not_picked":["aspiration:DefectSkillbook","Runic Pyramid"],"picked":"Replay:Grab Bag"},{"not_picked":["Cursed Key","ChewingGum"],"picked":"Philosopher\u0027s Stone"},{"not_picked":["Fusion Hammer","Runic Dome"],"picked":"Coffee Dripper"},{"not_picked":["Snecko Heart","aspiration:MarisaSkillbook"],"picked":"Astrolabe"},{"not_picked":["testmod-HarvestTotem","testmod-Nine"],"picked":"testmod-StringDisintegrator"},{"not_picked":["Replay:Ancient Bell","Kintsugi"],"picked":"Replay:Drink Me"}],"items_purged_floors":[12,14,30,39],"is_endless":false,"potions_floor_spawned":[3,4,8,18,24,31,35,37,38,48],"ascension_level":20}}