{"host":"kstmajdnxm8lto3o","time":1608333085,"event":{"mods":["Aspiration","BaseMod","Better Third Choice","BetterRewards","CCEM","Conspire","Downfall","Gremlin Skip","Highlight Path","Hubris","Minty Spire (QoL Compilation)","Replay The Spire","Shop Mod","Spicy Shops","StSLib"],"gold_per_floor":[113,113,113,131,145,145,178,178,178,207,220,220,238,248,248,345,345,364,44,54,54,64,64,64],"floor_reached":23,"playtime":964,"items_purged":[],"score":266,"play_id":"05761fce-c78c-4fd7-b136-9fb713653b6b","local_time":"20201218181125","is_ascension_mode":true,"campfire_choices":[{"floor":6,"key":"RECALL"},{"data":"Defend_B","floor":8,"key":"SMITH"},{"data":"ReplayTheSpireMod:Calculation Training","floor":12,"key":"SMITH"},{"data":"Loop","floor":15,"key":"SMITH"}],"circlet_count":0,"master_deck":["Strike_B","Strike_B","Strike_B","Strike_B","Defend_B+1","Defend_B","Defend_B","Defend_B","Zap+1","Dualcast+1","Leap","Conserve Battery","Doom and Gloom","Melter","Loop+1","ReplayTheSpireMod:Calculation Training+1","Defragment","Echo Form","Panic Button","Ball Lightning","Redo","Ball Lightning+1","Darkness+1"],"relics":["Cracked Core","Symbiotic Virus","Incense Burner","CCEMRelics:JestersCrown","Bronze Scales"],"acts_visited":["Exordium","TheCity"],"potions_floor_usage":[7,18,23],"damage_taken":[{"damage":3,"enemies":"Jaw Worm","floor":1,"turns":3},{"damage":1,"enemies":"Cultist","floor":4,"turns":3},{"damage":0,"enemies":"2 Louse","floor":5,"turns":2},{"damage":11,"enemies":"3 Sentries","floor":7,"turns":6},{"damage":9,"enemies":"Lagavulin","floor":10,"turns":5},{"damage":0,"enemies":"Exordium Wildlife","floor":11,"turns":2},{"damage":0,"enemies":"Exordium Thugs","floor":13,"turns":3},{"damage":0,"enemies":"Red Slaver","floor":14,"turns":3},{"damage":0,"enemies":"The Guardian","floor":16,"turns":5},{"damage":30,"enemies":"2 Thieves","floor":18,"turns":4},{"damage":5,"enemies":"Spheric Guardian","floor":20,"turns":3},{"damage":10,"enemies":"Snecko","floor":22,"turns":3},{"damage":62,"enemies":"Book of Stabbing","floor":23,"turns":6}],"seed_played":"-4920761603176043727","potions_obtained":[{"floor":5,"key":"Fire Potion"},{"floor":10,"key":"CultistPotion"},{"floor":13,"key":"Explosive Potion"},{"floor":22,"key":"EssenceOfSteel"}],"is_trial":false,"path_per_floor":["M","?","?","M","M","R","E","R","T","E","M","R","M","M","R","B",null,"M","$","M","?","M","E"],"character_chosen":"DEFECT","items_purchased":["Ball Lightning","CCEMRelics:JestersCrown","Bronze Scales","Redo"],"campfire_rested":0,"item_purchase_floors":[19,19,19,19],"current_hp_per_floor":[72,72,72,71,71,71,60,60,60,51,51,51,51,51,51,51,75,45,45,40,65,55,0,0],"gold":64,"neow_bonus":"UPGRADE_CARD","is_daily":false,"chose_seed":false,"campfire_upgraded":3,"win_rate":0.0,"timestamp":1608333085,"path_taken":["M","?","?","M","?","R","E","R","T","E","M","R","M","M","R","BOSS","M","$","M","?","M","E"],"items_purchased_type":["Card","Relic","Relic","Card"],"build_version":"2020-12-13","purchased_purges":0,"victory":false,"max_hp_per_floor":[75,75,75,75,75,75,75,75,75,75,75,75,75,75,75,75,75,75,75,75,75,75,75,75],"card_choices":[{"not_picked":["Compile Driver","Rebound"],"picked":"Leap","floor":1},{"not_picked":["Beam Cell","Chill"],"picked":"Conserve Battery","floor":4},{"not_picked":["Barrage","Turbo"],"picked":"Doom and Gloom","floor":5},{"not_picked":["Go for the Eyes","Stack"],"picked":"Melter","floor":7},{"not_picked":["Reboot","Self Repair"],"picked":"Loop","floor":10},{"not_picked":["Stack","Rebound"],"picked":"ReplayTheSpireMod:Calculation Training","floor":11},{"not_picked":["Go for the Eyes","Skim"],"picked":"Defragment","floor":13},{"not_picked":["conspire:SharedLibrary","Stack","ReplayTheSpireMod:Repulse"],"picked":"SKIP","floor":14},{"not_picked":["hubris:SpecializedCircuitry","Seek"],"picked":"Echo Form","floor":16},{"not_picked":["Go for the Eyes","Scrape"],"picked":"Panic Button","floor":18},{"not_picked":["Chill","Loop"],"picked":"Ball Lightning+1","floor":20},{"not_picked":["Compile Driver+1","Streamline"],"picked":"Darkness+1","floor":22}],"player_experience":461499,"relics_obtained":[{"floor":7,"key":"Symbiotic Virus"},{"floor":10,"key":"Incense Burner"}],"event_choices":[{"damage_healed":0,"gold_gain":0,"player_choice":"Disagree","damage_taken":0,"max_hp_gain":0,"max_hp_loss":0,"event_name":"conspire:LoneGhost","floor":2,"gold_loss":0},{"damage_healed":0,"gold_gain":0,"player_choice":"Upgraded","damage_taken":0,"max_hp_gain":0,"max_hp_loss":0,"event_name":"Upgrade Shrine","floor":3,"gold_loss":0,"cards_upgraded":["Dualcast"]},{"damage_healed":25,"gold_gain":0,"player_choice":"Heal","damage_taken":0,"max_hp_gain":0,"max_hp_loss":0,"event_name":"The Library","floor":21,"gold_loss":0}],"is_beta":false,"boss_relics":[{"not_picked":["Velvet Choker","hubris:BlackHole","conspire:SlowCooker"]}],"items_purged_floors":[],"is_endless":false,"potions_floor_spawned":[5,7,10,13,22],"killed_by":"Book of Stabbing","ascension_level":1}}