{"host":"5pvsezzv96u4cz40","time":1608322709,"event":{"mods":["2.2 Compatiblity","Act Like it!","BaseMod","BetterRewards","CapriCore","Colored Map","Colored Powertips","GifTheSpireLib","GungeonMod","Hermit","Hero for Fun","Hubris","Infinite Spire","Jorbs\u0027s Wanderer Trilogy","Lobotomy","Marisa????????","Menagerie","Minty Spire (QoL Compilation)","Reimu??????","Remilia??????","Replay The Spire","Shop Mod","StSLib","The Bladedancer","The Exalted","The Immortal","The Servant 0.9.4","??????REMEMod"],"gold_per_floor":[119,119,119,135,149,176,176,176,176,176,186,186,202,222,222,326,326,343,357,357,372,297,332,332,332,332,346,31,31,48,63,63,163,163,176,194,18,37,37,37,48,48,48,48,64,77,77,27,27,27],"floor_reached":51,"playtime":5724,"items_purged":["hubris:Compulsion","Strike_MRS","Strike_MRS"],"score":496,"play_id":"c3e59857-be22-4e9c-a685-4d4d8aec3db7","local_time":"20201218211829","is_ascension_mode":false,"campfire_choices":[{"floor":7,"key":"REST"},{"data":"MasterSpark","floor":15,"key":"SMITH"},{"floor":25,"key":"REST"},{"data":"hubris:Fate","floor":29,"key":"SMITH"},{"data":"PowerUp","floor":32,"key":"SMITH"},{"data":"UpSweep","floor":40,"key":"SMITH"},{"data":"1","floor":44,"key":"LIFT"},{"data":"2","floor":49,"key":"LIFT"}],"circlet_count":0,"master_deck":["Defend_MRS","Defend_MRS","Defend_MRS","Defend_MRS","MasterSpark+1","UpSweep+1","hermit:RoundhouseKick","PowerUp+1","NonDirectionalLaser","ChargeUpSpray","OneTimeOff","LuminesStrike","GrandCross","ShootingEcho","CasketOfStar","StarBarrage+1","DC+1","hubris:Fate+1","GravityBeat","MysteriousBeam","6A+1","SporeBomb","PropBag+1","UnstableBomb+1","MagicAbsorber","AsteroidBelt+1","MillisecondPulsars","GalacticHalo+1","FinalSpark","BlazeAway","Parasite","hubris:Fate"],"relics":["MiniHakkero","REME_ComplimentaryCards","NeowsBlessing","ReplayFunnel","DemoMod:Metronome","Replay:Baseball","Simple Rune","Replay:Ancient Bell","Oddly Smooth Stone","Eternal Feather","Bromod:ArcanePistoleer","Empty Cage","Prayer Wheel","infinitespire:FocusingShard","Onion Ring","SacredBark","hubris:Towel","Girya","Blue Doll","DemoMod:GlassGuonStoneRelic"],"acts_visited":["Exordium","TheCity","TheBeyond"],"potions_floor_usage":[16,33,33,33,38,41,50,50],"damage_taken":[{"damage":0,"enemies":"2 Louse","floor":1,"turns":1},{"damage":0,"enemies":"Cultist","floor":4,"turns":1},{"damage":0,"enemies":"Jaw Worm","floor":5,"turns":1},{"damage":20,"enemies":"Lagavulin","floor":6,"turns":5},{"damage":0,"enemies":"Blue Slaver","floor":11,"turns":3},{"damage":0,"enemies":"3 Louse","floor":13,"turns":2},{"damage":0,"enemies":"Looter","floor":14,"turns":2},{"damage":41,"enemies":"Hexaghost","floor":16,"turns":11},{"damage":6,"enemies":"Spheric Guardian","floor":18,"turns":4},{"damage":0,"enemies":"Chosen","floor":19,"turns":4},{"damage":27,"enemies":"Snake Plant","floor":21,"turns":3},{"damage":30,"enemies":"Slavers","floor":23,"turns":4},{"damage":0,"enemies":"Chosen and Byrds","floor":27,"turns":3},{"damage":9,"enemies":"Cultist and Chosen","floor":30,"turns":3},{"damage":0,"enemies":"Snake Plant","floor":31,"turns":2},{"damage":13,"enemies":"Collector","floor":33,"turns":7},{"damage":1,"enemies":"Orb Walker","floor":35,"turns":3},{"damage":25,"enemies":"3 Shapes","floor":36,"turns":3},{"damage":0,"enemies":"Spire Growth","floor":38,"turns":3},{"damage":0,"enemies":"Writhing Mass","floor":41,"turns":2},{"damage":12,"enemies":"3 Darklings","floor":45,"turns":5},{"damage":0,"enemies":"Jaw Worm Horde","floor":46,"turns":2},{"damage":6,"enemies":"hubris:GrandSnecko","floor":50,"turns":6}],"seed_played":"-7908517231162587657","potions_obtained":[{"floor":4,"key":"Swift Potion"},{"floor":19,"key":"SpeedPotion"},{"floor":27,"key":"SteroidPotion"},{"floor":31,"key":"BlessingOfTheForge"},{"floor":33,"key":"SkillPotion"},{"floor":35,"key":"Ancient Potion"}],"is_trial":false,"path_per_floor":["M","$","?","M","M","E","R","?","T","?","M","T","M","M","R","B",null,"M","M","AVR","M","?","E","?","R","T","M","$","R","M","M","R","B",null,"M","M","$","M","?","R","M","AVR","T","R","M","M","?","$","R_BF","B",null],"character_chosen":"MARISA","items_purchased":["Onion Ring","SporeBomb","Dexterity Potion","DemoMod:LeadSkinPotion","Strength Potion","Strength Potion"],"campfire_rested":2,"item_purchase_floors":[28,28,28,37,37,48],"current_hp_per_floor":[75,75,75,75,75,55,75,75,75,75,75,75,75,75,75,34,75,69,69,69,42,42,12,12,46,46,46,46,58,49,49,64,51,75,74,49,49,49,49,67,67,67,67,75,63,63,63,63,75,69],"gold":27,"neow_bonus":"THREE_ENEMY_KILL","is_daily":false,"chose_seed":false,"campfire_upgraded":4,"win_rate":0.0,"timestamp":1608322709,"path_taken":["M","$","?","?","M","E","R","?","T","?","M","?","M","M","R","BOSS","M","M","AVR","M","?","E","?","R","T","M","$","R","M","M","R","BOSS","M","M","$","M","?","R","M","AVR","T","R","M","M","?","$","R_BF","BOSS"],"items_purchased_type":["Relic","Card","Potion","Undefined","Potion","Potion"],"build_version":"2020-12-13","purchased_purges":3,"victory":true,"max_hp_per_floor":[75,75,75,75,75,75,75,75,75,75,75,75,75,75,75,75,75,75,75,75,75,75,75,75,75,75,75,75,75,75,75,75,75,75,75,75,75,75,75,75,75,75,75,75,75,75,75,75,75,75],"card_choices":[{"not_picked":["Acceleration","DoubleSpark"],"picked":"PowerUp","floor":1},{"not_picked":["ChargeUpSpray","MagicChant"],"picked":"NonDirectionalLaser","floor":4},{"not_picked":["ShootTheMoon","SporeBomb"],"picked":"ChargeUpSpray","floor":5},{"not_picked":["NonDirectionalLaser","Orbital"],"picked":"OneTimeOff","floor":6},{"not_picked":["JA","GravityBeat"],"picked":"LuminesStrike","floor":11},{"not_picked":["NonDirectionalLaser","PowerUp"],"picked":"GrandCross","floor":13},{"not_picked":["StarlightTyphoon","EarthLightRay"],"picked":"ShootingEcho","floor":14},{"not_picked":["JA","UltimateShortwave"],"picked":"CasketOfStar","floor":16},{"not_picked":["CurseOfTheBell","stsjorbsmod:PollutedStrike"],"picked":"Injury","floor":17},{"not_picked":["Replay:Hysterical Blindness","ReplayTheSpireMod:Doomed"],"picked":"Spreading Infection","floor":17},{"not_picked":["Replay:Hysterical Blindness","Normality"],"picked":"hubris:Compulsion","floor":17},{"not_picked":["SuperPerseids","EnergyFlow"],"picked":"StarBarrage+1","floor":18},{"not_picked":["GravityBeat","DeepEcoloBomb"],"picked":"DC+1","floor":19},{"not_picked":["ChargeUpSpray","LuminesStrike+1"],"picked":"GravityBeat","floor":21},{"not_picked":["PowerUp","BigCrunch","Acceleration+1"],"picked":"SKIP","floor":21},{"not_picked":["Acceleration","UnstableBomb"],"picked":"MysteriousBeam","floor":23},{"not_picked":["ManaRampage","EnergyFlow"],"picked":"6A+1","floor":27},{"not_picked":["GrandCross","DoubleSpark","ShootingEcho+1"],"picked":"SKIP","floor":27},{"not_picked":["PowerUp+1","StarlightTyphoon"],"picked":"PropBag+1","floor":30},{"not_picked":["PropBag+1","MilkyWay"],"picked":"UnstableBomb+1","floor":30},{"not_picked":["Acceleration","6A"],"picked":"MagicAbsorber","floor":31},{"not_picked":["EnergyFlow","UnstableBomb"],"picked":"AsteroidBelt+1","floor":31},{"not_picked":["StarDustReverie","JA"],"picked":"MillisecondPulsars","floor":33},{"not_picked":["AsteroidBelt","SporeBomb+1"],"picked":"GalacticHalo+1","floor":35},{"not_picked":["DeepEcoloBomb","OneTimeOff+1","DC"],"picked":"SKIP","floor":35},{"not_picked":["WitchLeyline","AsteroidBelt+1"],"picked":"FinalSpark","floor":36},{"not_picked":["ManaConvection","LuminesStrike+1","6A"],"picked":"SKIP","floor":36},{"not_picked":["DarkSpark","6A"],"picked":"BlazeAway","floor":38},{"not_picked":["WitchOfGreed+1","DoubleSpark","GravityBeat+1"],"picked":"SKIP","floor":38},{"not_picked":["6A+1","JA","NonDirectionalLaser+1"],"picked":"SKIP","floor":41},{"not_picked":["WitchOfGreed","WitchLeyline","SporeBomb+1"],"picked":"SKIP","floor":41},{"not_picked":["MilkyWay","LuminesStrike","MeteoricShower+1"],"picked":"SKIP","floor":45},{"not_picked":["6A","EscapeVelocity","MagicAbsorber"],"picked":"SKIP","floor":45},{"not_picked":["ChargingUp","OneTimeOff","DarkSpark"],"picked":"SKIP","floor":46},{"not_picked":["NonDirectionalLaser","WitchLeyline","OneTimeOff"],"picked":"SKIP","floor":46}],"player_experience":171977,"relics_obtained":[{"floor":6,"key":"ReplayFunnel"},{"floor":9,"key":"DemoMod:Metronome"},{"floor":10,"key":"Replay:Baseball"},{"floor":12,"key":"Simple Rune"},{"floor":23,"key":"infinitespire:FocusingShard"},{"floor":43,"key":"Blue Doll"}],"event_choices":[{"cards_removed":["Strike_MRS"],"damage_healed":0,"gold_gain":0,"player_choice":"Purged","damage_taken":0,"max_hp_gain":0,"max_hp_loss":0,"event_name":"Purifier","floor":3,"gold_loss":0},{"cards_removed":["Strike_MRS"],"damage_healed":0,"gold_gain":0,"player_choice":"Gave Gold","damage_taken":0,"max_hp_gain":0,"max_hp_loss":0,"event_name":"Beggar","floor":22,"gold_loss":75}],"is_beta":false,"boss_relics":[{"not_picked":["Runic Dome","Kintsugi"],"picked":"Replay:Ancient Bell"},{"not_picked":["DemoMod:LamentConfigurum","Dream Catcher"],"picked":"Oddly Smooth Stone"},{"not_picked":["infinitespire:WardingShard","REME_LimitBreaker"],"picked":"Eternal Feather"},{"not_picked":["hubris:MedicalManual","Lizard Tail"],"picked":"Bromod:ArcanePistoleer"},{"not_picked":["hubris:RunicObelisk","Replay:Drink Me"],"picked":"SacredBark"}],"items_purged_floors":[20,37,42],"is_endless":false,"potions_floor_spawned":[1,4,6,19,27,31,33,35,38],"ascension_level":0}}