{"host":"svwqvw2il1zfkkg0","time":1608331129,"event":{"mods":["AchievementEnabler","BaseMod","BetterRewards","Colored Map","Colored Powertips","Custom Start","Downfall","GifTheSpireLib","Highlight Path","Hubris","Infinite Spire","Minty Spire (QoL Compilation)","Quick Restart","Replay The Spire","Shop Mod","StSLib","SuperFastMode"],"gold_per_floor":[116,126,126,126,137,137,165,184,208,224,224,242,242,242,242,341,341,353,353,370,13,29,29,63,63,89,89,103,118,118,19,19,19,19],"floor_reached":33,"playtime":1035,"items_purged":[],"score":267,"play_id":"60e72cdb-0a07-4899-9759-191e40905e2d","local_time":"20201218143849","is_ascension_mode":false,"campfire_choices":[{"data":"Bane","floor":6,"key":"SMITH"},{"floor":15,"key":"REST"},{"data":"Envenom","floor":23,"key":"SMITH"},{"floor":25,"key":"REST"},{"floor":27,"key":"REST"},{"floor":32,"key":"REST"}],"circlet_count":0,"master_deck":["Strike_G","Strike_G","Strike_G","Strike_G","Strike_G","Defend_G","Defend_G","Defend_G+1","Defend_G","Defend_G","Survivor","Neutralize","Poisoned Stab+1","Quick Slash","Bane+1","Bane","Dagger Spray+1","Sucker Punch","Poisoned Stab","Envenom+1","ReplayTheSpireMod:Necrosis","Draining Mist","Flechettes","Poisoned Stab","All Out Attack+1","Bouncing Flask","Caltrops+1","Pot Of Greed","Pot Of Greed","Pot Of Greed","Corpse Explosion+1"],"relics":["Ring of the Snake","hubris:AstralHammer","Blue Doll","ReplayTheSpireMod:Lightbulb","Snack Pack","Strawberry","Chameleon Ring","Centennial Puzzle","Grinning Jar"],"acts_visited":["Exordium","TheCity"],"potions_floor_usage":[7,7,22,22,24,33,33],"damage_taken":[{"damage":1,"enemies":"2 Louse","floor":1,"turns":3},{"damage":0,"enemies":"Jaw Worm","floor":2,"turns":5},{"damage":0,"enemies":"Small Slimes","floor":5,"turns":2},{"damage":8,"enemies":"Lagavulin","floor":7,"turns":5},{"damage":5,"enemies":"2 Fungi Beasts","floor":8,"turns":4},{"damage":12,"enemies":"Exordium Thugs","floor":10,"turns":5},{"damage":0,"enemies":"3 Louse","floor":12,"turns":2},{"damage":25,"enemies":"The Guardian","floor":16,"turns":8},{"damage":5,"enemies":"Chosen","floor":18,"turns":4},{"damage":11,"enemies":"3 Byrds","floor":20,"turns":5},{"damage":11,"enemies":"Centurion and Healer","floor":22,"turns":5},{"damage":35,"enemies":"Slavers","floor":24,"turns":5},{"damage":22,"enemies":"Cultist and Chosen","floor":28,"turns":5},{"damage":16,"enemies":"Snecko","floor":29,"turns":4},{"damage":59,"enemies":"Collector","floor":33,"turns":5}],"seed_played":"-5524873733104279995","potions_obtained":[{"floor":2,"key":"champ:CounterPotion"},{"floor":5,"key":"Poison Potion"},{"floor":22,"key":"Fire Potion"},{"floor":24,"key":"BlessingOfTheForge"},{"floor":29,"key":"Poison Potion"}],"is_trial":false,"path_per_floor":["M","M","?","?","M","R","E","M","T","M","?","M","?","?","R","B",null,"M","?","M","$","M","R","E","R","T","R","M","M","T","$","R","B"],"character_chosen":"THE_SILENT","items_purchased":["Strawberry","Poisoned Stab","All Out Attack+1","Poison Potion","FearPotion","Corpse Explosion+1"],"campfire_rested":4,"item_purchase_floors":[21,21,21,21,21,31],"current_hp_per_floor":[62,62,62,49,49,49,41,36,36,24,24,24,24,24,42,23,63,58,58,53,60,53,53,22,43,43,64,46,32,32,32,53,0,0],"gold":19,"neow_bonus":"ONE_RARE_RELIC","is_daily":false,"chose_seed":false,"campfire_upgraded":2,"win_rate":0.0,"timestamp":1608331129,"path_taken":["M","M","?","?","M","R","E","M","T","M","?","?","?","?","R","BOSS","M","?","M","$","M","R","E","R","T","R","M","M","?","$","R","BOSS"],"items_purchased_type":["Relic","Card","Card","Potion","Potion","Card"],"build_version":"2020-12-13","purchased_purges":0,"victory":false,"max_hp_per_floor":[63,63,63,63,63,63,63,63,63,63,63,63,63,63,63,63,63,63,63,63,70,70,70,70,70,70,70,70,70,70,70,70,70,70],"card_choices":[{"not_picked":["Concentrate","Hidden Blade"],"picked":"Poisoned Stab","floor":1},{"not_picked":["Slice","Expertise"],"picked":"Quick Slash","floor":2},{"not_picked":["Prepared","Fluid Movement"],"picked":"Bane","floor":5},{"not_picked":["Reflex","Dodge and Roll"],"picked":"Dagger Spray","floor":7},{"not_picked":["Blade Dance","Underhanded Strike"],"picked":"Sucker Punch","floor":8},{"not_picked":["Quick Slash","Dodge and Roll"],"picked":"Poisoned Stab","floor":10},{"not_picked":["Prepared","Endless Agony"],"picked":"Envenom","floor":12},{"not_picked":["Envenom","Glass Knife"],"picked":"ReplayTheSpireMod:Necrosis","floor":16},{"not_picked":["Setup","Finisher+1"],"picked":"Draining Mist","floor":18},{"not_picked":["Terror","Outmaneuver"],"picked":"Flechettes","floor":20},{"not_picked":["Caltrops+1","Choke+1"],"picked":"Bouncing Flask","floor":22},{"not_picked":["Finisher","Dagger Spray"],"picked":"Caltrops+1","floor":24},{"not_picked":["Caltrops","Prepared+1","PiercingWail"],"picked":"SKIP","floor":28},{"not_picked":["Outmaneuver","Skewer","Terror+1"],"picked":"SKIP","floor":29}],"player_experience":393638,"relics_obtained":[{"floor":7,"key":"Blue Doll"},{"floor":9,"key":"ReplayTheSpireMod:Lightbulb"},{"floor":24,"key":"Chameleon Ring"},{"floor":26,"key":"Centennial Puzzle"},{"floor":30,"key":"Grinning Jar"}],"event_choices":[{"damage_healed":0,"gold_gain":0,"player_choice":"Entered Light","damage_taken":13,"max_hp_gain":0,"max_hp_loss":0,"event_name":"Shining Light","floor":4,"gold_loss":0,"cards_upgraded":["Defend_G","Poisoned Stab"]},{"damage_healed":0,"gold_gain":0,"player_choice":"Grow","damage_taken":0,"max_hp_gain":0,"max_hp_loss":0,"event_name":"Living Wall","floor":11,"gold_loss":0,"cards_upgraded":["Dagger Spray"]},{"damage_healed":0,"gold_gain":0,"player_choice":"Searched \u00272\u0027 times","damage_taken":0,"relics_obtained":["Snack Pack"],"max_hp_gain":0,"max_hp_loss":0,"event_name":"Dead Adventurer","floor":14,"gold_loss":0}],"is_beta":false,"boss_relics":[{"not_picked":["hubris:GrandSneckoEye","hubris:TerracottaHorce","hubris:RunicObelisk"]}],"items_purged_floors":[],"is_endless":false,"potions_floor_spawned":[2,5,10,22,24,29],"killed_by":"Collector","ascension_level":0}}