{"host":"obza8r4x8ovwwhn2","time":1608277661,"event":{"mods":["BaseMod","BetterRewards","Colored Map","Downfall","Highlight Path","Minty Spire (QoL Compilation)","Permanent Neow","Quick Restart","Replay The Spire","Shop Mod","StSLib","SuperFastMode"],"gold_per_floor":[199,31,31,64,77,105,178,212,230,255,266,17,17,167,178,283,283,133,233,233,262,277,292,292,321,321,350,49,77,90,90,106,209,209,134,13,38,49,68,99,99,99,134,134,222,222,233,246,264,264,264,294,54,54,54],"floor_reached":56,"playtime":3615,"items_purged":["Slimebound:Icky"],"score":1603,"play_id":"5cc04643-4c4a-432f-8d1d-7d11a5582413","local_time":"20201217234741","is_ascension_mode":true,"campfire_choices":[{"floor":1.0,"key":"RECALL"},{"data":"Guardian:BaubleBeam","floor":20.0,"key":"SMITH"},{"data":"Guardian:PolyBeam","floor":35,"key":"SMITH"},{"data":"Panache","floor":42,"key":"SMITH"},{"data":"Guardian:BaubleBeam","floor":44,"key":"SMITH"},{"floor":54,"key":"REST"}],"circlet_count":0,"master_deck":["Guardian:Strike_Guardian","Guardian:Strike_Guardian","Guardian:Strike_Guardian","Guardian:Defend_Guardian","Guardian:Defend_Guardian","Guardian:Defend_Guardian+1","Guardian:CurlUp","Guardian:TwinSlam","Guardian:EvasiveProtocol","Guardian:PrimingBeam","Guardian:EvasiveProtocol","Guardian:SpikerProtocol","Guardian:PrimingBeam","Guardian:PolyBeam+1","Guardian:PolyBeam","Guardian:BaubleBeam+1","Guardian:ConstructionForm","Guardian:Clone+1","Guardian:PrimingBeam","Guardian:BronzeArmor+1","Panache+1","Guardian:VentSteam","Guardian:PrimingBeam","Guardian:PrimingBeam","Guardian:ChargeCore+1","Guardian:BaubleBeam+1","Guardian:Gem_Red","Guardian:Gem_Orange","Guardian:Gem_Yellow","Guardian:Gem_Lightblue","Guardian:Gem_Fragmented","Guardian:Gem_Cyan","Guardian:EvasiveProtocol+1","Guardian:FloatingOrbs+1","Guardian:ArmoredProtocol+1"],"relics":["Guardian:ModeShifter","Guardian:StasisUpgradeRelic","Pet Ghost","The Courier","Meat on the Bone","Du-Vu Doll","Blue Doll","Replay:WaspNest","ChewingGum","downfall:HeartBlessingRed","downfall:HeartBlessingGreen","Calipers","Letter Opener","Smiling Mask","Replay:Mystery Machine","Tiny Chest","Frozen Egg 2","Replay:Rubber Ducky","Busted Crown","downfall:HeartBlessingBlue","War Paint","InkBottle","Vajra","Guardian:SackOfGems","Bag of Marbles","Centennial Puzzle","Girya","Mirror","Oddly Smooth Stone","Sling"],"acts_visited":["Exordium","TheCity","TheBeyond","TheEnding"],"potions_floor_usage":[52,52],"damage_taken":[{"damage":0.0,"enemies":"downfall:FleeingMerchant","floor":2.0,"turns":4.0},{"damage":43.0,"enemies":"3 Sentries","floor":4.0,"turns":15.0},{"damage":0.0,"enemies":"Small Slimes","floor":5.0,"turns":3.0},{"damage":13.0,"enemies":"Replay:BlueRogue","floor":6.0,"turns":8.0},{"damage":13.0,"enemies":"Lagavulin","floor":8.0,"turns":10.0},{"damage":3.0,"enemies":"Jaw Worm","floor":9.0,"turns":4.0},{"damage":8.0,"enemies":"Replay:BlueRogue","floor":10.0,"turns":8.0},{"damage":0.0,"enemies":"2 Louse","floor":11.0,"turns":2.0},{"damage":0.0,"enemies":"downfall:FleeingMerchant","floor":12.0,"turns":4.0},{"damage":2.0,"enemies":"Exordium Thugs","floor":15.0,"turns":3.0},{"damage":29.0,"enemies":"downfall:Defect","floor":16.0,"turns":8.0},{"damage":16.0,"enemies":"downfall:Watcher","floor":19.0,"turns":6.0},{"damage":15.0,"enemies":"Slavers","floor":21.0,"turns":5.0},{"damage":6.0,"enemies":"Shell Parasite","floor":22.0,"turns":3.0},{"damage":0.0,"enemies":"Spheric Guardian","floor":23.0,"turns":2.0},{"damage":0.0,"enemies":"Replay:Snechameleon","floor":25.0,"turns":4.0},{"damage":0.0,"enemies":"Book of Stabbing","floor":27.0,"turns":5.0},{"damage":3,"enemies":"downfall:FleeingMerchant","floor":28,"turns":4},{"damage":12,"enemies":"downfall:FleeingMerchant","floor":29,"turns":4},{"damage":0,"enemies":"Centurion and Healer","floor":30,"turns":4},{"damage":0,"enemies":"Snecko","floor":32,"turns":3},{"damage":32,"enemies":"downfall:Ironclad","floor":33,"turns":9},{"damage":0,"enemies":"Reptomancer","floor":37,"turns":5},{"damage":0,"enemies":"3 Shapes","floor":38,"turns":4},{"damage":0,"enemies":"Orb Walker","floor":39,"turns":3},{"damage":13,"enemies":"Nemesis","floor":40,"turns":5},{"damage":0,"enemies":"R_Hoarder","floor":43,"turns":5},{"damage":0,"enemies":"Sphere and 2 Shapes","floor":47,"turns":3},{"damage":0,"enemies":"3 Darklings","floor":48,"turns":4},{"damage":1,"enemies":"4 Shapes","floor":49,"turns":3},{"damage":0,"enemies":"downfall:Watcher","floor":50,"turns":5},{"damage":73,"enemies":"downfall:CharBossMerchant","floor":52,"turns":9},{"damage":10,"enemies":"downfall:NeowBoss","floor":55,"turns":22}],"seed_played":"-2016504035332463824","potions_obtained":[{"floor":5.0,"key":"DistilledChaos"},{"floor":6.0,"key":"Fruit Juice"},{"floor":9.0,"key":"Adrenaline Potion"},{"floor":10.0,"key":"Guardian:DefensiveModePotion"},{"floor":15.0,"key":"Dexterity Potion"},{"floor":21.0,"key":"Energy Potion"},{"floor":23.0,"key":"Weak Potion"},{"floor":25.0,"key":"Toxic Potion"},{"floor":32,"key":"Explosive Potion"},{"floor":33,"key":"ColorlessPotion"},{"floor":39,"key":"ColorlessPotion"},{"floor":52,"key":"SpeedPotion"}],"is_trial":false,"path_per_floor":["R","$","?","E","M","E","T","E","M","E","M","$","?","?","M","B",null,"R_BF","?","R","E","M","M","T","E","?","E","$","$","M","?","M","B",null,"R","$","E","M","M","E","T","R","E","R","?","T","M","M","M","B",null,"E","$","R","B",null],"character_chosen":"GUARDIAN","items_purchased":["Guardian:StasisUpgradeRelic","Guardian:PolyBeam","Replay:WaspNest","Panache","Guardian:Gem_Purple","Guardian:Gem_Lightblue","Guardian:VentSteam","Frozen Egg 2","Replay:Rubber Ducky","War Paint","Oddly Smooth Stone","Sling"],"campfire_rested":1,"item_purchase_floors":[2,12,12,28,28,28,28,29,29,36,53,53],"current_hp_per_floor":[80,80,80,37,37,29,29,28,37,41,53,53,53,53,51,34,85,85,69,69,54,48,48,48,48,48,48,45,45,45,45,45,25,85,95,95,95,95,95,82,82,82,82,82,82,82,82,82,81,81,95,34,34,62,52],"gold":54,"neow_bonus":"HUNDRED_GOLD","is_daily":false,"chose_seed":false,"campfire_upgraded":4,"win_rate":0.0,"timestamp":1608277661,"path_taken":["R","$","?","E","M","E","T","E","M","E","M","$","?","?","M","BOSS","R_BF","?","R","E","M","M","T","E","?","E","?","$","M","?","M","BOSS","R","$","E","M","M","E","T","R","E","R","?","?","M","M","M","BOSS","E","$","R","BOSS"],"items_purchased_type":["Relic","Card","Relic","Card","Card","Card","Card","Relic","Relic","Relic","Relic","Relic"],"build_version":"2020-12-13","purchased_purges":1,"victory":true,"max_hp_per_floor":[80,80,80,80,80,85,85,85,85,85,85,85,85,85,85,85,85,85,85,85,85,85,85,85,85,85,85,85,85,85,85,85,85,85,95,95,95,95,95,95,95,95,95,95,95,95,95,95,95,95,95,95,95,95,95],"card_choices":[{"not_picked":["Guardian:Gem_Green","Guardian:MultiBeam"],"picked":"Guardian:EvasiveProtocol","floor":2.0},{"not_picked":["Guardian:Gem_Green","Guardian:TemporalStrike"],"picked":"Guardian:PrimingBeam","floor":4.0},{"not_picked":["Guardian:Recover","Guardian:VentSteam"],"picked":"Guardian:Gem_White","floor":5.0},{"not_picked":["Guardian:Harden","Guardian:WalkerClaw"],"picked":"Guardian:EvasiveProtocol","floor":6.0},{"not_picked":["Guardian:Planning","Guardian:VentSteam"],"picked":"Guardian:SpikerProtocol","floor":8.0},{"not_picked":["Guardian:TemporalStrike","Guardian:MultiBeam"],"picked":"Guardian:Gem_Purple","floor":9.0},{"not_picked":["Guardian:Suspension","Guardian:Gem_Green"],"picked":"Guardian:Gem_White","floor":10.0},{"not_picked":["Guardian:Gem_Crimson","Guardian:AncientConstruct"],"picked":"Guardian:PrimingBeam","floor":11.0},{"not_picked":["Guardian:Recover","Guardian:Harden","Guardian:EvasiveProtocol"],"picked":"SKIP","floor":12.0},{"not_picked":["Guardian:Gem_Green","Guardian:PrismaticBarrier"],"picked":"Guardian:Gem_Red","floor":15.0},{"not_picked":["Guardian:StasisEngine","Guardian:TimeSifter"],"picked":"Guardian:BaubleBeam","floor":16.0},{"not_picked":["Guardian:Gem_Red","Guardian:SphericShield"],"picked":"Guardian:Clone+1","floor":21.0},{"not_picked":["Guardian:ChargeCore+1","Guardian:EvasiveProtocol+1"],"picked":"Guardian:PrimingBeam","floor":22.0},{"not_picked":["Guardian:Incinerate","Guardian:Gem_Green","Guardian:Emergency"],"picked":"SKIP","floor":23.0},{"not_picked":["Guardian:Incinerate","Guardian:TemporalStrike","Guardian:Repulse"],"picked":"SKIP","floor":25.0},{"not_picked":["Guardian:FuturePlans","Guardian:FastForward"],"picked":"Guardian:Gem_Fragmented","floor":27.0},{"not_picked":["Guardian:Recover","Guardian:RollAttack"],"picked":"Guardian:BronzeArmor","floor":28},{"not_picked":["Guardian:CrystalBeam","Guardian:Gem_Red"],"picked":"Guardian:PrimingBeam","floor":29},{"not_picked":["Guardian:Reroute","Guardian:Gem_Lightblue"],"picked":"Guardian:PrimingBeam","floor":30},{"not_picked":["Guardian:Emergency","Guardian:Gem_Crimson"],"picked":"Guardian:ChargeCore+1","floor":32},{"not_picked":["Guardian:TimeSifter+1","Guardian:AncientConstruct+1"],"picked":"Guardian:BaubleBeam","floor":33},{"not_picked":["Guardian:Incinerate+1"],"picked":"SKIP","floor":37},{"not_picked":["Guardian:Gem_Yellow"],"picked":"SKIP","floor":38},{"not_picked":[],"picked":"Guardian:Gem_Red","floor":39},{"not_picked":["Guardian:WalkerClaw"],"picked":"SKIP","floor":40},{"not_picked":["Guardian:Recover+1"],"picked":"SKIP","floor":43},{"not_picked":[],"picked":"Guardian:EvasiveProtocol+1","floor":45},{"not_picked":[],"picked":"Guardian:FloatingOrbs+1","floor":47},{"not_picked":[],"picked":"Guardian:ArmoredProtocol+1","floor":48},{"not_picked":["Guardian:Recover+1"],"picked":"SKIP","floor":49},{"not_picked":["Guardian:TemporalStrike+1"],"picked":"SKIP","floor":52}],"player_experience":589490,"relics_obtained":[{"floor":4.0,"key":"Pet Ghost"},{"floor":6.0,"key":"The Courier"},{"floor":7.0,"key":"Meat on the Bone"},{"floor":8.0,"key":"Du-Vu Doll"},{"floor":10.0,"key":"Blue Doll"},{"floor":19.0,"key":"Calipers"},{"floor":19.0,"key":"Letter Opener"},{"floor":21.0,"key":"Smiling Mask"},{"floor":25.0,"key":"Replay:Mystery Machine"},{"floor":27.0,"key":"Tiny Chest"},{"floor":37,"key":"InkBottle"},{"floor":40,"key":"Vajra"},{"floor":41,"key":"Guardian:SackOfGems"},{"floor":43,"key":"Bag of Marbles"},{"floor":45,"key":"Centennial Puzzle"},{"floor":46,"key":"Girya"},{"floor":52,"key":"Mirror"}],"event_choices":[{"damage_healed":0,"gold_gain":0,"player_choice":"Ignored","damage_taken":0,"max_hp_gain":0,"max_hp_loss":0,"event_name":"Vampires","floor":31,"gold_loss":0}],"is_beta":false,"boss_relics":[{"not_picked":["ReplayTheSpireMod:DimensionalGlitch","Tiny House"],"picked":"ChewingGum"},{"not_picked":["Calling Bell","Replay:Ancient Bell"],"picked":"Busted Crown"}],"items_purged_floors":[28],"is_endless":false,"potions_floor_spawned":[5,6,9,10,15,21,23,25,32,33,38,39,40,43,52],"ascension_level":1}}