{"host":"2461dio7vetlq1z3","time":1608270274,"event":{"mods":["2.2 Compatiblity","AchievementEnabler","BaseMod","Better Third Choice","Hermit","Minty Spire (QoL Compilation)","Relic Stats","Spicy Shops","StSLib","The Animator","Waifu the Spire"],"gold_per_floor":[116,116,41,41,41,41,66,79,79,104,104,118,118,148,148,148,148],"floor_reached":16,"playtime":551,"items_purged":[],"score":307,"play_id":"6d9f182c-7a2a-49d9-b896-db7ebc6e4fba","local_time":"20201218064434","is_ascension_mode":true,"campfire_choices":[{"data":"Neutralize","floor":6,"key":"SMITH"},{"data":"Footwork","floor":11,"key":"SMITH"},{"data":"Sucker Punch","floor":13,"key":"SMITH"},{"data":"Masterful Stab","floor":15,"key":"SMITH"}],"circlet_count":0,"master_deck":["AscendersBane","Strike_G","Strike_G","Strike_G","Strike_G","Defend_G","Defend_G","Defend_G","Defend_G","Defend_G","Survivor","Neutralize+1","Sucker Punch+1","Calculated Gamble","Footwork+1","Cloak And Dagger","Masterful Stab+1","Tools of the Trade"],"relics":["Ring of the Snake","NeowsBlessing","Lantern","Question Card","Darkstone Periapt","Ancient Tea Set"],"acts_visited":["Exordium"],"potions_floor_usage":[10,16],"damage_taken":[{"damage":0,"enemies":"Cultist","floor":1,"turns":1},{"damage":0,"enemies":"Lagavulin","floor":7,"turns":1},{"damage":0,"enemies":"Jaw Worm","floor":8,"turns":1},{"damage":2,"enemies":"3 Sentries","floor":10,"turns":12},{"damage":0,"enemies":"2 Louse","floor":12,"turns":3},{"damage":0,"enemies":"Lagavulin","floor":14,"turns":10},{"damage":72,"enemies":"Slime Boss","floor":16,"turns":12}],"seed_played":"3713082887799062333","potions_obtained":[{"floor":5,"key":"BlessingOfTheForge"},{"floor":5,"key":"Weak Potion"},{"floor":7,"key":"Strength Potion"},{"floor":10,"key":"ColorlessPotion"},{"floor":12,"key":"PowerPotion"}],"is_trial":false,"path_per_floor":["M","?","?","$","?","R","E","M","T","E","R","M","R","E","R","B"],"character_chosen":"THE_SILENT","items_purchased":[],"campfire_rested":0,"item_purchase_floors":[],"current_hp_per_floor":[59,64,64,64,64,64,64,64,64,62,62,62,62,62,62,0,0],"gold":148,"neow_bonus":"THREE_ENEMY_KILL","is_daily":false,"chose_seed":false,"campfire_upgraded":4,"win_rate":0.0,"timestamp":1608270274,"path_taken":["M","?","?","$","?","R","E","M","T","E","R","M","R","E","R","BOSS"],"items_purchased_type":[],"build_version":"2020-12-13","purchased_purges":0,"victory":false,"max_hp_per_floor":[66,71,71,71,71,71,71,71,71,71,71,71,71,71,71,71,71],"relic_stats":{"Darkstone Periapt":0,"counters":[7,40],"Question Card":3,"obtain_stats":[{"Darkstone Periapt":10,"Lantern":7,"NeowsBlessing":0,"Question Card":9,"Ancient Tea Set":14,"Ring of the Snake":0},{"Darkstone Periapt":4,"Lantern":2,"NeowsBlessing":0,"Question Card":3,"Ancient Tea Set":6,"Ring of the Snake":0},{"Darkstone Periapt":15,"Lantern":2,"NeowsBlessing":0,"Question Card":3,"Ancient Tea Set":28,"Ring of the Snake":0}],"Ring of the Snake":[14]},"card_choices":[{"not_picked":["Prepared","Bane"],"picked":"Sucker Punch","floor":1},{"not_picked":["Backflip","Underhanded Strike"],"picked":"Calculated Gamble","floor":7},{"not_picked":["Outmaneuver","Underhanded Strike"],"picked":"Footwork","floor":8},{"not_picked":["Flying Knee","Underhanded Strike","Prepared"],"picked":"Cloak And Dagger","floor":10},{"not_picked":["Catalyst","Reflex","Eviscerate"],"picked":"Masterful Stab","floor":12},{"not_picked":["Caltrops","Bouncing Flask","Quick Slash"],"picked":"Tools of the Trade","floor":14}],"player_experience":792029,"relics_obtained":[{"floor":7,"key":"Lantern"},{"floor":9,"key":"Question Card"},{"floor":10,"key":"Darkstone Periapt"},{"floor":14,"key":"Ancient Tea Set"}],"event_choices":[{"damage_healed":0,"gold_gain":0,"player_choice":"Donut","damage_taken":0,"max_hp_gain":5,"max_hp_loss":0,"event_name":"Big Fish","floor":2,"gold_loss":0},{"cards_removed":["Strike_G"],"damage_healed":0,"gold_gain":0,"player_choice":"Card Removal","damage_taken":0,"max_hp_gain":0,"max_hp_loss":0,"event_name":"The Cleric","floor":3,"gold_loss":75},{"damage_healed":0,"gold_gain":0,"player_choice":"Got Potions","damage_taken":0,"max_hp_gain":0,"max_hp_loss":0,"event_name":"Lab","floor":5,"gold_loss":0}],"is_beta":false,"boss_relics":[],"items_purged_floors":[],"is_endless":false,"potions_floor_spawned":[7,10,12],"killed_by":"Slime Boss","ascension_level":17}}