{"host":"pgqkv8mh62pnrbci","time":1608303916,"event":{"mods":["AchievementEnabler","BaseMod","Custom Start","Minty Spire (QoL Compilation)","Replay The Spire","StSLib","SuperFastMode","¡¼?Úª?ø«¡½REMEMod"],"gold_per_floor":[113,130,141,160,173,173,187,200,200,212,287,306,322,335,335,412,412,428,158,158,158,173,206,206,240,240,276,325,325,352,267,267,340,340,380,270,10,23,40,40,72,72,97,112,124,124,139,151,151,151],"floor_reached":51,"playtime":3738,"items_purged":["Strike_G","Halt"],"score":1466,"play_id":"61795d3d-4876-484a-acdc-d5f24ce23097","local_time":"20201219000516","daily_mods":["Diverse"],"is_ascension_mode":true,"campfire_choices":[{"data":"REME_ACTH","floor":6.0,"key":"SMITH"},{"data":"Armaments","floor":15.0,"key":"SMITH"},{"data":"Recycle","floor":24.0,"key":"SMITH"},{"data":"Ghostly","floor":32.0,"key":"SMITH"},{"data":"Ghostly","floor":40.0,"key":"SMITH"},{"data":"ReplayTheSpireMod:GoodbyeWorld","floor":42.0,"key":"SMITH"},{"data":"Terror","floor":46,"key":"SMITH"},{"data":"REME_CopyPotion","floor":49,"key":"SMITH"}],"circlet_count":0,"master_deck":["AscendersBane","Survivor","Neutralize","REME_ACTH+1","Leap","Reckless Charge","Shockwave","Replay:Undeath\u0027s Touch","Terror+1","Armaments+1","Fire Breathing","Fiend Fire","REME_TheLastStrike","Recycle+1","REME_ProfessionalPlagiarism","HandOfGreed","Finesse","Recycle+1","Hidden Blade","REME_Shoggoth","Ghostly+1","Ghostly+1","Ghostly+1","Hello World","REME_CopyPotion+1","Compile Driver","Glass Knife","Double Tap","FTL","FlyingSleeves","Calculated Gamble+1","REME_Cut","ReplayTheSpireMod:GoodbyeWorld+1","Hello World","Dual Wield"],"relics":["Ring of the Snake","REME_ComplimentaryCards","Dead Branch","Garlic","ChewingGum","ReplayTheSpireMod:ShopPack","Ring of Fangs","ReplayTheSpireMod:Ring of Addiction","SacredBark","Chameleon Ring","Nunchaku","Potion Belt","Gremlin Food","Divine Protection","Replay:PocketPolymizer","Pandora\u0027s Box","ReplayTheSpireMod:TigerMarble","Golden Egg","Strawberry"],"acts_visited":["Exordium","TheCity","TheBeyond"],"potions_floor_usage":[47,50],"damage_taken":[{"damage":9.0,"enemies":"Cultist","floor":1.0,"turns":5.0},{"damage":0.0,"enemies":"2 Louse","floor":2.0,"turns":3.0},{"damage":0.0,"enemies":"Small Slimes","floor":3.0,"turns":2.0},{"damage":1.0,"enemies":"Gremlin Gang","floor":4.0,"turns":2.0},{"damage":0.0,"enemies":"Exordium Wildlife","floor":5.0,"turns":3.0},{"damage":1.0,"enemies":"Large Slime","floor":7.0,"turns":7.0},{"damage":0.0,"enemies":"Blue Slaver","floor":8.0,"turns":1.0},{"damage":0.0,"enemies":"Lots of Slimes","floor":10.0,"turns":1.0},{"damage":0.0,"enemies":"Exordium Wildlife","floor":12.0,"turns":3.0},{"damage":0.0,"enemies":"Gremlin Gang","floor":13.0,"turns":2.0},{"damage":0.0,"enemies":"Large Slime","floor":14.0,"turns":2.0},{"damage":17.0,"enemies":"The Guardian","floor":16.0,"turns":12.0},{"damage":2.0,"enemies":"2 Thieves","floor":18.0,"turns":3.0},{"damage":0.0,"enemies":"Chosen","floor":22.0,"turns":2.0},{"damage":0.0,"enemies":"Gremlin Leader","floor":23.0,"turns":4.0},{"damage":6.0,"enemies":"Centurion and Healer","floor":25.0,"turns":4.0},{"damage":21.0,"enemies":"Shelled Parasite and Fungi","floor":27.0,"turns":4.0},{"damage":0.0,"enemies":"Slavers","floor":28.0,"turns":3.0},{"damage":1.0,"enemies":"Book of Stabbing","floor":30.0,"turns":5.0},{"damage":0.0,"enemies":"Automaton","floor":33.0,"turns":2.0},{"damage":0.0,"enemies":"3 Shapes","floor":35.0,"turns":5.0},{"damage":0.0,"enemies":"3 Darklings","floor":38.0,"turns":3.0},{"damage":0.0,"enemies":"Maw","floor":39.0,"turns":3.0},{"damage":0.0,"enemies":"Nemesis","floor":41.0,"turns":3.0},{"damage":6.0,"enemies":"Sphere and 2 Shapes","floor":44.0,"turns":3.0},{"damage":0,"enemies":"Transient","floor":45,"turns":2},{"damage":0,"enemies":"3 Darklings","floor":47,"turns":3},{"damage":0,"enemies":"Maw","floor":48,"turns":3},{"damage":9,"enemies":"Replay:Hell Engine","floor":50,"turns":2}],"seed_played":"9024786959681002850","potions_obtained":[{"floor":4.0,"key":"Strength Potion"},{"floor":8.0,"key":"Doom Potion"},{"floor":14.0,"key":"BlessingOfTheForge"},{"floor":18.0,"key":"Toxic Potion"},{"floor":21.0,"key":"LifebloodPotion"},{"floor":23.0,"key":"Fire Potion"},{"floor":30.0,"key":"SpeedPotion"},{"floor":33.0,"key":"Ancient Potion"},{"floor":35.0,"key":"DuplicationPotion"},{"floor":39.0,"key":"Adrenaline Potion"},{"floor":45,"key":"Poison Potion"}],"is_trial":true,"path_per_floor":["M","M","M","M","M","R","M","M","T","M","?","M","M","M","R","B",null,"M","$","?","?","M","E","R","M","T","M","E","?","E","?","R","B",null,"M","?","$","M","M","R","E","R","T","M","M","R","M","M","R","B",null],"character_chosen":"THE_SILENT","items_purchased":["Recycle+1","ReplayTheSpireMod:ShopPack","ReplayTheSpireMod:TigerMarble"],"campfire_rested":0,"item_purchase_floors":[19,19,37],"current_hp_per_floor":[50,50,50,49,49,49,48,48,48,48,37,37,37,37,37,20,55,53,53,35,35,35,35,35,29,29,8,8,8,7,7,7,7,27,27,27,27,27,27,27,27,27,34,28,28,28,28,32,32,23],"gold":151,"neow_bonus":"","is_daily":false,"chose_seed":false,"campfire_upgraded":8,"win_rate":0.0,"timestamp":1608303916,"path_taken":["M","M","M","M","M","R","M","M","T","M","?","M","M","M","R","BOSS","M","$","?","?","M","E","R","M","T","M","E","?","E","?","R","BOSS","M","?","$","M","?","R","E","R","T","M","M","R","M","M","R","BOSS"],"items_purchased_type":["Card","Relic","Relic"],"build_version":"2020-12-13","purchased_purges":2,"victory":true,"max_hp_per_floor":[66,66,66,66,66,66,66,66,66,66,66,66,66,66,66,66,66,66,66,71,71,71,71,71,71,71,71,71,35,35,35,33,33,33,33,33,33,33,33,33,33,31,38,38,38,38,38,38,38,38],"card_choices":[{"not_picked":["Barrage","ThirdEye"],"picked":"Leap","floor":1.0},{"not_picked":["CutThroughFate","Caltrops"],"picked":"Reckless Charge","floor":2.0},{"not_picked":["Go for the Eyes","JustLucky"],"picked":"Shockwave","floor":3.0},{"not_picked":["FlurryOfBlows","ReplayTheSpireMod:Muscle Training"],"picked":"Replay:Undeath\u0027s Touch","floor":4.0},{"not_picked":["Crescendo","JustLucky"],"picked":"Terror","floor":5.0},{"not_picked":["Force Field","Chill"],"picked":"Armaments","floor":7.0},{"not_picked":["ReplayTheSpireMod:Necrosis","Sucker Punch"],"picked":"Fire Breathing","floor":8.0},{"not_picked":["Quick Slash","FlyingSleeves","Perfected Strike"],"picked":"SKIP","floor":10.0},{"not_picked":["BasicCrystalCard","ReplayTheSpireMod:Strike From Hell"],"picked":"Crescendo","floor":12.0},{"not_picked":["Consecrate","EmptyMind","Fasting2"],"picked":"SKIP","floor":13.0},{"not_picked":["Backflip","Headbutt"],"picked":"Fiend Fire","floor":14.0},{"not_picked":["Machine Learning","Meteor Strike"],"picked":"REME_TheLastStrike","floor":16.0},{"not_picked":["Dagger Throw+1","Flying Knee","Rupture"],"picked":"SKIP","floor":18.0},{"not_picked":["Magnetism","ReplayUltimateDefense"],"picked":"REME_ProfessionalPlagiarism","floor":19.0},{"not_picked":["REME_TheoryOfElimination","REME_ProfessionalPlagiarism"],"picked":"HandOfGreed","floor":19.0},{"not_picked":["Thinking Ahead","REME_BuildACard"],"picked":"Finesse","floor":19.0},{"not_picked":["Armaments","Go for the Eyes","Barrage"],"picked":"SKIP","floor":22.0},{"not_picked":["Armaments","Go for the Eyes","Barrage"],"picked":"SKIP","floor":22.0},{"not_picked":["Dagger Throw","ReachHeaven"],"picked":"Recycle","floor":23.0},{"not_picked":["BowlingBash+1","Gash","Deadly Poison"],"picked":"SKIP","floor":25.0},{"not_picked":["PathToVictory","REME_Repentance"],"picked":"Hidden Blade","floor":27.0},{"not_picked":["Deflect","Compile Driver+1"],"picked":"REME_Shoggoth","floor":28.0},{"not_picked":["Compile Driver","Cold Snap","Barrage+1"],"picked":"SKIP","floor":30.0},{"not_picked":["Phantasmal Killer","Malaise"],"picked":"REME_CopyPotion","floor":33.0},{"not_picked":["Setup","Replay:Undeath\u0027s Touch","EmptyMind"],"picked":"SKIP","floor":35.0},{"not_picked":["Leap","Pommel Strike"],"picked":"Calculated Gamble+1","floor":38.0},{"not_picked":["Bane+1","Conclude","Dagger Spray"],"picked":"SKIP","floor":39.0},{"not_picked":["Prepared","Cleave","CrushJoints"],"picked":"SKIP","floor":41.0},{"not_picked":["Turbo","Barrage+1","Redo"],"picked":"SKIP","floor":44.0},{"not_picked":["Blizzard","Doom and Gloom","Barrage"],"picked":"SKIP","floor":45},{"not_picked":["Expertise","Capacitor+1"],"picked":"Dual Wield","floor":47},{"not_picked":["ReplayTheSpireMod:Stacked","PiercingWail","JustLucky"],"picked":"SKIP","floor":48}],"player_experience":555897,"relics_obtained":[{"floor":9.0,"key":"Garlic"},{"floor":21.0,"key":"Ring of Fangs"},{"floor":21.0,"key":"ReplayTheSpireMod:Ring of Addiction"},{"floor":21.0,"key":"SacredBark"},{"floor":21.0,"key":"Chameleon Ring"},{"floor":23.0,"key":"Nunchaku"},{"floor":26.0,"key":"Potion Belt"},{"floor":28.0,"key":"Gremlin Food"},{"floor":30.0,"key":"Divine Protection"},{"floor":41.0,"key":"Golden Egg"},{"floor":43.0,"key":"Strawberry"}],"event_choices":[{"damage_healed":0.0,"max_hp_gain":0.0,"max_hp_loss":0.0,"gold_gain":75.0,"event_name":"World of Goop","player_choice":"Gather Gold","floor":11.0,"gold_loss":0.0,"damage_taken":11.0},{"damage_healed":0.0,"max_hp_gain":5.0,"max_hp_loss":0.0,"gold_gain":0.0,"event_name":"Forgotten Altar","player_choice":"Shed Blood","floor":20.0,"gold_loss":0.0,"damage_taken":23.0},{"damage_healed":0.0,"max_hp_gain":0.0,"max_hp_loss":36.0,"gold_gain":0.0,"event_name":"Ghosts","player_choice":"Became a Ghost","floor":29.0,"gold_loss":0.0,"damage_taken":0.0,"cards_obtained":["Ghostly","Ghostly","Ghostly"]},{"damage_healed":0.0,"max_hp_gain":0.0,"max_hp_loss":0.0,"gold_gain":0.0,"event_name":"Addict","player_choice":"Obtained Relic","floor":31.0,"gold_loss":85.0,"damage_taken":0.0,"relics_obtained":["Replay:PocketPolymizer"]},{"cards_removed":["Sickly"],"damage_healed":0.0,"max_hp_gain":0.0,"max_hp_loss":0.0,"gold_gain":0.0,"event_name":"Designer","player_choice":"Upgrade and Remove","floor":36.0,"gold_loss":110.0,"damage_taken":0.0,"cards_upgraded":["Ghostly"]}],"is_beta":false,"boss_relics":[{"not_picked":["Tiny House","Runic Dome"],"picked":"ChewingGum"},{"not_picked":["HoveringKite","Coffee Dripper"],"picked":"Pandora\u0027s Box"}],"items_purged_floors":[19,37],"is_endless":false,"potions_floor_spawned":[4,8,10,12,13,14,16,18,23,30,33,35,39,45],"ascension_level":19}}