{"host":"kstmajdnxm8lto3o","time":1608332050,"event":{"mods":["Aspiration","BaseMod","Better Third Choice","BetterRewards","CCEM","Conspire","Downfall","Gremlin Skip","Highlight Path","Hubris","Minty Spire (QoL Compilation)","Replay The Spire","Shop Mod","Spicy Shops","StSLib"],"gold_per_floor":[118,118,218,235,235,235,261,278,304,304,304,336,347,361,361,463,463,474,474,474,486,486,486,519,519,519,519,537,537,183,143,143,143,143],"floor_reached":33,"playtime":1407,"items_purged":[],"score":311,"play_id":"83630140-e072-4d87-a0d0-0e46aa8ade7e","local_time":"20201218175410","is_ascension_mode":true,"campfire_choices":[{"data":"BasicCrystalCard","floor":6,"key":"SMITH"},{"floor":11,"key":"REST"},{"floor":15,"key":"REST"},{"floor":23,"key":"RECALL"},{"data":"Zap","floor":25,"key":"SMITH"},{"data":"Dualcast","floor":27,"key":"SMITH"},{"data":"Redo","floor":29,"key":"SMITH"},{"data":"J.A.X.","floor":32,"key":"SMITH"}],"circlet_count":0,"master_deck":["Strike_B+1","Strike_B+1","Strike_B+1","Defend_B+1","Defend_B+1","Defend_B+1","Zap+1","Dualcast+1","Lockon","BasicCrystalCard+1","Chaos+1","Leap","Doom and Gloom","Beam Cell","Sweeping Beam","Electrodynamics","Cold Snap","J.A.X.+1","Leap","Redo+1","Turbo+1","FIFO Queue+1"],"relics":["Cracked Core","Blue Doll","Happy Flower","Bird Faced Urn","Black Star","Pondfish Scales","Lantern","Singing Bowl","hubris:MedicalManual"],"acts_visited":["Exordium","TheCity"],"potions_floor_usage":[21,33,33],"damage_taken":[{"damage":3,"enemies":"Jaw Worm","floor":1,"turns":4},{"damage":7,"enemies":"Small Slimes","floor":4,"turns":3},{"damage":53,"enemies":"3 Sentries","floor":7,"turns":9},{"damage":0,"enemies":"Cultist","floor":8,"turns":3},{"damage":11,"enemies":"Lagavulin","floor":12,"turns":6},{"damage":3,"enemies":"Blue Slaver","floor":13,"turns":3},{"damage":0,"enemies":"3 Louse","floor":14,"turns":2},{"damage":27,"enemies":"Hexaghost","floor":16,"turns":8},{"damage":19,"enemies":"Shell Parasite","floor":18,"turns":5},{"damage":20,"enemies":"2 Thieves","floor":21,"turns":3},{"damage":0,"enemies":"conspire:Head Lice","floor":24,"turns":6},{"damage":0,"enemies":"3 Cultists","floor":28,"turns":2},{"damage":48,"enemies":"Automaton","floor":33,"turns":6}],"seed_played":"-5206589076120203865","potions_obtained":[{"floor":8,"key":"Explosive Potion"},{"floor":13,"key":"Fire Potion"},{"floor":14,"key":"DistilledChaos"},{"floor":28,"key":"Explosive Potion"}],"is_trial":false,"path_per_floor":["M","?","?","M","?","R","E","M","T","?","R","E","M","M","R","B",null,"M","?","?","M","?","R","E","R","T","R","M","R","$","?","R","B"],"character_chosen":"DEFECT","items_purchased":["hubris:MedicalManual","FIFO Queue+1"],"campfire_rested":2,"item_purchase_floors":[30,30],"current_hp_per_floor":[72,65,65,58,58,58,5,5,5,5,27,16,13,13,35,8,75,56,56,56,38,38,38,40,40,40,40,42,42,42,42,42,0,0],"gold":143,"neow_bonus":"RANDOM_COMMON_RELIC","is_daily":false,"chose_seed":false,"campfire_upgraded":5,"win_rate":0.0,"timestamp":1608332050,"path_taken":["M","?","?","?","?","R","E","M","T","?","R","E","M","M","R","BOSS","M","?","?","M","?","R","E","R","T","R","M","R","$","?","R","BOSS"],"items_purchased_type":["Relic","Card"],"build_version":"2020-12-13","purchased_purges":0,"victory":false,"max_hp_per_floor":[75,75,75,75,75,75,75,75,75,75,75,75,75,75,75,75,75,75,75,75,75,75,75,75,75,75,75,75,75,75,75,75,75,75],"card_choices":[{"not_picked":["Beam Cell","Gash"],"picked":"Lockon","floor":1},{"not_picked":["Recycle","hubris:Ukulele"],"picked":"BasicCrystalCard","floor":4},{"not_picked":["Barrage","ReplayTheSpireMod:GoodbyeWorld"],"picked":"Chaos","floor":7},{"not_picked":["Beam Cell","Rebound"],"picked":"Leap","floor":8},{"not_picked":["Gash","conspire:Rain"],"picked":"Doom and Gloom","floor":12},{"not_picked":["Gash","White Noise"],"picked":"Beam Cell","floor":13},{"not_picked":["ReplayTheSpireMod:Fabricate Wheel","Redo"],"picked":"Sweeping Beam","floor":14},{"not_picked":["Fission","hubris:Prefetch"],"picked":"Electrodynamics","floor":16},{"not_picked":["Sweeping Beam","White Noise+1"],"picked":"Cold Snap","floor":18},{"not_picked":["Streamline","Compile Driver"],"picked":"Leap","floor":21},{"not_picked":["Hologram","Sweeping Beam"],"picked":"Redo","floor":24},{"not_picked":["Sunder","Blizzard+1"],"picked":"Turbo+1","floor":28}],"player_experience":460092,"relics_obtained":[{"floor":7,"key":"Happy Flower"},{"floor":12,"key":"Bird Faced Urn"},{"floor":24,"key":"Pondfish Scales"},{"floor":24,"key":"Lantern"},{"floor":26,"key":"Singing Bowl"}],"event_choices":[{"cards_removed":["Strike_B"],"damage_healed":0,"gold_gain":0,"player_choice":"Card Removal","damage_taken":7,"max_hp_gain":0,"max_hp_loss":0,"event_name":"Golden Wing","floor":2,"gold_loss":0},{"damage_healed":0,"gold_gain":100,"player_choice":"Gold","damage_taken":0,"max_hp_gain":0,"max_hp_loss":0,"event_name":"Wheel of Change","floor":3,"gold_loss":0},{"cards_removed":["Defend_B"],"damage_healed":0,"gold_gain":0,"player_choice":"Offered Basic","damage_taken":0,"max_hp_gain":0,"max_hp_loss":0,"event_name":"Bonfire Elementals","floor":10,"gold_loss":0},{"damage_healed":0,"gold_gain":0,"player_choice":"Ignored","damage_taken":0,"max_hp_gain":0,"max_hp_loss":0,"event_name":"Ghosts","floor":19,"gold_loss":0},{"damage_healed":0,"gold_gain":0,"player_choice":"Obtain J.A.X.","damage_taken":0,"max_hp_gain":0,"max_hp_loss":0,"event_name":"Drug Dealer","floor":20,"gold_loss":0,"cards_obtained":["J.A.X."]},{"damage_healed":0,"gold_gain":0,"player_choice":"Simplicity","damage_taken":0,"max_hp_gain":0,"max_hp_loss":5,"event_name":"betterThird:BetterWriting","floor":22,"gold_loss":0},{"damage_healed":0,"gold_gain":0,"player_choice":"Upgrade","damage_taken":0,"max_hp_gain":0,"max_hp_loss":0,"event_name":"Designer","floor":31,"gold_loss":40,"cards_upgraded":["Chaos"]}],"is_beta":false,"boss_relics":[{"not_picked":["Tiny House","ReplayTheSpireMod:DimensionalGlitch"],"picked":"Black Star"}],"items_purged_floors":[],"is_endless":false,"potions_floor_spawned":[8,13,14,28],"killed_by":"Automaton","ascension_level":1}}