{"host":"o5jvvi5yapo90aia","time":1608302850,"event":{"mods":["BaseMod","CapriCore","Minty Spire (QoL Compilation)","MostiFishMod","Prisma Mod","Spicy Shops","StSLib","TestMod","The Immortal","【东方二次创作】八云紫mod","【人物mod】游戏王New YuGiOh mod","【功能Mod】Neow奖励"],"gold_per_floor":[114,125,143,193,213,240,240,253,253,283,303,303,334,347,347,421,421,436,454,467,481,406,440,511,543,543,543,575,586,636,652,652,729,729,739,754,754,779,790,822,832,857,883,899,899,931,401,420,420,420,420,420,420,80,118,123],"floor_reached":57,"playtime":9836,"items_purged":["Strike_R+1","Bash+1"],"score":3856,"play_id":"6c405d3b-6a4c-4e0c-b538-59cc198d8829","local_time":"20201218224730","is_ascension_mode":true,"campfire_choices":[{"data":"Defend_R","floor":7.0,"key":"PURGE"},{"data":"Defend_R","floor":15.0,"key":"PURGE"},{"floor":27.0,"key":"RECALL"},{"data":"testmod-Automaton","floor":32.0,"key":"SMITH"},{"data":"Strike_R+1","floor":49.0,"key":"PURGE"},{"data":"Strike_R+1","floor":53.0,"key":"PURGE"}],"circlet_count":0,"master_deck":["Battle Trance+1","DeusExMachina+1","Scrawl+1","PrismaMod:IllyaAOECommonAttack+1","testmod-Automaton+1","Turbo+1","Crescendo"],"relics":["DaveBox","testmod-TestBox","Empty Cage","ExusiaiGun","testmod-IntensifyImprint","Question Card","PrismaticShard","Potion Belt","Singing Bowl","SynthV:C4","DianDianMeat","ImportantClient","Runic Pyramid","Boot","Ginger","Omamori","Champion Belt","Fusion Hammer","testmod-Brilliant","Molten Egg 2","Akabeko","Orichalcum","Dead Branch","Membership Card","Medical Kit","testmod-CrystalShield","Happy Flower","Art of War","Mummified Hand","Anchor","testmod-IndustrialRevolution"],"acts_visited":["Exordium","TheCity","TheBeyond","TheEnding"],"potions_floor_usage":[54,56,56,56,56,56,56,56,56,56,56,56],"damage_taken":[{"damage":0.0,"enemies":"Jaw Worm","floor":1.0,"turns":1.0},{"damage":0.0,"enemies":"Cultist","floor":2.0,"turns":1.0},{"damage":0.0,"enemies":"Small Slimes","floor":3.0,"turns":2.0},{"damage":0.0,"enemies":"Looter","floor":5.0,"turns":1.0},{"damage":0.0,"enemies":"Lagavulin","floor":6.0,"turns":3.0},{"damage":0.0,"enemies":"Exordium Wildlife","floor":8.0,"turns":2.0},{"damage":0.0,"enemies":"Gremlin Nob","floor":10.0,"turns":2.0},{"damage":0.0,"enemies":"Blue Slaver","floor":11.0,"turns":1.0},{"damage":0.0,"enemies":"3 Sentries","floor":13.0,"turns":2.0},{"damage":0.0,"enemies":"Exordium Thugs","floor":14.0,"turns":1.0},{"damage":0.0,"enemies":"Slime Boss","floor":16.0,"turns":2.0},{"damage":0.0,"enemies":"Shell Parasite","floor":18.0,"turns":1.0},{"damage":0.0,"enemies":"3 Byrds","floor":19.0,"turns":2.0},{"damage":0.0,"enemies":"Snecko","floor":20.0,"turns":1.0},{"damage":0.0,"enemies":"Sentry and Sphere","floor":21.0,"turns":1.0},{"damage":0.0,"enemies":"Gremlin Leader","floor":23.0,"turns":1.0},{"damage":17.0,"enemies":"Book of Stabbing","floor":25.0,"turns":2.0},{"damage":0.0,"enemies":"Gremlin Leader","floor":28.0,"turns":1.0},{"damage":0.0,"enemies":"3 Cultists","floor":29.0,"turns":2.0},{"damage":0.0,"enemies":"Snake Plant","floor":31.0,"turns":2.0},{"damage":0.0,"enemies":"Collector","floor":33.0,"turns":1.0},{"damage":0.0,"enemies":"3 Darklings","floor":35.0,"turns":1.0},{"damage":0.0,"enemies":"Orb Walker","floor":36.0,"turns":1.0},{"damage":0.0,"enemies":"Orb Walker","floor":37.0,"turns":2.0},{"damage":0.0,"enemies":"Mind Bloom Boss Battle","floor":38.0,"turns":1.0},{"damage":0.0,"enemies":"Spire Growth","floor":39.0,"turns":1.0},{"damage":0.0,"enemies":"Giant Head","floor":40.0,"turns":1.0},{"damage":0.0,"enemies":"Transient","floor":41.0,"turns":1.0},{"damage":11.0,"enemies":"Nemesis","floor":42.0,"turns":2.0},{"damage":0.0,"enemies":"4 Shapes","floor":44.0,"turns":1.0},{"damage":0.0,"enemies":"Giant Head","floor":46.0,"turns":2.0},{"damage":0.0,"enemies":"Writhing Mass","floor":48.0,"turns":1.0},{"damage":0.0,"enemies":"Awakened One","floor":50.0,"turns":2.0},{"damage":0.0,"enemies":"Time Eater","floor":51.0,"turns":1.0},{"damage":0,"enemies":"Shield and Spear","floor":55,"turns":1},{"damage":121,"enemies":"The Heart","floor":56,"turns":4}],"seed_played":"-1002132016869815560","potions_obtained":[{"floor":2.0,"key":"Energy Potion"},{"floor":5.0,"key":"BlessingOfTheForge"},{"floor":6.0,"key":"CultistPotion"},{"floor":10.0,"key":"AttackPotion"},{"floor":25.0,"key":"ColorlessPotion"},{"floor":36.0,"key":"Fruit Juice"},{"floor":41.0,"key":"EntropicBrew"},{"floor":42.0,"key":"PowerPotion"},{"floor":55,"key":"LiquidMemories"}],"is_trial":false,"path_per_floor":["M","M","M","?","M","E","R","M","T","E","M","?","E","M","R","B",null,"M","M","M","M","?","E","T","E","T","R","E","M","?","M","R","B",null,"M","M","?","?","M","E","M","E","T","M","?","E","$","M","R","B","B",null,"R","$","E","B",null],"character_chosen":"IRONCLAD","items_purchased":["Membership Card","Medical Kit","testmod-CrystalShield","Happy Flower","Art of War","testmod-SpacePotion","Mummified Hand","Anchor","testmod-TestPotion","testmod-SpacePotion","Block Potion"],"campfire_rested":0,"item_purchase_floors":[47,47,47,47,47,47,54,54,54,54,54],"current_hp_per_floor":[69,70,71,71,72,73,73,74,74,77,79,79,81,82,82,84,84,86,88,90,92,92,94,94,79,79,79,84,88,88,92,92,96,103,107,111,116,118,120,122,129,120,120,124,124,128,128,132,132,134,136,137,137,137,139,45],"gold":123,"neow_bonus":"BOSS_RELIC","is_daily":false,"chose_seed":false,"campfire_upgraded":1,"win_rate":0.0,"timestamp":1608302850,"path_taken":["M","M","M","?","M","E","R","?","T","E","M","?","E","M","R","BOSS","M","?","M","M","?","E","?","E","T","R","E","M","?","M","R","BOSS","M","M","?","?","M","E","M","E","T","M","?","E","$","M","R","BOSS","BOSS","R","$","E","BOSS"],"items_purchased_type":["Relic","Relic","Relic","Relic","Relic","Potion","Relic","Relic","Potion","Potion","Potion"],"build_version":"2020-12-13","purchased_purges":2,"victory":true,"max_hp_per_floor":[75,75,75,75,75,75,75,75,75,77,79,79,81,82,82,84,84,86,88,90,92,92,94,94,96,96,96,99,101,101,103,103,105,105,107,111,116,118,120,122,129,131,131,133,133,135,135,137,137,137,137,137,137,137,139,139],"card_choices":[{"not_picked":["Perfected Strike","Battle Trance","Twin Strike"],"picked":"SKIP","floor":1.0},{"not_picked":["Perfected Strike","Twin Strike"],"picked":"Battle Trance","floor":1.0},{"not_picked":["Outmaneuver","Sucker Punch","Calculated Gamble","testmod-ConditionedReflex"],"picked":"SKIP","floor":2.0},{"not_picked":["Fire Breathing","DragonMage","PrismaMod:IllyaFriendMaker","Perseverance"],"picked":"SKIP","floor":3.0},{"not_picked":["PrismaMod:ChloeGaeBolg","OmniscientAndOmnipotent_Monster_purple","Consume","PrismaMod:IllyaRapidFire"],"picked":"SKIP","floor":5.0},{"not_picked":["Cold Snap","Limit Break","SandsOfTime"],"picked":"DeusExMachina","floor":6.0},{"not_picked":["AdvanceAttack_purple","Backflip","EmptyFist","BowlingBash"],"picked":"SKIP","floor":8.0},{"not_picked":["Redo","PrismaMod:IllyaCheapChannelAttack","Extrememeaning_purpleEX","Bait_Toxicbait_purple"],"picked":"Singing Bowl","floor":10.0},{"not_picked":["All Out Attack","DragonAnger","PrismaMod:IllyaMinorRapidFire","SashWhip"],"picked":"Singing Bowl","floor":11.0},{"not_picked":["Self Repair","Steam","Quick Slash","CaseMagic"],"picked":"Singing Bowl","floor":13.0},{"not_picked":["PrismaMod:IllyaPoisonBomb","Protect","SideChaos"],"picked":"Scrawl","floor":14.0},{"not_picked":["MostiFishMod:PushDownKick","MostiFishMod:SeaWaves","MostiFishMod:Unraveling","PrismaMod:ChloeCarnivalDefend"],"picked":"Singing Bowl","floor":16.0},{"not_picked":["Mind Blast","PrismaMod:IllyaRussianRoulette","MokouMod:EternalBurstReactor+1","DemoGhost"],"picked":"Singing Bowl","floor":18.0},{"not_picked":["Capacitor","Heavy Blade","PrismaMod:MiyuOrbIncreasePerm","Boundary_LightAndDark_purple+1"],"picked":"Singing Bowl","floor":19.0},{"not_picked":["DemoHunter","Perseverance","MostiFishMod:InvigoratingSolution","PrismaMod:IllyaFriendMaker"],"picked":"Singing Bowl","floor":20.0},{"not_picked":["AntiMana","PrismaMod:ChloeDoubleRelicSpeed","Line_surface_state_purple","Second Wind"],"picked":"Singing Bowl","floor":21.0},{"not_picked":["CrushJoints","MokouMod:IndiscriminateIgnition","Expertise"],"picked":"PrismaMod:IllyaAOECommonAttack","floor":23.0},{"not_picked":["Bane","Halt","Wireheading","BlackMage"],"picked":"Singing Bowl","floor":25.0},{"not_picked":["PrismaMod:MiyuUncommonAttack","PrismaMod:ChloeCheapDefend","MeetDecomposer_purple"],"picked":"testmod-Automaton","floor":28.0},{"not_picked":["MokouMod:UncontrollableSolarReaction","DemoTeacher","PrismaMod:IllyaMinorRapidFire","DemoBook"],"picked":"Singing Bowl","floor":29.0},{"not_picked":["testmod-WeaknessCounterattack","Rebound","MokouMod:ResonanceReactor","WhiteStone"],"picked":"Singing Bowl","floor":31.0},{"not_picked":["PrismaMod:ChloeReshuffleDiscard","Envenom","DestroyDragon","PrismaMod:MiyuCheapDefend2"],"picked":"Singing Bowl","floor":33.0},{"not_picked":["CooperationSpell+1","DownHell","MokouMod:ScorchedEarth","DragonMage+1"],"picked":"Singing Bowl","floor":35.0},{"not_picked":["PrismaMod:MiyuEvokeCheapDefend","MokouMod:Stoke+1","RuleDissolution_purple"],"picked":"Turbo+1","floor":36.0},{"not_picked":["MokouMod:Sear","testmod-DisillusionmentEcho","Coolheaded"],"picked":"Crescendo","floor":37.0},{"not_picked":["Go for the Eyes+1","Armaments","Masterful Stab","PrismaMod:ChloeExhaustOne"],"picked":"Singing Bowl","floor":38.0},{"not_picked":["Steam","DownHell+1","MostiFishMod:InvigoratingSolution","Purity"],"picked":"Singing Bowl","floor":39.0},{"not_picked":["MokouMod:FujiyamaVolcano+1","Turbo+1","PrismaMod:IllyaInstallArcher","Entrench+1"],"picked":"Singing Bowl","floor":40.0},{"not_picked":["PrismaMod:IllyaCheapAttack+1","Concentrate","StateDuplicate_purple","Body Slam+1"],"picked":"Singing Bowl","floor":41.0},{"not_picked":["PrismaMod:IllyaGun+1","Mind Blast+1","DragonMage+1","PrismaMod:MiyuUncommonStrBuff"],"picked":"Singing Bowl","floor":42.0},{"not_picked":["Catalyst+1","Vengeance","SideChaos+1","PrismaMod:IllyaDevil+1"],"picked":"Singing Bowl","floor":44.0},{"not_picked":["Exhume","PrismaMod:MiyuUberAttack+1","Dramatic Entrance+1","PrismaMod:MiyuCheapChannelWeak"],"picked":"Singing Bowl","floor":46.0},{"not_picked":["Perfected Strike+1","MokouMod:SearingShot+1","Predator+1","Dagger Spray+1"],"picked":"Singing Bowl","floor":48.0},{"not_picked":["Backstab+1","Thunderclap+1","PrismaMod:ChloeGreatTracePools","Consecrate+1"],"picked":"Singing Bowl","floor":55}],"player_experience":1317634,"relics_obtained":[{"floor":1.0,"key":"Question Card"},{"floor":1.0,"key":"PrismaticShard"},{"floor":6.0,"key":"Potion Belt"},{"floor":9.0,"key":"Singing Bowl"},{"floor":10.0,"key":"SynthV:C4"},{"floor":13.0,"key":"DianDianMeat"},{"floor":16.0,"key":"ImportantClient"},{"floor":23.0,"key":"Boot"},{"floor":25.0,"key":"Ginger"},{"floor":26.0,"key":"Omamori"},{"floor":28.0,"key":"Champion Belt"},{"floor":38.0,"key":"testmod-Brilliant"},{"floor":40.0,"key":"Molten Egg 2"},{"floor":42.0,"key":"Akabeko"},{"floor":43.0,"key":"Orichalcum"},{"floor":46.0,"key":"Dead Branch"},{"floor":55,"key":"testmod-IndustrialRevolution"}],"event_choices":[{"damage_healed":0.0,"max_hp_gain":0.0,"max_hp_loss":0.0,"gold_gain":50.0,"event_name":"Golden Shrine","player_choice":"Pray","floor":4.0,"gold_loss":0.0,"damage_taken":0.0},{"cards_removed":["Defend_R"],"damage_healed":0.0,"max_hp_gain":0.0,"max_hp_loss":0.0,"gold_gain":0.0,"event_name":"Purifier","player_choice":"Purged","floor":12.0,"gold_loss":0.0,"damage_taken":0.0},{"cards_removed":["Defend_R"],"damage_healed":0.0,"max_hp_gain":0.0,"max_hp_loss":0.0,"gold_gain":0.0,"event_name":"Beggar","player_choice":"Gave Gold","floor":22.0,"gold_loss":75.0,"damage_taken":0.0},{"damage_healed":0.0,"max_hp_gain":0.0,"max_hp_loss":0.0,"gold_gain":50.0,"event_name":"Golden Shrine","player_choice":"Pray","floor":30.0,"gold_loss":0.0,"damage_taken":0.0},{"damage_healed":0.0,"max_hp_gain":0.0,"max_hp_loss":0.0,"gold_gain":0.0,"event_name":"MindBloom","player_choice":"Fight","floor":38.0,"gold_loss":0.0,"damage_taken":0.0},{"damage_healed":0.0,"max_hp_gain":0.0,"max_hp_loss":0.0,"gold_gain":0.0,"event_name":"Tomb of Lord Red Mask","player_choice":"Ignored","floor":45.0,"gold_loss":0.0,"damage_taken":0.0}],"is_beta":false,"boss_relics":[{"not_picked":["OneHitWonderSystem","testmod-TimeTraveler"],"picked":"Runic Pyramid"},{"not_picked":["GuanYuAspect","FixedStarFall"],"picked":"Fusion Hammer"}],"items_purged_floors":[47,54],"is_endless":false,"potions_floor_spawned":[2,5,6,10,13,19,21,25,28,31,33,35,36,41,42,48,55],"ascension_level":20}}