{"host":"cxvb37eaaiijvrl4","time":1608323205,"event":{"mods":["BaseMod","Better Third Choice","Minty Spire (QoL Compilation)","MostiFishMod","Quick Restart","Rare Cards Sparkle","Shop Mod","Spicy Shops","StSLib","TestMod","Uncapped"],"gold_per_floor":[115,127,127,52,65,95,110,110,110,123,149,164,176,205,205,281,281,313,313,340,340,374,374,424,424,424,424,93,114,146,196,196,297,297,322,352,24,24,44,99,149,149,195,195,218,218,255,278,278,287,310,310,310,59,93,106],"floor_reached":57,"playtime":2335,"items_purged":["Strike_G","Strike_G","Survivor","Strike_G","Strike_G","Defend_G"],"score":3519,"play_id":"7f24334a-1dff-412b-9eef-e76cf96f6dea","local_time":"20201218122645","is_ascension_mode":true,"campfire_choices":[{"data":"Panacea","floor":8,"key":"SMITH"},{"data":"Acrobatics","floor":15,"key":"SMITH"},{"data":"MostiFishMod:FourSeasons","floor":23,"key":"SMITH"},{"data":"1","floor":25,"key":"LIFT"},{"data":"2","floor":32,"key":"LIFT"},{"data":"Sanctity","floor":42,"key":"SMITH"},{"floor":46,"key":"RECALL"},{"data":"Neutralize","floor":49,"key":"SMITH"},{"data":"Defend_G","floor":53,"key":"SMITH"}],"circlet_count":0,"master_deck":["AscendersBane","Defend_G+1","Defend_G+1","Defend_G+1","Defend_G","Neutralize+1","Acrobatics+1","Panacea+1","Sanctity+1","Blade Dance+1","MostiFishMod:FourSeasons+1","Coolheaded+1","Coolheaded+1","PiercingWail+1","MostiFishMod:STOP+1","MostiFishMod:FrostNova+1","MostiFishMod:PerfectParry+1","Blur+1"],"relics":["testmod-TestBox","OrangePellets","testmod-CasingShield","BirthdayGift-Icosahedron","Ninja Scroll","Potion Belt","ImportantClient","testmod-TheFather","DaveBox","OrangePellets","BrkXgEgg","Runic Dome","MerchantsRug","Shuriken","Kunai","testmod-Nyarlathotep","Medical Kit","Nunchaku"],"acts_visited":["Exordium","TheCity","TheBeyond","TheEnding"],"potions_floor_usage":[11,30],"damage_taken":[{"damage":0,"enemies":"2 Louse","floor":1,"turns":2},{"damage":0,"enemies":"Cultist","floor":2,"turns":2},{"damage":0,"enemies":"Small Slimes","floor":5,"turns":2},{"damage":0,"enemies":"Gremlin Nob","floor":6,"turns":2},{"damage":0,"enemies":"Gremlin Gang","floor":7,"turns":2},{"damage":0,"enemies":"2 Fungi Beasts","floor":10,"turns":2},{"damage":0,"enemies":"3 Sentries","floor":11,"turns":3},{"damage":0,"enemies":"Blue Slaver","floor":12,"turns":2},{"damage":0,"enemies":"Looter","floor":13,"turns":2},{"damage":0,"enemies":"Gremlin Nob","floor":14,"turns":3},{"damage":0,"enemies":"The Guardian","floor":16,"turns":5},{"damage":0,"enemies":"Chosen","floor":18,"turns":2},{"damage":0,"enemies":"Shell Parasite","floor":20,"turns":2},{"damage":0,"enemies":"Cultist and Chosen","floor":22,"turns":2},{"damage":11,"enemies":"Gremlin Leader","floor":24,"turns":3},{"damage":0,"enemies":"Sentry and Sphere","floor":29,"turns":1},{"damage":0,"enemies":"Book of Stabbing","floor":30,"turns":2},{"damage":0,"enemies":"Collector","floor":33,"turns":2},{"damage":0,"enemies":"3 Shapes","floor":35,"turns":1},{"damage":0,"enemies":"3 Darklings","floor":36,"turns":2},{"damage":0,"enemies":"Spire Growth","floor":39,"turns":1},{"damage":0,"enemies":"2 Orb Walkers","floor":40,"turns":3},{"damage":0,"enemies":"Reptomancer","floor":41,"turns":3},{"damage":0,"enemies":"4 Shapes","floor":45,"turns":1},{"damage":0,"enemies":"Giant Head","floor":47,"turns":3},{"damage":0,"enemies":"Maw","floor":48,"turns":3},{"damage":0,"enemies":"Donu and Deca","floor":50,"turns":3},{"damage":5,"enemies":"Awakened One","floor":51,"turns":5},{"damage":0,"enemies":"Shield and Spear","floor":55,"turns":1},{"damage":0,"enemies":"The Heart","floor":56,"turns":2}],"seed_played":"1349258878844599054","potions_obtained":[{"floor":11,"key":"testmod-SpacePotion"},{"floor":13,"key":"testmod-TimePotion"},{"floor":14,"key":"PowerPotion"},{"floor":16,"key":"Explosive Potion"},{"floor":20,"key":"EssenceOfSteel"},{"floor":24,"key":"DuplicationPotion"},{"floor":40,"key":"SkillPotion"},{"floor":41,"key":"LiquidMemories"},{"floor":47,"key":"Swift Potion"},{"floor":55,"key":"PowerPotion"}],"is_trial":false,"path_per_floor":["M","M","?","$","M","E","M","R","T","M","E","M","M","E","R","B",null,"M","?","M","?","M","R","E","R","T","?","$","M","E","?","R","B",null,"M","M","$","?","M","?","E","R","T","?","M","R","E","M","R","B","B",null,"R","$","E","B",null],"character_chosen":"THE_SILENT","items_purchased":["BrkXgEgg","MerchantsRug","Shuriken","Kunai","testmod-Nyarlathotep","Medical Kit"],"campfire_rested":0,"item_purchase_floors":[28,37,37,37,54,54],"current_hp_per_floor":[60,61,57,57,58,59,60,60,60,61,62,63,64,65,65,66,66,66,66,66,66,66,66,56,56,56,56,56,57,58,58,58,59,64,65,66,66,66,66,66,66,66,66,66,66,66,66,66,66,66,64,66,66,66,66,66],"gold":106,"neow_bonus":"BOSS_RELIC","is_daily":false,"chose_seed":false,"campfire_upgraded":6,"win_rate":0.0,"timestamp":1608323205,"path_taken":["M","M","?","$","?","E","M","R","T","M","E","M","M","E","R","BOSS","M","?","?","?","M","R","E","R","T","?","$","M","E","?","R","BOSS","M","M","$","?","M","?","E","R","T","?","M","R","E","M","R","BOSS","BOSS","R","$","E","BOSS"],"items_purchased_type":["Relic","Relic","Relic","Relic","Relic","Relic"],"build_version":"2020-12-13","purchased_purges":6,"victory":true,"max_hp_per_floor":[66,66,66,66,66,66,66,66,66,66,66,66,66,66,66,66,66,66,66,66,66,66,66,66,66,66,66,66,66,66,66,66,66,66,66,66,66,66,66,66,66,66,66,66,66,66,66,66,66,66,66,66,66,66,66,66],"card_choices":[{"not_picked":["Flying Knee","Deadly Poison"],"picked":"Acrobatics","floor":1},{"not_picked":["Reinforced Body","Rebound","Consecrate"],"picked":"Panacea","floor":2},{"not_picked":["Indignation","Go for the Eyes","Leg Sweep"],"picked":"Sanctity","floor":5},{"not_picked":["CrushJoints","Wild Strike","Sucker Punch","testmod-Automaton"],"picked":"SKIP","floor":6},{"not_picked":["Shrug It Off","Dagger Spray","Jack Of All Trades","FollowUp"],"picked":"SKIP","floor":7},{"not_picked":["Cloak And Dagger","Dagger Throw","Ghostly Armor","Chill"],"picked":"SKIP","floor":10},{"not_picked":["Tantrum","Headbutt","MostiFishMod:GoodWordForIt","Outmaneuver+1"],"picked":"SKIP","floor":11},{"not_picked":["Steam+1","testmod-Collector","Aggregate+1","Discovery+1"],"picked":"SKIP","floor":12},{"not_picked":["Searing Blow","Cold Snap","FearNoEvil","Go for the Eyes"],"picked":"SKIP","floor":13},{"not_picked":["Hologram+1","Sweeping Beam","MostiFishMod:LegendTransform"],"picked":"Blade Dance+1","floor":14},{"not_picked":["MostiFishMod:Zero-Sum","testmod-AdversityCounterattack","testmod-PowerStrike+1"],"picked":"MostiFishMod:FourSeasons","floor":16},{"not_picked":["Tempest+1","Collect+1","ThirdEye+1"],"picked":"Coolheaded+1","floor":18},{"not_picked":["Clothesline","FlyingSleeves","Barrage","Protect+1"],"picked":"SKIP","floor":20},{"not_picked":["SashWhip","Heavy Blade","Dash"],"picked":"PiercingWail+1","floor":22},{"not_picked":["Havoc+1","Core Surge","Leg Sweep+1","Sanctity+1"],"picked":"SKIP","floor":24},{"not_picked":["Halt+1","Perfected Strike+1","InnerPeace+1","Chaos+1"],"picked":"SKIP","floor":29},{"not_picked":["Dodge and Roll+1","Chaos+1","MostiFishMod:BrandingRite+1"],"picked":"MostiFishMod:STOP+1","floor":30},{"not_picked":["JustLucky","Shrug It Off+1","Underhanded Strike","Genetic Algorithm+1"],"picked":"SKIP","floor":35},{"not_picked":["ClearTheMind+1","Heavy Blade+1","Clothesline"],"picked":"MostiFishMod:FrostNova+1","floor":36},{"not_picked":["Bouncing Flask+1","Sucker Punch"],"picked":"MostiFishMod:PerfectParry+1","floor":39},{"not_picked":["Outmaneuver+1","MostiFishMod:PerfectParry+1","Bane"],"picked":"SKIP","floor":41},{"not_picked":["Underhanded Strike+1","Storm of Steel+1","Quick Slash+1"],"picked":"SKIP","floor":45},{"not_picked":["Dagger Throw","Poisoned Stab","Bouncing Flask+1"],"picked":"SKIP","floor":47},{"not_picked":["Prepared+1","Well Laid Plans+1","Bane"],"picked":"Blur+1","floor":48},{"not_picked":["MostiFishMod:PreservedThorns","Deadly Poison","Underhanded Strike+1"],"picked":"SKIP","floor":55}],"player_experience":630547,"relics_obtained":[{"floor":1,"key":"Question Card"},{"floor":1,"key":"PrismaticShard"},{"floor":6,"key":"Ninja Scroll"},{"floor":11,"key":"Toxic Egg 2"},{"floor":14,"key":"Potion Belt"},{"floor":16,"key":"ImportantClient"},{"floor":17,"key":"testmod-Acrobat"},{"floor":17,"key":"Mercury Hourglass"},{"floor":17,"key":"testmod-TheFather"},{"floor":24,"key":"Girya"},{"floor":26,"key":"Frozen Egg 2"},{"floor":30,"key":"Letter Opener"},{"floor":40,"key":"testmod-ConstraintPeriapt"},{"floor":41,"key":"War Paint"},{"floor":43,"key":"Boot"},{"floor":47,"key":"Question Card"},{"floor":55,"key":"Nunchaku"}],"event_choices":[{"damage_healed":0,"gold_gain":0,"player_choice":"Bought 0 Potions","damage_taken":0,"max_hp_gain":0,"max_hp_loss":0,"event_name":"The Woman in Blue","floor":3,"gold_loss":0},{"damage_healed":0,"gold_gain":0,"player_choice":"Copied","damage_taken":0,"max_hp_gain":0,"max_hp_loss":0,"event_name":"Duplicator","floor":19,"gold_loss":0,"cards_obtained":["Coolheaded"]},{"damage_healed":0,"gold_gain":0,"player_choice":"Swap Relic","damage_taken":0,"relics_obtained":["DaveBox"],"max_hp_gain":0,"max_hp_loss":0,"event_name":"Box For Yourself","floor":21,"relics_lost":["DaveBox"],"gold_loss":0},{"damage_healed":0,"gold_gain":0,"player_choice":"Ignored","damage_taken":0,"max_hp_gain":0,"max_hp_loss":0,"event_name":"The Mausoleum","floor":27,"gold_loss":0},{"damage_healed":0,"gold_gain":50,"player_choice":"Pray","damage_taken":0,"max_hp_gain":0,"max_hp_loss":0,"event_name":"Golden Shrine","floor":31,"gold_loss":0},{"cards_removed":["Strike_G"],"damage_healed":0,"gold_gain":0,"player_choice":"Removed Attack","damage_taken":0,"max_hp_gain":0,"max_hp_loss":0,"event_name":"Falling","floor":38,"gold_loss":0},{"damage_healed":0,"gold_gain":0,"player_choice":"Fight","damage_taken":0,"max_hp_gain":0,"max_hp_loss":0,"event_name":"Mysterious Sphere","floor":40,"gold_loss":0},{"damage_healed":0,"gold_gain":0,"player_choice":"Ignored","damage_taken":0,"max_hp_gain":0,"max_hp_loss":0,"event_name":"Tomb of Lord Red Mask","floor":44,"gold_loss":0}],"is_beta":false,"boss_relics":[{"not_picked":["MoonlightInvasionPlan","NightmareShop"],"picked":"Calling Bell"},{"not_picked":["RhineCircuit","Snecko Eye"],"picked":"Runic Dome"}],"items_purged_floors":[4,28,28,37,54,54],"is_endless":false,"potions_floor_spawned":[6,10,11,13,14,16,20,24,39,40,41,47,55],"ascension_level":20}}