{"host":"345fbjaiqlx301na","time":1608283867,"event":{"mods":["AchievementEnabler","Act Like it!","BaseMod","Bestiary","Better Note","Better Sensory Stone","Better Third Choice","Colored Powertips","Downfall","Ekko","Minty Spire (QoL Compilation)","Replay The Spire","StSLib","The Animator","The Death Knight","The Dragon Tamer","The Necromancer","The Senshi"],"gold_per_floor":[119,132,149,159,159,193,193,203,228,35,45,59,59,73,73,171,171,184,67,67,81,92,92,108,120,197,197,197],"floor_reached":27,"playtime":2717,"items_purged":[],"score":221,"play_id":"0c6847ac-46b2-4021-8117-2d2dd6839f5c","local_time":"20201218043107","is_ascension_mode":false,"campfire_choices":[{"data":"DeathKnight:RuneTap","floor":7,"key":"SMITH"},{"floor":13,"key":"REST"},{"data":"DeathKnight:Contagion","floor":23,"key":"SMITH"}],"circlet_count":0,"master_deck":["DeathKnight:Strike_DeathKnight","DeathKnight:Strike_DeathKnight","DeathKnight:Strike_DeathKnight","DeathKnight:Strike_DeathKnight","DeathKnight:Strike_DeathKnight","DeathKnight:Defend_DeathKnight","DeathKnight:Defend_DeathKnight","DeathKnight:RuneTap+1","DeathKnight:RuneStrike","DeathKnight:IcyTouch","DeathKnight:Parry","DeathKnight:MindFreeze","DeathKnight:Parry","DeathKnight:BloodStrike","DeathKnight:BloodPact+1","DeathKnight:Defile","DeathKnight:BloodStrike","DeathKnight:FrosPresence","DeathKnight:RuneShock","DeathKnight:Parry","DeathKnight:SindragosasBreath","DeathKnight:MarkOfBlood+1","DeathKnight:FesteringStrike+1","DeathKnight:ScourgeStrike+1","DeathKnight:Pestilence","DeathKnight:Contagion+1","DeathKnight:ShatteringStrikes+1","DeathKnight:BludPresence","DeathKnight:Contagion","DeathKnight:DarkSuccor+1","DeathKnight:FoulBulwark+1"],"relics":["DeathKnight:BrokenRuneblade","NeowsBlessing","Anchor","Pen Nib","Replay:Grab Bag","Painkiller Herb","Sozu","Runic Pyramid","Astrolabe","Replay:Bottled Flurry"],"acts_visited":["Exordium","TheCity"],"potions_floor_usage":[6,16,16,27],"damage_taken":[{"damage":0,"enemies":"Jaw Worm","floor":1,"turns":1},{"damage":0,"enemies":"Cultist","floor":2,"turns":1},{"damage":0,"enemies":"Small Slimes","floor":3,"turns":1},{"damage":9,"enemies":"Exordium Thugs","floor":4,"turns":8},{"damage":20,"enemies":"Lagavulin","floor":6,"turns":9},{"damage":7,"enemies":"2 Fungi Beasts","floor":8,"turns":4},{"damage":6,"enemies":"Looter","floor":11,"turns":5},{"damage":9,"enemies":"Large Slime","floor":12,"turns":8},{"damage":0,"enemies":"Blue Slaver","floor":14,"turns":4},{"damage":54,"enemies":"Hexaghost","floor":16,"turns":12},{"damage":7,"enemies":"3 Byrds","floor":18,"turns":6},{"damage":4,"enemies":"Shell Parasite","floor":21,"turns":5},{"damage":28,"enemies":"Centurion and Healer","floor":22,"turns":5},{"damage":13,"enemies":"Chosen and Byrds","floor":24,"turns":5},{"damage":11,"enemies":"Snake Plant","floor":25,"turns":3},{"damage":23,"enemies":"3 Cultists","floor":27,"turns":3}],"seed_played":"8084934309433739475","potions_obtained":[{"floor":2,"key":"Strength Potion"},{"floor":4,"key":"Adrenaline Potion"},{"floor":6,"key":"Regen Potion"},{"floor":14,"key":"DeathKnight:PlagueVial"},{"floor":16,"key":"SpeedPotion"}],"is_trial":false,"path_per_floor":["M","M","M","M","?","E","R","M","T","$","M","M","R","M","R","B",null,"?","T","?","?","?","T","?","?","T","?"],"character_chosen":"DEATH_KNIGHT","items_purchased":["DeathKnight:Defile","DeathKnight:BloodStrike","DeathKnight:Contagion","DeathKnight:ShatteringStrikes+1"],"campfire_rested":1,"item_purchase_floors":[10,10,19,19],"current_hp_per_floor":[75,75,75,66,71,51,51,44,44,44,38,29,53,53,77,38,80,73,73,73,69,41,41,28,17,17,0,0],"gold":197,"neow_bonus":"THREE_ENEMY_KILL","is_daily":false,"chose_seed":false,"campfire_upgraded":2,"win_rate":0.0,"timestamp":1608283867,"path_taken":["M","M","M","M","?","E","R","M","T","$","M","M","R","M","R","BOSS","?","T","?","?","?","T","?","?","T","?"],"items_purchased_type":["Card","Card","Card","Card"],"build_version":"2020-12-13","purchased_purges":0,"victory":false,"max_hp_per_floor":[75,75,75,75,80,80,80,80,80,80,80,80,80,80,80,80,80,80,80,80,80,80,80,80,80,80,80,80],"card_choices":[{"not_picked":["DeathKnight:RunicCorruption","DeathKnight:BladedArmor"],"picked":"DeathKnight:IcyTouch","floor":1},{"not_picked":["DeathKnight:Hemostasis","DeathKnight:MutagenicPlague"],"picked":"DeathKnight:Parry","floor":2},{"not_picked":["DeathKnight:PathOfFrost","DeathKnight:Defile"],"picked":"DeathKnight:MindFreeze","floor":3},{"not_picked":["DeathKnight:DeathsAdvance","DeathKnight:PathOfFrost"],"picked":"DeathKnight:Parry","floor":4},{"not_picked":["DeathKnight:BladedArmor","DeathKnight:DeathCoil"],"picked":"DeathKnight:BloodStrike","floor":6},{"not_picked":["DeathKnight:Culling","DeathKnight:GargoyleSkin"],"picked":"DeathKnight:BloodPact","floor":8},{"not_picked":["DeathKnight:BoneShield","DeathKnight:Ossuary"],"picked":"DeathKnight:FrosPresence","floor":11},{"not_picked":["DeathKnight:RaiseAlly","DeathKnight:FesteringStrike"],"picked":"DeathKnight:RuneShock","floor":12},{"not_picked":["DeathKnight:GargoyleSkin","DeathKnight:BoneSpear"],"picked":"DeathKnight:Parry","floor":14},{"not_picked":["DeathKnight:ArmyOfTheDead","DeathKnight:ReapingStrike"],"picked":"DeathKnight:SindragosasBreath","floor":16},{"not_picked":["DeathKnight:HartStrike","DeathKnight:UnholyPresence"],"picked":"DeathKnight:Pestilence","floor":18},{"not_picked":["DeathKnight:RuneShock+1","DeathKnight:DeathStrike"],"picked":"DeathKnight:BludPresence","floor":21},{"not_picked":["DeathKnight:UnholyFrenzy","DeathKnight:Marrowrend"],"picked":"DeathKnight:Contagion","floor":22},{"not_picked":["DeathKnight:MutagenicPlague","DeathKnight:UnholyPresence+1"],"picked":"DeathKnight:DarkSuccor+1","floor":24},{"not_picked":["DeathKnight:Frostscythe","DeathKnight:ScourgeStrike"],"picked":"DeathKnight:FoulBulwark+1","floor":25}],"player_experience":69074,"relics_obtained":[{"floor":6,"key":"Anchor"},{"floor":9,"key":"Pen Nib"},{"floor":26,"key":"Replay:Bottled Flurry"}],"event_choices":[{"damage_healed":0,"gold_gain":0,"player_choice":"Donut","damage_taken":0,"max_hp_gain":5,"max_hp_loss":0,"event_name":"Big Fish","floor":5,"gold_loss":0},{"damage_healed":0,"gold_gain":0,"player_choice":"Ignored","damage_taken":0,"max_hp_gain":0,"max_hp_loss":0,"event_name":"betterNote:BetterNote","floor":20,"gold_loss":0,"cards_obtained":["Strike_W"]}],"is_beta":false,"boss_relics":[{"not_picked":["Honey Jar","Replay:Wanted Poster"],"picked":"Replay:Grab Bag"},{"not_picked":["Philosopher\u0027s Stone","Velvet Choker"],"picked":"Painkiller Herb"},{"not_picked":["Ectoplasm","Busted Crown"],"picked":"Sozu"},{"not_picked":["DeathKnight:ScourgeInsignia","Snecko Eye"],"picked":"Runic Pyramid"},{"not_picked":["Black Star","SlaversCollar"],"picked":"Astrolabe"}],"items_purged_floors":[],"is_endless":false,"potions_floor_spawned":[2,4,6,14,16,18,21,22,25],"killed_by":"3 Cultists","ascension_level":0}}