{"host":"vumwfieg2b2mnrfl","time":1608331367,"event":{"mods":["AchievementEnabler","BaseMod","Minty Spire (QoL Compilation)","Rare Cards Sparkle","Relic Stats"],"gold_per_floor":[113,87,98,68,78,78,103,103,103,103,129,144,169,183,183,281,281,296,311,329,185,258,258,272,302,302,321,346,346,346],"floor_reached":29,"playtime":1255,"items_purged":[],"score":345,"play_id":"ab468650-c522-4731-94de-08b84f883079","local_time":"20201218164247","is_ascension_mode":true,"campfire_choices":[{"data":"Feel No Pain","floor":6.0,"key":"SMITH"},{"floor":10.0,"key":"REST"},{"data":"Demon Form","floor":15.0,"key":"SMITH"},{"data":"Double Tap","floor":23.0,"key":"SMITH"}],"circlet_count":0,"master_deck":["Strike_R","Strike_R","Strike_R","Strike_R","Strike_R","Defend_R","Defend_R","Defend_R","Defend_R","Bash","Demon Form+1","Feel No Pain+1","Shrug It Off","Dark Embrace","Sword Boomerang","Reaper","Shrug It Off","Burning Pact","Ghostly Armor","Dual Wield","Double Tap+1","Seeing Red","Fire Breathing","Whirlwind+1","Reaper","Battle Trance","Thunderclap+1","Wild Strike"],"relics":["Burning Blood","Magic Flower","FossilizedHelix","White Beast Statue","Gambling Chip","Mark of Pain","DollysMirror","Question Card","StoneCalendar","Dead Branch","Red Mask"],"acts_visited":["Exordium","TheCity"],"potions_floor_usage":[29,29],"damage_taken":[{"damage":4.0,"enemies":"Small Slimes","floor":1.0,"turns":4.0},{"damage":7.0,"enemies":"Cultist","floor":3.0,"turns":5.0},{"damage":11.0,"enemies":"2 Louse","floor":5.0,"turns":3.0},{"damage":32.0,"enemies":"3 Sentries","floor":7.0,"turns":7.0},{"damage":12.0,"enemies":"Lagavulin","floor":11.0,"turns":7.0},{"damage":6.0,"enemies":"Looter","floor":12.0,"turns":4.0},{"damage":36.0,"enemies":"Gremlin Nob","floor":13.0,"turns":6.0},{"damage":7.0,"enemies":"2 Fungi Beasts","floor":14.0,"turns":6.0},{"damage":19.0,"enemies":"Slime Boss","floor":16.0,"turns":9.0},{"damage":22.0,"enemies":"2 Thieves","floor":18.0,"turns":4.0},{"damage":39.0,"enemies":"3 Byrds","floor":19.0,"turns":8.0},{"damage":40.0,"enemies":"Centurion and Healer","floor":20.0,"turns":8.0},{"damage":66.0,"enemies":"Cultist and Chosen","floor":24.0,"turns":7.0},{"damage":39.0,"enemies":"Book of Stabbing","floor":25.0,"turns":5.0},{"damage":16.0,"enemies":"Snake Plant","floor":27.0,"turns":4.0},{"damage":60.0,"enemies":"Masked Bandits","floor":28.0,"turns":5.0},{"damage":14,"enemies":"Sentry and Sphere","floor":29,"turns":4}],"seed_played":"-7360636193904424931","potions_obtained":[{"floor":4.0,"key":"SpeedPotion"},{"floor":4.0,"key":"SpeedPotion"},{"floor":5.0,"key":"LiquidBronze"},{"floor":12.0,"key":"Ancient Potion"},{"floor":13.0,"key":"PowerPotion"},{"floor":14.0,"key":"DuplicationPotion"},{"floor":19.0,"key":"DuplicationPotion"},{"floor":25.0,"key":"AttackPotion"},{"floor":27.0,"key":"DistilledChaos"},{"floor":28.0,"key":"SkillPotion"}],"is_trial":false,"path_per_floor":["M","$","M","?","M","R","E","$","T","R","E","M","E","M","R","B",null,"M","M","M","$","T","R","M","E","T","M","?","M"],"character_chosen":"IRONCLAD","items_purchased":["Shrug It Off","DollysMirror"],"campfire_rested":1,"item_purchase_floors":[2,21],"current_hp_per_floor":[53,53,52,52,47,47,21,21,21,45,59,68,56,67,67,80,80,67,52,80,80,80,80,23,28,28,21,12,0,0],"gold":346,"neow_bonus":"THREE_RARE_CARDS","is_daily":false,"chose_seed":false,"campfire_upgraded":3,"win_rate":0.0,"timestamp":1608331367,"path_taken":["M","$","M","?","M","R","E","?","T","R","E","M","E","M","R","BOSS","M","M","M","$","?","R","M","E","T","M","?","M"],"items_purchased_type":["Card","Relic"],"build_version":"2020-12-13","purchased_purges":0,"victory":false,"max_hp_per_floor":[80,80,80,80,80,80,80,80,80,80,80,80,80,80,80,80,80,80,80,80,80,80,80,80,80,80,80,80,80,80],"relic_stats":{"counters":[17,96],"Gambling Chip":[39],"Dead Branch":[13],"Magic Flower":[100],"StoneCalendar":[0],"Question Card":4,"obtain_stats":[{"DollysMirror":21,"Gambling Chip":13,"Dead Branch":26,"Magic Flower":7,"StoneCalendar":25,"Mark of Pain":17,"Red Mask":28,"Question Card":22,"Burning Blood":0,"FossilizedHelix":9,"White Beast Statue":11},{"DollysMirror":12,"Gambling Chip":7,"Dead Branch":14,"Magic Flower":4,"StoneCalendar":14,"Mark of Pain":9,"Red Mask":16,"Question Card":12,"Burning Blood":0,"FossilizedHelix":4,"White Beast Statue":5},{"DollysMirror":71,"Gambling Chip":36,"Dead Branch":83,"Magic Flower":19,"StoneCalendar":83,"Mark of Pain":51,"Red Mask":92,"Question Card":71,"Burning Blood":0,"FossilizedHelix":19,"White Beast Statue":26}],"Burning Blood":116},"card_choices":[{"not_picked":["Juggernaut","Exhume"],"picked":"Demon Form","floor":0.0},{"not_picked":["Body Slam","Wild Strike"],"picked":"Feel No Pain","floor":1.0},{"not_picked":["Pommel Strike","Body Slam"],"picked":"Dark Embrace","floor":3.0},{"not_picked":["Perfected Strike","Iron Wave"],"picked":"Sword Boomerang","floor":5.0},{"not_picked":["Body Slam","Burning Pact"],"picked":"Reaper","floor":7.0},{"not_picked":["Twin Strike","Wild Strike"],"picked":"Shrug It Off","floor":11.0},{"not_picked":["Perfected Strike","Carnage"],"picked":"Burning Pact","floor":12.0},{"not_picked":["Cleave","Armaments"],"picked":"Ghostly Armor","floor":13.0},{"not_picked":["Iron Wave","Armaments"],"picked":"Dual Wield","floor":14.0},{"not_picked":["Fiend Fire","Exhume"],"picked":"Double Tap","floor":16.0},{"not_picked":["Cleave","Clash"],"picked":"Seeing Red","floor":18.0},{"not_picked":["Clothesline","Pommel Strike"],"picked":"Fire Breathing","floor":19.0},{"not_picked":["Havoc+1","Rage"],"picked":"Whirlwind+1","floor":20.0},{"not_picked":["Perfected Strike","Warcry","True Grit"],"picked":"Battle Trance","floor":24.0},{"not_picked":["Pummel","Flex","Hemokinesis+1"],"picked":"Thunderclap+1","floor":25.0},{"not_picked":["Anger","Fire Breathing","Iron Wave"],"picked":"Wild Strike","floor":27.0}],"player_experience":245775,"relics_obtained":[{"floor":7.0,"key":"Magic Flower"},{"floor":9.0,"key":"FossilizedHelix"},{"floor":11.0,"key":"White Beast Statue"},{"floor":13.0,"key":"Gambling Chip"},{"floor":22.0,"key":"Question Card"},{"floor":25.0,"key":"StoneCalendar"},{"floor":26.0,"key":"Dead Branch"},{"floor":28.0,"key":"Red Mask"}],"event_choices":[{"damage_healed":0.0,"max_hp_gain":0.0,"max_hp_loss":0.0,"gold_gain":0.0,"event_name":"The Woman in Blue","player_choice":"Bought 2 Potions","floor":4.0,"gold_loss":0.0,"damage_taken":0.0},{"damage_healed":0.0,"max_hp_gain":0.0,"max_hp_loss":0.0,"gold_gain":0.0,"event_name":"Masked Bandits","player_choice":"Fought Bandits","floor":28.0,"gold_loss":0.0,"damage_taken":0.0}],"is_beta":false,"boss_relics":[{"not_picked":["Cursed Key","Tiny House"],"picked":"Mark of Pain"}],"items_purged_floors":[],"is_endless":false,"potions_floor_spawned":[5,12,13,14,16,18,19,20,24,25,27,28],"killed_by":"Sentry and Sphere","ascension_level":6}}