{"host":"4ih4fq53sefgqhvb","time":1608263056,"event":{"mods":["AchievementEnabler","Aspiration","Bard","BaseMod","BetterRewards","Colored Map","Colored Powertips","Conspire","Downfall","Googly Eyes","Hermit","Highlight Path","Hubris","Infinite Spire","Jedi Mod","Jorbs\u0027s Wanderer Trilogy","Marisa????????","Mimic Mod","Minty Spire (QoL Compilation)","Quick Restart","Relic Stats","Replay The Spire","Shop Mod","StSLib","The Animator","The Cursed","The Jungle","The Runesmith"],"gold_per_floor":[99,111,111,140,140,153,176,205,380,395,414,66,79,79,98,98,98],"floor_reached":16,"playtime":1273,"items_purged":["Doubt"],"score":112,"play_id":"1cc4d37e-4f74-4c84-ae7f-37966a216d29","local_time":"20201217194416","is_ascension_mode":false,"campfire_choices":[{"data":"ReplayTheSpireMod:Faulty Equipment","floor":1,"key":"SMITH"},{"floor":5,"key":"RECALL"}],"circlet_count":0,"master_deck":["hexamod:Strike","hexamod:Strike","hexamod:Strike","hexamod:Strike","hexamod:Defend","hexamod:Defend","hexamod:Defend","hexamod:Defend","hexamod:Sear","hexamod:Float","hexamod:GhostOfSpireFuture","hexamod:CatchUp","hexamod:UnleashSpirits","hexamod:FirstSeal","hexamod:Rewind","hexamod:SpectersWail","hexamod:SpectersWail","hexamod:TimeOfNeed","hexamod:SecondSeal"],"relics":["hexamod:SpiritBrand","Pen Nib","Question Card","Letter Opener","StrikeDummy"],"acts_visited":["Exordium"],"potions_floor_usage":[8,13,16,16,16],"damage_taken":[{"damage":0,"enemies":"conspire:RoseBush","floor":2,"turns":4},{"damage":17,"enemies":"Replay:BlueRogue","floor":4,"turns":7},{"damage":0,"enemies":"Cultist","floor":6,"turns":3},{"damage":17,"enemies":"3 Sentries","floor":8,"turns":11},{"damage":0,"enemies":"Small Slimes","floor":10,"turns":4},{"damage":6,"enemies":"conspire:2 RoseBushes","floor":11,"turns":5},{"damage":4,"enemies":"downfall:FleeingMerchant","floor":12,"turns":4},{"damage":19,"enemies":"Exordium Thugs","floor":13,"turns":4},{"damage":4,"enemies":"Red Slaver","floor":15,"turns":4},{"damage":45,"enemies":"downfall:Defect","floor":16,"turns":6}],"seed_played":"4513094871145533552","potions_obtained":[{"floor":3,"key":"jedi:holywater"},{"floor":3,"key":"Milkshake"},{"floor":3,"key":"GamblersBrew"},{"floor":4,"key":"LifebloodPotion"},{"floor":8,"key":"LifebloodPotion"},{"floor":10,"key":"jedi:StrikingPotion"},{"floor":11,"key":"Block Potion"},{"floor":15,"key":"SteroidPotion"}],"is_trial":false,"path_per_floor":["R","M","?","E","R","M","T","E","?","M","M","$","M","?","M","B"],"character_chosen":"THE_SPIRIT","items_purchased":["Letter Opener"],"campfire_rested":0,"item_purchase_floors":[12],"current_hp_per_floor":[84,84,84,67,67,67,67,50,50,57,51,54,42,42,45,0,0],"gold":98,"neow_bonus":"TWENTY_PERCENT_HP_BONUS","is_daily":false,"chose_seed":false,"campfire_upgraded":1,"win_rate":0.0,"timestamp":1608263056,"path_taken":["R","M","?","E","R","?","T","E","?","M","M","?","?","?","M","BOSS"],"items_purchased_type":["Relic"],"build_version":"2020-12-13","purchased_purges":1,"victory":false,"max_hp_per_floor":[84,84,84,84,84,84,84,84,84,84,84,84,84,84,84,84,84],"relic_stats":{"counters":[10,52],"Pen Nib":[5],"Letter Opener":[13],"Question Card":6,"obtain_stats":[{"Pen Nib":4,"Letter Opener":12,"Question Card":8,"StrikeDummy":14,"hexamod:SpiritBrand":0},{"Pen Nib":2,"Letter Opener":7,"Question Card":4,"StrikeDummy":8,"hexamod:SpiritBrand":0},{"Pen Nib":11,"Letter Opener":38,"Question Card":25,"StrikeDummy":42,"hexamod:SpiritBrand":0}]},"card_choices":[{"not_picked":["hexamod:NightmareGuise","hexamod:SoulSteal"],"picked":"hexamod:GhostOfSpireFuture","floor":2},{"not_picked":["hexamod:BacktrackSmack","hexamod:HeatMetal"],"picked":"hexamod:CatchUp","floor":4},{"not_picked":["hexamod:InspiringFlames","hexamod:HeatMetal"],"picked":"hexamod:UnleashSpirits","floor":6},{"not_picked":["hexamod:GhostOfSpirePast","hexamod:HeatCrush"],"picked":"hexamod:FirstSeal","floor":8},{"not_picked":["hexamod:ShieldOfDarkness","hexamod:Again","hexamod:HauntingEcho"],"picked":"hexamod:Rewind","floor":10},{"not_picked":["hexamod:ShieldOfDarkness","hexamod:GhostShield","hexamod:Firestarter"],"picked":"hexamod:SpectersWail","floor":11},{"not_picked":["hexamod:FastForward","hexamod:Firestarter","hexamod:SoulSteal"],"picked":"hexamod:SpectersWail","floor":12},{"not_picked":["hexamod:GhostShield","hexamod:SoulSteal","hexamod:BacktrackSmack"],"picked":"hexamod:TimeOfNeed","floor":13},{"not_picked":["hexamod:HauntingEcho","hexamod:GhostLash","hexamod:ThermalTransfer"],"picked":"hexamod:SecondSeal","floor":15}],"player_experience":871892,"relics_obtained":[{"floor":4,"key":"Pen Nib"},{"floor":8,"key":"Question Card"},{"floor":14,"key":"StrikeDummy"}],"event_choices":[{"damage_healed":0,"gold_gain":0,"player_choice":"Got Potions","damage_taken":0,"max_hp_gain":0,"max_hp_loss":0,"event_name":"Lab","floor":3,"gold_loss":0}],"is_beta":false,"boss_relics":[],"items_purged_floors":[12],"is_endless":false,"potions_floor_spawned":[4,8,10,11,15],"killed_by":"downfall:Defect","ascension_level":0}}