{"host":"erulnpr9qdnrfj6h","time":1608284339,"event":{"mods":["AchievementEnabler","BaseMod","Colored Map","Minty Spire (QoL Compilation)","Rare Cards Sparkle","SuperFastMode"],"gold_per_floor":[109,284,284,10,10,53,53,67,146,146,146],"floor_reached":10,"playtime":494,"items_purged":["Strike_G"],"score":99,"play_id":"8251d3a9-7aaf-479b-9fb0-58e6260896ee","local_time":"20201218183859","is_ascension_mode":true,"campfire_choices":[{"data":"Distraction","floor":7.0,"key":"SMITH"}],"circlet_count":0,"master_deck":["AscendersBane","Strike_G","Defend_G","Defend_G","Defend_G","Defend_G","Defend_G","Survivor","Neutralize","PiercingWail+1","Bullet Time+1","Acrobatics+1","Crippling Poison","Bouncing Flask","Distraction+1","Well Laid Plans","Dagger Throw","Prepared"],"relics":["Astrolabe","Membership Card","Golden Idol","Pantograph","Mercury Hourglass"],"acts_visited":["Exordium"],"potions_floor_usage":[],"damage_taken":[{"damage":8.0,"enemies":"2 Louse","floor":1.0,"turns":7.0},{"damage":3.0,"enemies":"Lagavulin","floor":6.0,"turns":8.0},{"damage":7.0,"enemies":"Jaw Worm","floor":8.0,"turns":2.0},{"damage":47,"enemies":"Gremlin Nob","floor":10,"turns":4}],"seed_played":"-5699478452569915824","potions_obtained":[],"is_trial":false,"path_per_floor":["M","?","?","$","?","E","R","M","T","E"],"character_chosen":"THE_SILENT","items_purchased":["Membership Card","Bouncing Flask","Distraction","Well Laid Plans"],"campfire_rested":0,"item_purchase_floors":[4,4,4,4],"current_hp_per_floor":[55,55,55,55,38,35,35,28,28,0,0],"gold":146,"neow_bonus":"BOSS_RELIC","is_daily":false,"chose_seed":false,"campfire_upgraded":1,"win_rate":0.0,"timestamp":1608284339,"path_taken":["M","?","?","$","?","E","R","?","T","E"],"items_purchased_type":["Relic","Card","Card","Card"],"build_version":"2020-12-13","purchased_purges":1,"victory":false,"max_hp_per_floor":[70,70,70,70,70,70,70,70,70,70,70],"card_choices":[{"not_picked":["Deflect","Backflip"],"picked":"Crippling Poison","floor":1.0},{"not_picked":["Masterful Stab","Heel Hook"],"picked":"Dagger Throw","floor":6.0},{"not_picked":["All Out Attack","Underhanded Strike"],"picked":"Prepared","floor":8.0}],"player_experience":184738,"relics_obtained":[{"floor":6.0,"key":"Pantograph"},{"floor":9.0,"key":"Mercury Hourglass"}],"event_choices":[{"damage_healed":0.0,"max_hp_gain":0.0,"max_hp_loss":0.0,"gold_gain":175.0,"event_name":"Liars Game","player_choice":"AGREE","floor":2.0,"gold_loss":0.0,"damage_taken":0.0,"cards_obtained":["Doubt"]},{"cards_removed":["Doubt"],"damage_healed":0.0,"max_hp_gain":0.0,"max_hp_loss":0.0,"gold_gain":0.0,"event_name":"Living Wall","player_choice":"Forget","floor":3.0,"gold_loss":0.0,"damage_taken":0.0},{"damage_healed":0.0,"max_hp_gain":0.0,"max_hp_loss":0.0,"gold_gain":0.0,"event_name":"Golden Idol","player_choice":"Take Damage","floor":5.0,"gold_loss":0.0,"damage_taken":17.0,"relics_obtained":["Golden Idol"]}],"is_beta":false,"boss_relics":[],"items_purged_floors":[4],"is_endless":false,"potions_floor_spawned":[],"killed_by":"Gremlin Nob","ascension_level":11}}