{"host":"jpol0bbzretdyr3c","time":1608312710,"event":{"mods":["Act Like it!","BaseMod","Colored Map","Downfall","Gensokyo","Googly Eyes","Hallownest","Koishi","Marisa????????","Minty Spire (QoL Compilation)","Replay The Spire","StSLib","The Jungle","The Servant 0.9.4"],"gold_per_floor":[99,127,127,127,142,142,168,199,199,225,225,240,415,3,23,23,23],"floor_reached":16,"playtime":1885,"items_purged":["Doubt"],"score":141,"play_id":"53457733-07cb-4152-9375-b80692fb6bed","local_time":"20201218093150","is_ascension_mode":false,"campfire_choices":[{"floor":1,"key":"RECALL"},{"data":"hexamod:Float","floor":6,"key":"SMITH"},{"data":"hexamod:SpectralAdrenaline","floor":9,"key":"SMITH"}],"circlet_count":0,"master_deck":["hexamod:Strike","hexamod:Strike","hexamod:Strike","hexamod:Defend","hexamod:Defend","hexamod:Defend","hexamod:Defend","hexamod:Sear","hexamod:Float+1","hexamod:HeatMetal","hexamod:SpectralAdrenaline+1","hexamod:ShieldOfDarkness","hexamod:GhostLash","hexamod:GhostflameInferno","hexamod:FastForward","hexamod:GhostflameBarrier+1","hexamod:HauntingEcho","hexamod:EmpoweredFlame","hexamod:ThermalTransfer"],"relics":["hexamod:SpiritBrand","downfall:HeartsMalice","Snack Pack","PreservedInsect","Letter Opener","Bottled Lightning"],"acts_visited":["Exordium"],"potions_floor_usage":[],"damage_taken":[{"damage":0,"enemies":"Lagavulin","floor":2,"turns":1},{"damage":0,"enemies":"Small Slimes","floor":3,"turns":1},{"damage":0,"enemies":"Jaw Worm","floor":4,"turns":1},{"damage":0,"enemies":"Cultist","floor":5,"turns":4},{"damage":12,"enemies":"Replay:BlueRogue","floor":8,"turns":6},{"damage":7,"enemies":"3 Sentries","floor":10,"turns":7},{"damage":5,"enemies":"Large Slime","floor":12,"turns":6},{"damage":0,"enemies":"downfall:FleeingMerchant","floor":14,"turns":4},{"damage":1,"enemies":"Blue Slaver","floor":15,"turns":3},{"damage":53,"enemies":"downfall:Defect","floor":16,"turns":6}],"seed_played":"-7603299640935075436","potions_obtained":[{"floor":5,"key":"SkillPotion"},{"floor":8,"key":"sneckomod:MuddlingPotion"},{"floor":10,"key":"CultistPotion"}],"is_trial":false,"path_per_floor":["R_BF","E","M","M","M","R","T","E","R","E","?","M","?","$","M","B"],"character_chosen":"THE_SPIRIT","items_purchased":["hexamod:EmpoweredFlame","Bottled Lightning"],"campfire_rested":0,"item_purchase_floors":[14,14],"current_hp_per_floor":[70,70,70,70,70,70,70,58,58,53,53,48,48,50,51,0,0],"gold":23,"neow_bonus":"THREE_ENEMY_KILL","is_daily":false,"chose_seed":false,"campfire_upgraded":2,"win_rate":0.0,"timestamp":1608312710,"path_taken":["R_BF","E","M","M","M","R","T","E","R","E","?","M","?","?","M","BOSS"],"items_purchased_type":["Card","Relic"],"build_version":"2020-12-13","purchased_purges":1,"victory":false,"max_hp_per_floor":[70,70,70,70,70,70,70,70,70,70,70,70,70,70,70,70,70],"card_choices":[{"not_picked":["hexamod:HauntingEcho","hexamod:GhostflameBarrier"],"picked":"hexamod:HeatMetal","floor":2},{"not_picked":["hexamod:SecondSeal","hexamod:ThirdSeal"],"picked":"hexamod:SpectralAdrenaline","floor":3},{"not_picked":["hexamod:RetreatToShadows","hexamod:GhostShield"],"picked":"hexamod:ShieldOfDarkness","floor":4},{"not_picked":["hexamod:RetreatToShadows","hexamod:Haunt"],"picked":"hexamod:GhostLash","floor":5},{"not_picked":["hexamod:Hexaguard","hexamod:SecondSeal"],"picked":"hexamod:GhostflameInferno","floor":8},{"not_picked":["hexamod:GhostflameBarrier","hexamod:Firestarter"],"picked":"hexamod:FastForward","floor":10},{"not_picked":["hexamod:BacktrackSmack","hexamod:ChargedBarrage"],"picked":"hexamod:HauntingEcho","floor":12},{"not_picked":["hexamod:RetreatToShadows","hexamod:AdvancingGuard","hexamod:NightmareStrike"],"picked":"SKIP","floor":14},{"not_picked":["hexamod:ShieldOfDarkness","hexamod:DynamicBlow"],"picked":"hexamod:ThermalTransfer","floor":15}],"player_experience":423962,"relics_obtained":[{"floor":2,"key":"Snack Pack"},{"floor":8,"key":"PreservedInsect"},{"floor":10,"key":"Letter Opener"}],"event_choices":[],"is_beta":false,"boss_relics":[],"items_purged_floors":[14],"is_endless":false,"potions_floor_spawned":[5,8,10,12,15],"killed_by":"downfall:Defect","ascension_level":0}}