{"host":"9c969dq3azt3tjy5","time":1608283043,"event":{"mods":["AchievementEnabler","BaseMod","Colored Powertips","Minty Spire (QoL Compilation)","Quick Restart","Rare Cards Sparkle","Waifu the Spire"],"gold_per_floor":[110,126,126,126,126,126,159,159,184,211,9,21,21,36,36,132,132,143,175,175,90,104,104,123,123,123,151,116,116,131,131,131,234,234,250,267,267,284,57,105,124,124,170,202,202,69,84,96,96,96,96,96,18,43,43,43],"floor_reached":55,"playtime":3411,"items_purged":["Strike_G","Strike_G"],"score":773,"play_id":"d99e7433-7a5e-4d10-abd9-d7136cadadce","local_time":"20201218211723","is_ascension_mode":false,"campfire_choices":[{"data":"Blade Dance","floor":6,"key":"SMITH"},{"floor":8,"key":"RECALL"},{"data":"Backflip","floor":13,"key":"SMITH"},{"floor":15,"key":"REST"},{"data":"Adrenaline","floor":23,"key":"SMITH"},{"data":"Footwork","floor":29,"key":"SMITH"},{"data":"Corpse Explosion","floor":32,"key":"SMITH"},{"data":"Phantasmal Killer","floor":45,"key":"SMITH"},{"data":"Accuracy","floor":49,"key":"SMITH"},{"data":"Blade Dance","floor":52,"key":"SMITH"}],"circlet_count":0,"master_deck":["Strike_G+1","Strike_G","Strike_G","Defend_G","Defend_G","Defend_G+1","Defend_G","Defend_G","Survivor","Neutralize","Blade Dance+1","Corpse Explosion+1","Backflip+1","Dagger Throw","Calculated Gamble+1","Adrenaline+1","Backflip+1","Cloak And Dagger+1","Accuracy+1","Footwork+1","Dodge and Roll+1","Phantasmal Killer+1","Blade Dance+1","Terror+1","Footwork","Caltrops+1","Accuracy+1","Deep Breath","Finisher+1"],"relics":["Ring of the Serpent","NeowsBlessing","Oddly Smooth Stone","Omamori","Boot","Happy Flower","Calling Bell","Bag of Marbles","InkBottle","Peace Pipe","Red Mask","Strawberry","Prayer Wheel","Lantern","Membership Card","Dream Catcher","Bronze Scales","Vajra","Pen Nib","StrikeDummy"],"acts_visited":["Exordium","TheCity","TheBeyond","TheEnding"],"potions_floor_usage":[12,16,27,27,44,54,54,55],"damage_taken":[{"damage":0,"enemies":"Jaw Worm","floor":1,"turns":1},{"damage":0,"enemies":"2 Louse","floor":2,"turns":1},{"damage":0,"enemies":"Lagavulin","floor":7,"turns":1},{"damage":23,"enemies":"Gremlin Nob","floor":10,"turns":5},{"damage":0,"enemies":"Cultist","floor":12,"turns":2},{"damage":0,"enemies":"Large Slime","floor":14,"turns":3},{"damage":9,"enemies":"Hexaghost","floor":16,"turns":10},{"damage":4,"enemies":"Shell Parasite","floor":18,"turns":4},{"damage":6,"enemies":"Masked Bandits","floor":19,"turns":5},{"damage":0,"enemies":"3 Byrds","floor":22,"turns":2},{"damage":1,"enemies":"Snake Plant","floor":24,"turns":4},{"damage":10,"enemies":"Slavers","floor":27,"turns":3},{"damage":0,"enemies":"Cultist and Chosen","floor":30,"turns":4},{"damage":58,"enemies":"Collector","floor":33,"turns":16},{"damage":0,"enemies":"3 Shapes","floor":35,"turns":3},{"damage":0,"enemies":"3 Darklings","floor":36,"turns":4},{"damage":0,"enemies":"Writhing Mass","floor":38,"turns":8},{"damage":0,"enemies":"Spire Growth","floor":41,"turns":3},{"damage":0,"enemies":"Giant Head","floor":44,"turns":5},{"damage":5,"enemies":"Maw","floor":47,"turns":5},{"damage":16,"enemies":"3 Darklings","floor":48,"turns":3},{"damage":34,"enemies":"Awakened One","floor":50,"turns":9},{"damage":24,"enemies":"Shield and Spear","floor":54,"turns":4},{"damage":61,"enemies":"The Heart","floor":55,"turns":3}],"seed_played":"720175319340256401","potions_obtained":[{"floor":2,"key":"GamblersBrew"},{"floor":10,"key":"ColorlessPotion"},{"floor":14,"key":"SmokeBomb"},{"floor":22,"key":"BlessingOfTheForge"},{"floor":24,"key":"Ancient Potion"},{"floor":27,"key":"Fruit Juice"},{"floor":33,"key":"DistilledChaos"},{"floor":36,"key":"GhostInAJar"},{"floor":48,"key":"Block Potion"},{"floor":54,"key":"FearPotion"}],"is_trial":false,"path_per_floor":["M","M","?","?","T","R","E","R","T","E","$","M","R","M","R","B",null,"M","?","$","?","M","R","M","?","T","E","$","R","M","?","R","B",null,"M","M","?","M","$","T","M","?","T","E","R","$","M","M","R","B",null,"R","$","E","B"],"character_chosen":"THE_SILENT","items_purchased":["Happy Flower","Backflip","Footwork","Membership Card","Footwork","Accuracy","Deep Breath","Pen Nib"],"campfire_rested":1,"item_purchase_floors":[11,11,28,39,39,46,46,53],"current_hp_per_floor":[70,70,70,56,56,56,56,56,56,33,33,33,33,33,54,45,70,66,60,60,67,67,67,66,66,66,61,61,61,61,61,61,3,82,82,82,82,82,82,82,82,82,82,82,82,82,77,61,61,27,82,82,82,58,0,0],"gold":43,"neow_bonus":"THREE_ENEMY_KILL","is_daily":false,"chose_seed":false,"campfire_upgraded":8,"win_rate":0.0,"timestamp":1608283043,"path_taken":["M","M","?","?","?","R","E","R","T","E","$","M","R","M","R","BOSS","M","?","$","?","?","R","M","?","T","E","$","R","M","?","R","BOSS","M","?","?","M","$","?","M","?","T","E","R","$","M","M","R","BOSS","R","$","E","BOSS"],"items_purchased_type":["Relic","Card","Card","Relic","Card","Card","Card","Relic"],"build_version":"2020-12-13","purchased_purges":2,"victory":false,"max_hp_per_floor":[70,70,70,70,70,70,70,70,70,70,70,70,70,70,70,70,70,70,70,70,77,77,77,77,77,77,82,82,82,82,82,82,82,82,82,82,82,82,82,82,82,82,82,82,82,82,82,82,82,82,82,82,82,82,82,82],"card_choices":[{"not_picked":["Sucker Punch","Deflect"],"picked":"Blade Dance","floor":1},{"not_picked":["Masterful Stab","Well Laid Plans","Blur"],"picked":"SKIP","floor":2},{"not_picked":["Flying Knee","Backstab"],"picked":"Corpse Explosion","floor":7},{"not_picked":["Riddle With Holes","Acrobatics","Dash"],"picked":"SKIP","floor":10},{"not_picked":["Poisoned Stab","Flying Knee"],"picked":"Dagger Throw","floor":12},{"not_picked":["Noxious Fumes","Deadly Poison"],"picked":"Calculated Gamble","floor":14},{"not_picked":["A Thousand Cuts","Bullet Time"],"picked":"Adrenaline","floor":16},{"not_picked":["Deflect","Finisher"],"picked":"Backflip+1","floor":18},{"not_picked":["Dodge and Roll","Deflect+1"],"picked":"Cloak And Dagger+1","floor":22},{"not_picked":["Acrobatics","Poisoned Stab","All Out Attack"],"picked":"SKIP","floor":24},{"not_picked":["Bouncing Flask+1","Escape Plan"],"picked":"Accuracy+1","floor":27},{"not_picked":["Predator","Calculated Gamble"],"picked":"Dodge and Roll+1","floor":30},{"not_picked":["Deadly Poison","Sucker Punch","Glass Knife"],"picked":"SKIP","floor":30},{"not_picked":["Corpse Explosion","Die Die Die"],"picked":"Phantasmal Killer","floor":33},{"not_picked":["PiercingWail","Choke","Crippling Poison"],"picked":"SKIP","floor":35},{"not_picked":["Dagger Throw+1","Predator","Outmaneuver+1"],"picked":"SKIP","floor":35},{"not_picked":["Outmaneuver","Slice"],"picked":"Blade Dance","floor":36},{"not_picked":["Sucker Punch","Dagger Spray+1","Backflip"],"picked":"SKIP","floor":36},{"not_picked":["Slice","Caltrops+1"],"picked":"Terror+1","floor":38},{"not_picked":["Outmaneuver","Blade Dance","Riddle With Holes+1"],"picked":"SKIP","floor":38},{"not_picked":["Sucker Punch+1","Bane"],"picked":"Caltrops+1","floor":41},{"not_picked":["Bullet Time","Dagger Spray","Bane+1"],"picked":"SKIP","floor":41},{"not_picked":["Cloak And Dagger","Predator+1","Crippling Poison"],"picked":"SKIP","floor":44},{"not_picked":["All Out Attack+1","Deflect+1","Bouncing Flask"],"picked":"SKIP","floor":47},{"not_picked":["Escape Plan","Quick Slash+1","Slice"],"picked":"SKIP","floor":47},{"not_picked":["Bouncing Flask","Prepared+1"],"picked":"Finisher+1","floor":48},{"not_picked":["Underhanded Strike+1","Setup","Backflip"],"picked":"SKIP","floor":48},{"not_picked":["Terror","Blur","Skewer"],"picked":"SKIP","floor":54}],"player_experience":174018,"relics_obtained":[{"floor":7,"key":"Oddly Smooth Stone"},{"floor":9,"key":"Omamori"},{"floor":10,"key":"Boot"},{"floor":17,"key":"Bag of Marbles"},{"floor":17,"key":"InkBottle"},{"floor":17,"key":"Peace Pipe"},{"floor":19,"key":"Red Mask"},{"floor":26,"key":"Prayer Wheel"},{"floor":27,"key":"Lantern"},{"floor":40,"key":"Dream Catcher"},{"floor":43,"key":"Bronze Scales"},{"floor":44,"key":"Vajra"},{"floor":54,"key":"StrikeDummy"}],"event_choices":[{"damage_healed":0,"gold_gain":0,"player_choice":"Leave","damage_taken":0,"max_hp_gain":0,"max_hp_loss":0,"event_name":"The Cleric","floor":3,"gold_loss":0},{"damage_healed":0,"gold_gain":0,"player_choice":"Entered Light","damage_taken":14,"max_hp_gain":0,"max_hp_loss":0,"event_name":"Shining Light","floor":4,"gold_loss":0,"cards_upgraded":["Defend_G","Strike_G"]},{"damage_healed":0,"gold_gain":0,"player_choice":"Fought Bandits","damage_taken":0,"max_hp_gain":0,"max_hp_loss":0,"event_name":"Masked Bandits","floor":19,"gold_loss":0},{"damage_healed":0,"gold_gain":0,"player_choice":"Obtained Relic","damage_taken":0,"relics_obtained":["Strawberry"],"max_hp_gain":0,"max_hp_loss":0,"event_name":"Addict","floor":21,"gold_loss":85},{"damage_healed":0,"gold_gain":0,"player_choice":"Ignored","damage_taken":0,"max_hp_gain":0,"max_hp_loss":0,"event_name":"Cursed Tome","floor":25,"gold_loss":0},{"damage_healed":0,"gold_gain":0,"player_choice":"Upgraded","damage_taken":0,"max_hp_gain":0,"max_hp_loss":0,"event_name":"Upgrade Shrine","floor":31,"gold_loss":0,"cards_upgraded":["Calculated Gamble"]},{"damage_healed":0,"gold_gain":0,"player_choice":"Got Potions","damage_taken":0,"max_hp_gain":0,"max_hp_loss":0,"event_name":"Lab","floor":37,"gold_loss":0},{"damage_healed":0,"gold_gain":0,"player_choice":"Ignored","damage_taken":0,"max_hp_gain":0,"max_hp_loss":0,"event_name":"NoteForYourself","floor":42,"gold_loss":0}],"is_beta":false,"boss_relics":[{"not_picked":["Sozu","Coffee Dripper"],"picked":"Calling Bell"},{"not_picked":["Cursed Key","Pandora\u0027s Box"],"picked":"Ring of the Serpent"}],"items_purged_floors":[39,46],"is_endless":false,"potions_floor_spawned":[2,10,14,22,24,27,33,36,48,54],"killed_by":"The Heart","ascension_level":0}}