{"host":"weghyrtrhzwgovqi","time":1608299138,"event":{"mods":["BaseMod","Defuse TimeMaze Blight","Dota2Spire","Lobotomy","LobotomyExtend","Minty Spire (QoL Compilation)","RumiaBox-Â¶Ã×æ«µÄÉñÃØºÐ×Ó","StSLib","Thieving Mod","Uncapped","UnlockEverythingMod","Youmu£¨»êÆÇÑýÃÎ£©","[IsaacMod]ÒÔÈö¼âËþ","noobMod"],"gold_per_floor":[120,133,148,159,173,201,201,201,201,201,213,263,263,291,291,392,392,405,100,119,129,146,146,178,210,237,237,237,88,107,119,119,248,248,262,56,255,303,343,376,376,388,388,388,404,436,436,493,493,597,597,614,633,650,52,101,101,101,117,117,127,144,144,164,214,214,310,310,330,343,357,53,96,96,112,128,154,154,170,170,216,250,250,362,362,379,391,165,219,236,236,255,265,300,66,137,137,147,147,147,147,147],"floor_reached":101,"playtime":5993,"items_purged":[],"score":2062,"play_id":"4809592c-0220-4a8d-91e3-5df052f10864","local_time":"20201218214538","daily_mods":["Draft","Shiny","Vintage","Heirloom","Time Dilation","Flight","Lethality"],"is_ascension_mode":false,"campfire_choices":[],"circlet_count":0,"master_deck":["CENSORED","QueenOfHatred","BodiesMountain","BodiesMountain","Funeral","LongBird","ApocalypseBird","PunishingBird","BigBird","Mercenary","DespairKnight","WhiteNight","Woodsman","Demon Form","Wraith Form v2","Echo Form","DevaForm","MatsuyoiReflectingSatelliteSlash","GreatEnlightenmentAppearingAndDisappearing","HeavenGodSword","ReincarnationSword","SlashOfTheEternalFuture+1","WickedSoul+1","HellRealmSword","AsuraSword","CelestialStarSword","StrangeHalfBody","CherryBlossomSword","VoidnessSword","SlashOfSaigyouSpringWind","ASingleThoughtAndInfiniteKalpas","TheSmile","Justitia","GoldRush","CENSORED_ego","Pinks","DaCapo","Twilight","ParadiseLost","Adoration","SoundOfStar","Mimicry","SecurityCode","InformationCode","DisciplinaryCode","ParadiseLost","SwordOfBindingDesires","SpiderLilyBurial","HereticApostle","RedEyes+1","FourthMatchFlame","PhosphoricSlash","SlashOfMeditation","SlashOfDelusionalInnerEye","Regret_ego","GrinderMk4","SomewhereSpear","SanzenSekai","BizarrenessOfSixRealms","Soda","OSAHOGD","FeatherOfHonor","SpecialBullet","CrescentMoonSlash","FantasyOfEnteringEnlightenment","HellRealmSword","Yin","Twilight","HumanGodSword","FieryBird","SpecialBullet","TrainingCode","SwordExtraction","FeatherOfHonor+1","BlackArmy","WelfareCode","ControlCode","TT2Protocol","SummonCall","CentralCode","ExtractionCode","ParadiseLost","VoidnessSword+1","SwordExtraction+1","RecordCode","NothingThere","CENSORED_ego+1","ParadiseLost+1","BigBadWolf","SilentOrchestra"],"relics":["CogitoBucket","ice","HushsDoor","KeepersGift","Incense Burner","Anchor","LetterFromLob","Logging_r","Bottled Tornado","Dota2Spire:BlackKingBar","GodSword3","Dota2Spire:MaskOfMadness","DeathBook","SwordSharpenedByTears_r","DeathAngel","TheBible","AspirationHeart","Strawberry","Bottled Lightning","ShedSkin_r","LaetitiaHeart","WantedRequest","Bag of Preparation","Dota2Spire:Bloodstone","GuppysPaw","BelialBook","Lamp_r","Mango","ClockworkSouvenir","ResearcherNote","Dota2Spire:ShivaGuard","Dota2Spire:Dagon","Bird Faced Urn","Twilight","TuHaoJin","MealTicket","SSSystem","Medical Kit","SkinProphecy","Happy Flower","Justitia_r","Yang_Lob","Dota2Spire:HandOfMidas","Calling Bell","Bag of Marbles","Sundial","Mummified Hand","Potion Belt","BloodBag","BookofShadows","Dota2Spire:CrimsonGuard","ZombieArmy","FossilizedHelix","War Paint","DoctorsRemote","Ccalipers","Blue Candle","SolemnVow_r","Empty Cage","ice","Gremlin Horn","TheSmile_r","BookOfRevelations","Kunai","Unceasing Top","Akabeko","Frozen Eye","Dota2Spire:LotusOrb","StrikeDummy","Dead Branch","Vajra","Du-Vu Doll","Frozen Egg 2","Mercury Hourglass","Dota2Spire:RefresherOrb","GuppysCollar","SatanicBible","Whetstone","Lizard Tail","Bottled Flame","SteamSale","Dota2Spire:EchoSabre","GodSword7","RedMistMask","HowToJump","Blood Vial","InTheNameOfLoveAndHate_r","Dota2Spire:DrumOfEndurance","CeramicFish","Busted Crown","GuppysTail","GuppysHairball","DeathBook","Gambling Chip","Dota2Spire:Vanguard","PrismaticShard","Dota2Spire:Butterfly","CENSORED_r","PlanX","Dota2Spire:MonkeyKingBar","GodSword4","Dota2Spire:PowerTreads","D6","NineVolt","InkBottle"],"acts_visited":["Exordium","TheCity","TheBeyond","Exordium","TheCity","TheBeyond"],"potions_floor_usage":[],"damage_taken":[{"damage":0.0,"enemies":"2 Louse","floor":1.0,"turns":1.0},{"damage":64.0,"enemies":"Cultist","floor":2.0,"turns":5.0},{"damage":12.0,"enemies":"Small Slimes","floor":3.0,"turns":2.0},{"damage":0.0,"enemies":"Exordium Wildlife","floor":4.0,"turns":2.0},{"damage":9.0,"enemies":"2 Fungi Beasts","floor":5.0,"turns":2.0},{"damage":0.0,"enemies":"Gremlin Nob","floor":6.0,"turns":3.0},{"damage":30.0,"enemies":"3 Sentries","floor":7.0,"turns":7.0},{"damage":0.0,"enemies":"Blue Slaver","floor":11.0,"turns":2.0},{"damage":44.0,"enemies":"Hiden Room Battle","floor":12.0,"turns":4.0},{"damage":19.0,"enemies":"3 Sentries","floor":14.0,"turns":4.0},{"damage":3.0,"enemies":"Slime Boss","floor":16.0,"turns":3.0},{"damage":2.0,"enemies":"Shell Parasite","floor":18.0,"turns":3.0},{"damage":0.0,"enemies":"Chosen","floor":20.0,"turns":2.0},{"damage":0.0,"enemies":"Centurion and Healer","floor":21.0,"turns":3.0},{"damage":0.0,"enemies":"3 Cultists","floor":22.0,"turns":2.0},{"damage":24.0,"enemies":"Slavers","floor":23.0,"turns":4.0},{"damage":0.0,"enemies":"Slavers","floor":24.0,"turns":1.0},{"damage":0.0,"enemies":"Gremlin Leader","floor":25.0,"turns":2.0},{"damage":0.0,"enemies":"Chosen and Byrds","floor":30.0,"turns":3.0},{"damage":0.0,"enemies":"Centurion and Healer","floor":31.0,"turns":3.0},{"damage":11.0,"enemies":"Champ","floor":33.0,"turns":1.0},{"damage":5.0,"enemies":"3 Shapes","floor":35.0,"turns":1.0},{"damage":0.0,"enemies":"Orb Walker","floor":37.0,"turns":1.0},{"damage":0.0,"enemies":"2 Orb Walkers","floor":38.0,"turns":2.0},{"damage":0.0,"enemies":"Transient","floor":39.0,"turns":2.0},{"damage":0.0,"enemies":"Nemesis","floor":40.0,"turns":1.0},{"damage":0.0,"enemies":"Writhing Mass","floor":42.0,"turns":1.0},{"damage":0.0,"enemies":"3 Darklings","floor":45.0,"turns":1.0},{"damage":0.0,"enemies":"Reptomancer","floor":46.0,"turns":1.0},{"damage":0.0,"enemies":"Giant Head","floor":48.0,"turns":2.0},{"damage":0.0,"enemies":"Donu and Deca","floor":50.0,"turns":1.0},{"damage":0.0,"enemies":"Jaw Worm","floor":52.0,"turns":1.0},{"damage":0.0,"enemies":"2 Louse","floor":53.0,"turns":1.0},{"damage":0.0,"enemies":"Cultist","floor":54.0,"turns":1.0},{"damage":0.0,"enemies":"Blue Slaver","floor":56.0,"turns":1.0},{"damage":0.0,"enemies":"Gremlin Gang","floor":59.0,"turns":1.0},{"damage":0.0,"enemies":"Large Slime","floor":61.0,"turns":1.0},{"damage":0.0,"enemies":"3 Louse","floor":62.0,"turns":1.0},{"damage":0.0,"enemies":"2 Fungi Beasts","floor":64.0,"turns":1.0},{"damage":0.0,"enemies":"Looter","floor":65.0,"turns":1.0},{"damage":0.0,"enemies":"Slime Boss","floor":67.0,"turns":1.0},{"damage":0.0,"enemies":"2 Thieves","floor":69.0,"turns":1.0},{"damage":0.0,"enemies":"Spheric Guardian","floor":70.0,"turns":1.0},{"damage":0.0,"enemies":"Snake Plant","floor":71.0,"turns":1.0},{"damage":0.0,"enemies":"Snecko","floor":73.0,"turns":1.0},{"damage":0.0,"enemies":"Cultist and Chosen","floor":75.0,"turns":1.0},{"damage":0.0,"enemies":"Snake Plant","floor":76.0,"turns":1.0},{"damage":0.0,"enemies":"Book of Stabbing","floor":77.0,"turns":1.0},{"damage":0.0,"enemies":"Snecko","floor":79.0,"turns":1.0},{"damage":0.0,"enemies":"Sentry and Sphere","floor":81.0,"turns":1.0},{"damage":0.0,"enemies":"Slavers","floor":82.0,"turns":1.0},{"damage":0.0,"enemies":"Automaton","floor":84.0,"turns":1.0},{"damage":0.0,"enemies":"Orb Walker","floor":86.0,"turns":1.0},{"damage":0.0,"enemies":"3 Darklings","floor":87.0,"turns":1.0},{"damage":39.0,"enemies":"Transient","floor":89.0,"turns":3.0},{"damage":0.0,"enemies":"Writhing Mass","floor":90.0,"turns":1.0},{"damage":0.0,"enemies":"3 Darklings","floor":92.0,"turns":1.0},{"damage":0.0,"enemies":"Sphere and 2 Shapes","floor":93.0,"turns":1.0},{"damage":0.0,"enemies":"Giant Head","floor":94.0,"turns":1.0},{"damage":0.0,"enemies":"Nemesis","floor":96.0,"turns":1.0},{"damage":0.0,"enemies":"Maw","floor":98.0,"turns":1.0},{"damage":0,"enemies":"Delirium","floor":101,"turns":1}],"seed_played":"-8073940986774787783","potions_obtained":[{"floor":7.0,"key":"EssenceOfSteel"},{"floor":16.0,"key":"SkillPotion"},{"floor":33.0,"key":"LiquidBronze"},{"floor":50.0,"key":"GamblersBrew"},{"floor":67.0,"key":"AttackPotion"},{"floor":82.0,"key":"Dota2Spire:Clarity"}],"is_trial":true,"path_per_floor":["M","M","M","M","M","E","E","R","T","R","M","?","?","E","R","B",null,"M","$","M","M","M","E","E","E","T","R","R","$","M","M","R","B",null,"M","$","M","?","M","E","R","M","T","R","M","E","R","E","R","B",null,"M","M","M","$","M","R","R","M","T","M","M","R","M","M","R","B",null,"M","M","M","$","M","R","M","M","E","R","M","R","M","E","R","B",null,"M","M","$","M","M","R","M","M","E","$","E","R","M","?","R","B"],"character_chosen":"Angela","items_purchased":["GuppysPaw","BelialBook","HellRealmSword","ClockworkSouvenir","Medical Kit","Potion Belt","SwordExtraction","Unceasing Top","Akabeko","Frozen Eye","GuppysCollar","SatanicBible","SteamSale","VoidnessSword+1","Dota2Spire:EchoSabre","GuppysTail","GuppysHairball","DeathBook","PrismaticShard","Dota2Spire:Butterfly","D6","NineVolt"],"campfire_rested":0,"item_purchase_floors":[17,17,19,19,29,36,36,55,55,55,68,68,72,72,72,85,85,85,88,88,95,95],"current_hp_per_floor":[70,70,72,73,75,76,57,57,57,57,76,46,26,43,43,59,59,72,72,97,107,107,108,118,119,119,119,119,119,121,129,129,126,126,132,132,113,132,155,157,157,159,159,159,165,167,167,174,174,176,176,178,184,183,183,185,185,185,190,190,190,193,193,194,194,194,200,181,182,183,184,184,189,189,191,193,197,197,201,201,207,213,213,215,185,187,189,189,186,194,194,199,205,207,207,213,213,219,219,219,221,221],"gold":147,"neow_bonus":"","is_daily":false,"chose_seed":false,"campfire_upgraded":0,"win_rate":0.0,"timestamp":1608299138,"path_taken":["M","M","M","M","M","E","E","R","T","R","M","?","?","E","R","BOSS","M","$","M","M","M","E","E","E","T","R","R","$","M","M","R","BOSS","M","$","M","?","M","E","R","?","T","R","M","E","R","E","R","BOSS","M","M","M","$","M","R","R","M","T","M","M","R","M","M","R","BOSS","M","M","M","$","M","R","M","M","E","R","M","R","M","E","R","BOSS","M","M","$","M","M","R","M","M","E","$","E","R","M","?","R","BOSS"],"items_purchased_type":["Relic","Relic","Card","Relic","Relic","Relic","Card","Relic","Relic","Relic","Relic","Relic","Relic","Card","Relic","Relic","Relic","Relic","Relic","Relic","Relic","Relic"],"build_version":"2020-12-13","purchased_purges":0,"victory":false,"max_hp_per_floor":[70,70,72,73,75,76,80,80,80,80,101,101,101,110,110,111,91,104,104,106,107,111,118,118,119,119,119,119,119,125,130,130,132,132,136,136,145,152,155,157,157,163,163,163,165,171,171,174,174,180,180,182,184,186,186,188,188,188,190,190,192,194,194,196,198,198,204,181,183,185,187,187,189,189,191,197,199,199,205,205,211,213,213,215,185,187,189,189,195,197,197,203,205,211,211,217,217,219,219,219,221,221],"card_choices":[{"not_picked":["SpiderLilyBurial","SlashOfMeditation"],"picked":"ParadiseLost","floor":0.0},{"not_picked":["GhostSword","Amita"],"picked":"SwordOfBindingDesires","floor":0.0},{"not_picked":["ScreamingWedge","CrescentMoonSlash"],"picked":"SpiderLilyBurial","floor":0.0},{"not_picked":["RedEyes","Pleasure"],"picked":"BloodyDesire","floor":0.0},{"not_picked":["Loneliness","LifeForTheDareDevil"],"picked":"RedEyes","floor":0.0},{"not_picked":["LowerRealmReflectionSlash","ConstancyOfTheConventionalTruth"],"picked":"FourthMatchFlame","floor":0.0},{"not_picked":["Loneliness","FlashingScatteredFlowers"],"picked":"PhosphoricSlash","floor":0.0},{"not_picked":["Horn","Logging"],"picked":"SlashOfMeditation","floor":0.0},{"not_picked":["TwoHundredYojanaInOneSlash","Lantern"],"picked":"SlashOfDelusionalInnerEye","floor":0.0},{"not_picked":["CherryBlossom","SlashOfSaigyouSpringWind"],"picked":"Regret_ego","floor":0.0},{"not_picked":["HumanKnowledgeSword","Diffraction"],"picked":"GrinderMk4","floor":0.0},{"not_picked":["FourthMatchFlame","Diffraction"],"picked":"SomewhereSpear","floor":0.0},{"not_picked":["Beak","Wingbeat"],"picked":"SanzenSekai","floor":0.0},{"not_picked":["Spore","SomewhereSpear"],"picked":"BizarrenessOfSixRealms","floor":0.0},{"not_picked":["ThreeKonsSevenHakus","RapturousDream"],"picked":"Soda","floor":0.0},{"not_picked":["PunishingBird","Variant"],"picked":"Woodsman","floor":1.0},{"not_picked":["SpiderBud","OSAHOGD"],"picked":"PunishingBird","floor":2.0},{"not_picked":["BeautyBeast","MHz"],"picked":"DespairKnight","floor":3.0},{"not_picked":["Laetitia","CrumblingArmor"],"picked":"WhiteNight","floor":5.0},{"not_picked":["WallGazer","MeatLantern"],"picked":"OSAHOGD","floor":6.0},{"not_picked":["StrangeHalfBody"],"picked":"FeatherOfHonor","floor":6.0},{"not_picked":["LifeCuttingSword"],"picked":"CrescentMoonSlash","floor":7.0},{"not_picked":["SpiderBud","MeatLantern"],"picked":"Mercenary","floor":11.0},{"not_picked":["DispleasureOfTheSevenHakus"],"picked":"FantasyOfEnteringEnlightenment","floor":14.0},{"not_picked":["BeautyBeast","Scarecrow"],"picked":"BigBird","floor":16.0},{"not_picked":["Laetitia","CrumblingArmor"],"picked":"LongBird","floor":22.0},{"not_picked":["MeatLantern","UniverseFragment"],"picked":"Yin","floor":23.0},{"not_picked":["Hypocrisy"],"picked":"Twilight","floor":23.0},{"not_picked":["SomewhereSpear+1","SpiritCuttingSword"],"picked":"SKIP","floor":24.0},{"not_picked":["HiganSword"],"picked":"HumanGodSword","floor":25.0},{"not_picked":["OldLady","Laetitia"],"picked":"FieryBird","floor":30.0},{"not_picked":["SnowQueen","LaLuna"],"picked":"MeltingLove","floor":38.0},{"not_picked":["Lantern+1"],"picked":"FeatherOfHonor","floor":38.0},{"not_picked":["Loneliness+1","HeavenSword"],"picked":"SKIP","floor":40.0},{"not_picked":["SnowQueen","RedShoes"],"picked":"BlackArmy","floor":42.0},{"not_picked":["GalaxyChild","BeautyBeast"],"picked":"Funeral","floor":46.0},{"not_picked":["SanzenSekai","Soda"],"picked":"SKIP","floor":46.0},{"not_picked":["SanzenSekai","Soda"],"picked":"SKIP","floor":46.0},{"not_picked":["SoundOfStar","GreenStem"],"picked":"SKIP","floor":48.0},{"not_picked":["LittleHelper","Alriune"],"picked":"BodiesMountain","floor":50.0},{"not_picked":["QueenBee","HappyTeddy"],"picked":"QueenOfHatred","floor":67.0},{"not_picked":["DaCapo"],"picked":"ParadiseLost","floor":67.0},{"not_picked":["GreedKing","LaLuna","HeroicMonk"],"picked":"Singing Bowl","floor":75.0},{"not_picked":["Laetitia","Rudolta","SilentOrchestra"],"picked":"Singing Bowl","floor":76.0},{"not_picked":["Freischutz","NothingThere"],"picked":"CENSORED","floor":76.0},{"not_picked":["RedShoes","SingingMachine","GalaxyChild"],"picked":"Singing Bowl","floor":77.0},{"not_picked":["CrescentMoonSlash+1","GreatEnlightenmentAppearingAndDisappearing+1"],"picked":"SwordExtraction+1","floor":77.0},{"not_picked":["GalaxyChild","DreamingCurrent"],"picked":"BlueStar","floor":79.0},{"not_picked":["HeroicMonk","SilentOrchestra"],"picked":"NothingThere","floor":81.0},{"not_picked":["Alriune","Scarecrow","GalaxyChild"],"picked":"Singing Bowl","floor":82.0},{"not_picked":["TodaysExpression+1","SwordExtraction+1"],"picked":"CENSORED_ego+1","floor":82.0},{"not_picked":["HeroicMonk","Rudolta","BlackSwan"],"picked":"Singing Bowl","floor":84.0},{"not_picked":["AsuraSword+1","DeadlyForm+1"],"picked":"ParadiseLost+1","floor":84.0},{"not_picked":["SnowQueen","GalaxyChild","LaLuna"],"picked":"Singing Bowl","floor":86.0},{"not_picked":["GreedKing","NakedNest","SilentOrchestra"],"picked":"Singing Bowl","floor":87.0},{"not_picked":["HeroicMonk","GalaxyChild"],"picked":"BigBadWolf","floor":89.0},{"not_picked":["HeroicMonk","GreedKing","SingingMachine"],"picked":"Singing Bowl","floor":90.0},{"not_picked":["GalaxyChild","SingingMachine"],"picked":"SilentOrchestra","floor":92.0},{"not_picked":["WhitesApple","LittlePrince","Freischutz"],"picked":"Singing Bowl","floor":94.0},{"not_picked":["GreedKing","DreamingCurrent"],"picked":"BlueStar","floor":94.0},{"not_picked":["Deadly Poison+1"],"picked":"SKIP","floor":94.0},{"not_picked":["QueenBee","Alriune"],"picked":"MeltingLove","floor":96.0},{"not_picked":["Thinking Ahead+1"],"picked":"SKIP","floor":96.0}],"player_experience":223100,"relics_obtained":[{"floor":1.0,"key":"Anchor"},{"floor":1.0,"key":"LetterFromLob"},{"floor":2.0,"key":"Bottled Tornado"},{"floor":3.0,"key":"Dota2Spire:BlackKingBar"},{"floor":4.0,"key":"GodSword3"},{"floor":5.0,"key":"Dota2Spire:MaskOfMadness"},{"floor":6.0,"key":"DeathBook"},{"floor":7.0,"key":"DeathAngel"},{"floor":9.0,"key":"TheBible"},{"floor":11.0,"key":"Strawberry"},{"floor":12.0,"key":"Bottled Lightning"},{"floor":14.0,"key":"Bag of Preparation"},{"floor":18.0,"key":"Mango"},{"floor":20.0,"key":"Dota2Spire:ShivaGuard"},{"floor":21.0,"key":"Dota2Spire:Dagon"},{"floor":22.0,"key":"Bird Faced Urn"},{"floor":23.0,"key":"Twilight"},{"floor":24.0,"key":"TuHaoJin"},{"floor":25.0,"key":"MealTicket"},{"floor":26.0,"key":"SSSystem"},{"floor":30.0,"key":"Happy Flower"},{"floor":31.0,"key":"Dota2Spire:HandOfMidas"},{"floor":34.0,"key":"Bag of Marbles"},{"floor":34.0,"key":"Sundial"},{"floor":34.0,"key":"BloodDonationMachine"},{"floor":35.0,"key":"Mummified Hand"},{"floor":37.0,"key":"BookofShadows"},{"floor":39.0,"key":"Dota2Spire:CrimsonGuard"},{"floor":40.0,"key":"ZombieArmy"},{"floor":42.0,"key":"FossilizedHelix"},{"floor":43.0,"key":"War Paint"},{"floor":45.0,"key":"DoctorsRemote"},{"floor":46.0,"key":"Ccalipers"},{"floor":48.0,"key":"Blue Candle"},{"floor":52.0,"key":"Gremlin Horn"},{"floor":53.0,"key":"BookOfRevelations"},{"floor":54.0,"key":"Kunai"},{"floor":56.0,"key":"Dota2Spire:LotusOrb"},{"floor":59.0,"key":"StrikeDummy"},{"floor":60.0,"key":"Dead Branch"},{"floor":61.0,"key":"Vajra"},{"floor":62.0,"key":"Du-Vu Doll"},{"floor":64.0,"key":"Frozen Egg 2"},{"floor":65.0,"key":"Mercury Hourglass"},{"floor":69.0,"key":"Whetstone"},{"floor":70.0,"key":"Lizard Tail"},{"floor":71.0,"key":"Bottled Flame"},{"floor":73.0,"key":"GodSword7"},{"floor":73.0,"key":"RedMistMask"},{"floor":75.0,"key":"HowToJump"},{"floor":76.0,"key":"Blood Vial"},{"floor":79.0,"key":"Dota2Spire:DrumOfEndurance"},{"floor":81.0,"key":"CeramicFish"},{"floor":86.0,"key":"Gambling Chip"},{"floor":87.0,"key":"Dota2Spire:Vanguard"},{"floor":89.0,"key":"PlanX"},{"floor":90.0,"key":"Dota2Spire:MonkeyKingBar"},{"floor":92.0,"key":"GodSword4"},{"floor":93.0,"key":"Dota2Spire:PowerTreads"},{"floor":98,"key":"InkBottle"}],"event_choices":[{"damage_healed":0.0,"max_hp_gain":0.0,"max_hp_loss":0.0,"gold_gain":0.0,"event_name":"HidenRoomEvent","player_choice":"Fight","floor":12.0,"gold_loss":0.0,"damage_taken":0.0},{"damage_healed":0.0,"max_hp_gain":0.0,"max_hp_loss":0.0,"gold_gain":0.0,"event_name":"Mysterious Sphere","player_choice":"Fight","floor":38.0,"gold_loss":0.0,"damage_taken":0.0},{"cards_removed":["HeavenSword"],"damage_healed":0,"gold_gain":0,"player_choice":"Removed Power","damage_taken":0,"max_hp_gain":0,"max_hp_loss":0,"event_name":"Falling","floor":99,"gold_loss":0}],"is_beta":false,"boss_relics":[{"not_picked":["SoulBox","Sozu"],"picked":"Dota2Spire:Bloodstone"},{"not_picked":[]},{"not_picked":["Snecko Eye","Runic Pyramid"],"picked":"Calling Bell"},{"not_picked":[]},{"not_picked":["Astrolabe","Runic Dome"],"picked":"Empty Cage"},{"not_picked":[]},{"not_picked":["Tiny House","Astrolabe"],"picked":"Dota2Spire:RefresherOrb"},{"not_picked":[]},{"not_picked":["Velvet Choker","Runic Dome"],"picked":"Busted Crown"},{"not_picked":[]}],"items_purged_floors":[],"is_endless":true,"potions_floor_spawned":[7,16,33,50,67,77,82,84,94,96],"killed_by":"Delirium","ascension_level":0}}