{"host":"uwh382mre4waz4ff","time":1608258554,"event":{"mods":["AchievementEnabler","BaseMod","Better Note","Better Third Choice","BetterRewards","Downfall","Highlight Path","HololiveMod","Minty Spire (QoL Compilation)","Shop Mod","StSLib"],"gold_per_floor":[66,78,112,112,142,156,204,36,36,66,78,143,143,143,164,273,273,273,273,273,273,123,123,123,123,48,48,48,48,48,48,48,48,48,48,48,48,48,48,48,48,48,48,48,48,48,48,48,48,48,48,48,48,48,48],"floor_reached":56,"playtime":3116,"items_purged":["Hololive_Strike","Hololive_Strike"],"score":2701,"play_id":"e60bf2d0-64d4-4232-a94f-d836e4470c40","local_time":"20201218102914","is_ascension_mode":true,"campfire_choices":[{"data":"Mayhem","floor":1,"key":"SMITH"},{"data":"Hololive_CallUsadaPekora","floor":9,"key":"SMITH"},{"floor":18,"key":"RECALL"},{"data":"Hololive_BringToTrial","floor":22,"key":"SMITH"},{"data":"Hololive_CocoNews","floor":26,"key":"SMITH"},{"data":"Hololive_Rebirth","floor":35,"key":"SMITH"},{"data":"Hololive_CallNekomataOkayu","floor":37,"key":"SMITH"},{"floor":54,"key":"REST"}],"circlet_count":0,"master_deck":["AscendersBane","Hololive_CallHoushouMarine","Hololive_CallShiroganeNoel+1","Hololive_CallUruhaRushia","Hololive_CallShiranuiFlare","Hololive_CallUsadaPekora+1","Hololive_StrengthChampion","Mayhem+1","Hololive_BringToTrial+1","Hololive_CallTokoyamiTowa","Hololive_CallFriendA","Hololive_CallNekomataOkayu+1","Hololive_CallSpadeEcho","Hololive_CallTsunomakiWatame","Hololive_CocoNews+1","Hololive_CallAiraniIofifteen","Hololive_CallCivia","Hololive_Spy","Hololive_CallOzoraSubaru","Hololive_Thief","Hololive_CallAZKi","Hololive_CallAmaneKanata","Hololive_StrengthChampion","Hololive_CallNatsuiroMatsuri","Hololive_CallInugamiKorone","Hololive_CallKiryuuCoco","Hololive_CallYozoraMel","Hololive_CallManoAloe","Hololive_Rebirth+1","Hololive_CallMoonaHoshinova+1","Hololive_CallAmaneKanata","Hololive_CocoNews","Hololive_CallDoris","Hololive_CallNakiriAyame","Hololive_OvertimeWork+1","Hololive_CocoNews+1","Hololive_StrengthChampion+1","Hololive_CallMinatoAqua","Hololive_CallAmaneKanata+1","Hololive_CallTokinoSora","Hololive_CallAkaiHaato"],"relics":["Hololive_TheStar","PreservedInsect","Vajra","Ice Cream","Ectoplasm","Bronze Scales","Toy Ornithopter","downfall:HeartBlessingRed","downfall:HeartBlessingBlue","Gambling Chip","Ancient Tea Set","Boot","downfall:HeartBlessingGreen","Nunchaku","Bag of Preparation","Mango","Molten Egg 2","Dream Catcher","Shuriken","Sundial"],"acts_visited":["Exordium","TheCity","TheBeyond","TheEnding"],"potions_floor_usage":[5,8,23],"damage_taken":[{"damage":0,"enemies":"Cultist","floor":2,"turns":2},{"damage":0,"enemies":"Gremlin Nob","floor":3,"turns":3},{"damage":0,"enemies":"3 Sentries","floor":5,"turns":4},{"damage":0,"enemies":"Small Slimes","floor":6,"turns":2},{"damage":0,"enemies":"downfall:FleeingMerchant","floor":8,"turns":4},{"damage":0,"enemies":"Lagavulin","floor":10,"turns":2},{"damage":0,"enemies":"Jaw Worm","floor":11,"turns":1},{"damage":0,"enemies":"downfall:FleeingMerchant","floor":12,"turns":1},{"damage":0,"enemies":"3 Louse","floor":15,"turns":2},{"damage":0,"enemies":"downfall:Silent","floor":16,"turns":5},{"damage":0,"enemies":"downfall:Silent","floor":20,"turns":4},{"damage":0,"enemies":"Gremlin Leader","floor":21,"turns":4},{"damage":0,"enemies":"Slavers","floor":23,"turns":3},{"damage":0,"enemies":"Book of Stabbing","floor":25,"turns":2},{"damage":0,"enemies":"Gremlin Leader","floor":27,"turns":2},{"damage":0,"enemies":"Chosen","floor":28,"turns":3},{"damage":0,"enemies":"3 Byrds","floor":29,"turns":2},{"damage":0,"enemies":"3 Cultists","floor":30,"turns":2},{"damage":0,"enemies":"Snecko","floor":31,"turns":3},{"damage":0,"enemies":"Centurion and Healer","floor":32,"turns":2},{"damage":0,"enemies":"downfall:Watcher","floor":33,"turns":4},{"damage":0,"enemies":"Reptomancer","floor":36,"turns":3},{"damage":0,"enemies":"3 Shapes","floor":38,"turns":2},{"damage":0,"enemies":"Mind Bloom Boss Battle","floor":39,"turns":3},{"damage":0,"enemies":"Nemesis","floor":42,"turns":4},{"damage":0,"enemies":"3 Darklings","floor":43,"turns":3},{"damage":0,"enemies":"Reptomancer","floor":44,"turns":3},{"damage":0,"enemies":"Spire Growth","floor":45,"turns":3},{"damage":0,"enemies":"Sphere and 2 Shapes","floor":46,"turns":3},{"damage":0,"enemies":"Writhing Mass","floor":47,"turns":3},{"damage":0,"enemies":"Spire Growth","floor":49,"turns":3},{"damage":0,"enemies":"downfall:Ironclad","floor":50,"turns":6},{"damage":0,"enemies":"downfall:CharBossMerchant","floor":52,"turns":3},{"damage":0,"enemies":"downfall:NeowBoss","floor":55,"turns":16}],"seed_played":"1521027690379961131","potions_obtained":[{"floor":2,"key":"SkillPotion"},{"floor":3,"key":"champ:CounterPotion"},{"floor":5,"key":"LiquidBronze"},{"floor":10,"key":"SpeedPotion"},{"floor":14,"key":"DistilledChaos"},{"floor":23,"key":"champ:CounterPotion"},{"floor":25,"key":"Fire Potion"}],"is_trial":false,"path_per_floor":["R","M","E","?","E","M","T","$","R","E","M","$","?","?","M","B",null,"R","?","?","E","R","E","T","E","R","E","M","M","M","M","M","B",null,"R","E","R","M","?","?","T","E","M","E","M","M","M","$","M","B",null,"E","$","R","B",null],"character_chosen":"Hololive_HololiveCharacter","items_purchased":["Hololive_CallSpadeEcho","Hololive_CallCivia","Hololive_Spy"],"campfire_rested":1,"item_purchase_floors":[8,12,12],"current_hp_per_floor":[32,32,32,32,32,32,32,32,32,32,32,32,32,32,32,32,32,32,32,32,32,42,42,42,42,42,42,42,42,42,42,42,42,42,42,42,42,42,56,56,56,56,56,56,56,56,56,56,56,56,56,56,56,56,56],"gold":48,"neow_bonus":"RANDOM_COLORLESS_2","is_daily":false,"chose_seed":false,"campfire_upgraded":6,"win_rate":0.0,"timestamp":1608258554,"path_taken":["R","M","E","?","E","M","T","$","R","E","?","$","?","?","M","BOSS","R","?","?","E","R","E","T","E","R","E","?","M","M","M","M","BOSS","R","E","R","M","?","?","T","E","M","E","M","M","M","$","M","BOSS","E","$","R","BOSS"],"items_purchased_type":["Card","Card","Card"],"build_version":"2020-12-13","purchased_purges":2,"victory":true,"max_hp_per_floor":[32,32,32,32,32,32,32,32,32,32,32,32,32,32,32,32,32,32,32,32,32,42,42,42,42,42,42,42,42,42,42,42,42,42,42,42,42,42,56,56,56,56,56,56,56,56,56,56,56,56,56,56,56,56,56],"card_choices":[{"not_picked":["HandOfGreed","expansioncontent:StudyTheSpire"],"picked":"Mayhem","floor":0},{"not_picked":["Hololive_Yoholoon","Hololive_OvertimeWork","Hololive_CandyCastle"],"picked":"Hololive_BringToTrial","floor":2},{"not_picked":["Hololive_Drill","Hololive_Psychosis","Hololive_Breathe"],"picked":"Hololive_CallTokoyamiTowa","floor":3},{"not_picked":["Hololive_Sequa","Hololive_CallNakiriAyame","Hololive_Drill"],"picked":"Hololive_CallFriendA","floor":5},{"not_picked":["Hololive_Breathe","Hololive_Trident","Hololive_ILoveYou"],"picked":"Hololive_CallNekomataOkayu","floor":6},{"not_picked":["Hololive_Rebound","Hololive_Psychosis","Hololive_AWSL"],"picked":"Hololive_SummonFox","floor":8},{"not_picked":["Hololive_CallYukihanaLamy","Hololive_OvertimeWork","Hololive_Rebound"],"picked":"Hololive_CallTsunomakiWatame","floor":10},{"not_picked":["Hololive_HuntDinosaur","Hololive_Sequa","Hololive_Trident"],"picked":"Hololive_CocoNews","floor":11},{"not_picked":["Hololive_OvertimeWork","Hololive_CandyCastle","Hololive_BringToTrial"],"picked":"Hololive_CallAiraniIofifteen","floor":12},{"not_picked":["Hololive_Psychosis","Hololive_CallDoris","Hololive_CallRosalyn"],"picked":"Hololive_CallOzoraSubaru","floor":15},{"not_picked":["Hololive_Recruit","Hololive_BeCareful","Hololive_ASMR"],"picked":"Hololive_Thief","floor":16},{"not_picked":["Hololive_HuntDinosaur+1","Hololive_SoulCatcher+1","Hololive_StrengthChampion"],"picked":"Hololive_CallAZKi","floor":21},{"not_picked":["Hololive_CallRoboco","Hololive_Teleport","Hololive_Rebound"],"picked":"Hololive_CallAmaneKanata","floor":23},{"not_picked":["Hololive_HighAtkLowDef","Hololive_Drill+1","Hololive_RevenueBasedLive"],"picked":"Hololive_StrengthChampion","floor":25},{"not_picked":["Hololive_StrengthChampion","Hololive_IdolExercise","Hololive_RevenueBasedLive"],"picked":"Hololive_CallNatsuiroMatsuri","floor":27},{"not_picked":["Hololive_CallUruhaRushia","Hololive_Rebound","Hololive_ManjiGathering"],"picked":"Hololive_CallInugamiKorone","floor":28},{"not_picked":["Hololive_StrengthChampion+1","Hololive_Sequa","Hololive_Breathe+1"],"picked":"Hololive_CallKiryuuCoco","floor":29},{"not_picked":["Hololive_CallNakiriAyame","Hololive_CallMoonaHoshinova","Hololive_CallMomosuzuNene"],"picked":"Hololive_CallYozoraMel","floor":30},{"not_picked":["Hololive_FlyingPonyTail","Hololive_Sequa","Hololive_CallTokoyamiTowa","Hololive_ASMR"],"picked":"SKIP","floor":31},{"not_picked":["Hololive_StrengthChampion","Hololive_Yoholoon","Hololive_OvertimeWork"],"picked":"Hololive_CallManoAloe","floor":32},{"not_picked":["Hololive_MaximGun","Hololive_AWSL","Hololive_StarCraft"],"picked":"Hololive_Rebirth","floor":33},{"not_picked":["Hololive_RevenueBasedLive","Hololive_Psychosis","Hololive_CallRoboco"],"picked":"Hololive_CallMoonaHoshinova+1","floor":36},{"not_picked":["Hololive_OvertimeWork","Hololive_CocoNews","Hololive_Breathe"],"picked":"Hololive_CallAmaneKanata","floor":38},{"not_picked":["Hololive_WolfAndLamb","Hololive_CallInugamiKorone","Hololive_Psychosis"],"picked":"Hololive_CocoNews","floor":39},{"not_picked":["Hololive_ScarfAndHalo+1","Hololive_CandyCastle","Hololive_Spy"],"picked":"Hololive_CallDoris","floor":42},{"not_picked":["Hololive_Sequa+1","Hololive_LuckPotion+1","Hololive_FlyingPonyTail"],"picked":"Hololive_CallNakiriAyame","floor":43},{"not_picked":["Hololive_Drill+1","Hololive_HuntDinosaur","Hololive_CallCivia"],"picked":"Hololive_OvertimeWork+1","floor":44},{"not_picked":["Hololive_LuckPotion","Hololive_CallKiryuuCoco+1","Hololive_OvertimeWork+1"],"picked":"Hololive_CocoNews+1","floor":45},{"not_picked":["Hololive_CallUruhaRushia","Hololive_LuckPotion","Hololive_FlyingPonyTail+1"],"picked":"Hololive_StrengthChampion+1","floor":46},{"not_picked":["Hololive_LuckPotion+1","Hololive_DiamondStrike+1","Hololive_HuntDinosaur"],"picked":"Hololive_CallMinatoAqua","floor":47},{"not_picked":["Hololive_LuckPotion+1","Hololive_CallUsadaPekora","Hololive_HuntDinosaur"],"picked":"Hololive_CallAmaneKanata+1","floor":49},{"not_picked":["Hololive_StarCraft","Hololive_ILoveYou+1","Hololive_CallNakiriAyame+1"],"picked":"Hololive_CallTokinoSora","floor":52},{"not_picked":["Hololive_CallMomosuzuNene","Hololive_OvertimeWork+1","Hololive_RevenueBasedLive"],"picked":"Hololive_CallAkaiHaato","floor":54}],"player_experience":123707,"relics_obtained":[{"floor":3,"key":"PreservedInsect"},{"floor":5,"key":"Vajra"},{"floor":10,"key":"Ice Cream"},{"floor":21,"key":"Toy Ornithopter"},{"floor":23,"key":"Gambling Chip"},{"floor":24,"key":"Ancient Tea Set"},{"floor":25,"key":"Boot"},{"floor":27,"key":"Nunchaku"},{"floor":36,"key":"Bag of Preparation"},{"floor":39,"key":"Mango"},{"floor":41,"key":"Molten Egg 2"},{"floor":42,"key":"Dream Catcher"},{"floor":44,"key":"Shuriken"},{"floor":52,"key":"Sundial"}],"event_choices":[{"damage_healed":0,"gold_gain":0,"player_choice":"Upgraded","damage_taken":0,"max_hp_gain":0,"max_hp_loss":0,"event_name":"Upgrade Shrine","floor":4,"gold_loss":0,"cards_upgraded":["Hololive_CallShiroganeNoel"]},{"cards_removed":["Hololive_Defend"],"damage_healed":0,"gold_gain":0,"player_choice":"Card Removal","damage_taken":0,"max_hp_gain":0,"max_hp_loss":0,"event_name":"The Cleric","floor":13,"gold_loss":0},{"damage_healed":0,"gold_gain":0,"player_choice":"Got Potions","damage_taken":0,"max_hp_gain":0,"max_hp_loss":0,"event_name":"Lab","floor":14,"gold_loss":0}],"is_beta":false,"boss_relics":[{"not_picked":["Hololive_ChaosS","Empty Cage"],"picked":"Ectoplasm"},{"not_picked":["Busted Crown","Runic Pyramid","Snecko Eye"]}],"items_purged_floors":[8,12],"is_endless":false,"potions_floor_spawned":[2,3,5,10,16,21,23,25,29,38,44,46],"ascension_level":12}}