{"host":"5gc11emcm5chfr5t","time":1608250194,"event":{"mods":["2.2 Compatiblity","AchievementEnabler","BaseMod","Bestiary","Better Note","Colored Map","Colored Powertips","Downfall","Googly Eyes","Minty Spire (QoL Compilation)","Rare Cards Sparkle","StSLib"],"gold_per_floor":[99,133,175,112,124,147,185,232,244,284,309,321,433,111,130,130,130],"floor_reached":16,"playtime":644,"items_purged":[],"score":180,"play_id":"36da5ca7-42d6-4504-9d3e-11eac2244cb2","local_time":"20201217190954","is_ascension_mode":true,"campfire_choices":[{"floor":1,"key":"RECALL"},{"floor":4,"key":"REST"},{"floor":9,"key":"REST"}],"circlet_count":0,"master_deck":["AscendersBane","sneckomod:Defend","sneckomod:TailWhip+1","sneckomod:SnekBite","sneckomod:Unknown","sneckomod:Unknown","sneckomod:Rotation","sneckomod:UnknownStrength","sneckomod:PureSnecko","sneckomod:UnknownStrength","sneckomod:SnakeSap","sneckomod:RainOfDice","sneckomod:UnknownUncommonAttack","sneckomod:Unknown2Cost","sneckomod:UnknownRareAttack","sneckomod:UnknownRareSkill","sneckomod:UnknownRarePower","Mayhem","sneckomod:ImprovisedGuard"],"relics":["Empty Cage","MawBank","Anchor","downfall:HeartBlessingRed","sneckomod:LoadedDie","StrikeDummy","Smiling Mask","sneckomod:RareBoosterPack"],"acts_visited":["Exordium"],"potions_floor_usage":[8,10,11,13,13],"damage_taken":[{"damage":57,"enemies":"Gremlin Nob","floor":2,"turns":5},{"damage":0,"enemies":"2 Louse","floor":6,"turns":3},{"damage":20,"enemies":"3 Sentries","floor":8,"turns":7},{"damage":23,"enemies":"Lagavulin","floor":10,"turns":5},{"damage":0,"enemies":"Small Slimes","floor":11,"turns":2},{"damage":26,"enemies":"downfall:Heads","floor":13,"turns":5},{"damage":0,"enemies":"downfall:FleeingMerchant","floor":14,"turns":4},{"damage":0,"enemies":"Cultist","floor":15,"turns":2},{"damage":16,"enemies":"downfall:Defect","floor":16,"turns":4}],"seed_played":"-9006356599424581157","potions_obtained":[{"floor":5,"key":"DuplicationPotion"},{"floor":5,"key":"Block Potion"},{"floor":8,"key":"Fire Potion"},{"floor":10,"key":"Swift Potion"},{"floor":11,"key":"Explosive Potion"}],"is_trial":false,"path_per_floor":["R","E","?","R","?","M","T","E","R","E","M","?","?","$","M","B"],"character_chosen":"THE_SNECKO","items_purchased":["sneckomod:RareBoosterPack","Mayhem"],"campfire_rested":2,"item_purchase_floors":[14,14],"current_hp_per_floor":[81,24,24,51,51,51,51,31,58,35,35,35,9,9,9,0,0],"gold":130,"neow_bonus":"BOSS_RELIC","is_daily":false,"chose_seed":false,"campfire_upgraded":0,"win_rate":0.0,"timestamp":1608250194,"path_taken":["R","E","?","R","?","M","T","E","R","E","?","?","?","$","M","BOSS"],"items_purchased_type":["Relic","Card"],"build_version":"2020-12-13","purchased_purges":0,"victory":false,"max_hp_per_floor":[90,90,90,90,90,90,90,90,90,90,90,90,90,90,90,90,90],"card_choices":[{"not_picked":["sneckomod:RainOfDice","sneckomod:UnknownClassBLUE"],"picked":"sneckomod:Rotation","floor":2},{"not_picked":["sneckomod:UnknownBlock","sneckomod:UnknownClassRED"],"picked":"sneckomod:UnknownStrength","floor":6},{"not_picked":["sneckomod:Unknown1Cost","sneckomod:UnknownCommonSkill"],"picked":"sneckomod:PureSnecko","floor":8},{"not_picked":["sneckomod:UnknownBlock","sneckomod:PureSnecko"],"picked":"sneckomod:UnknownStrength","floor":10},{"not_picked":["sneckomod:UnknownClassHEXA_GHOST_PURPLE","sneckomod:RainOfDice"],"picked":"sneckomod:SnakeSap","floor":11},{"not_picked":["sneckomod:WideSting","sneckomod:UnknownStrike"],"picked":"sneckomod:UnknownUncommonAttack","floor":13},{"not_picked":["sneckomod:UnknownBlock","sneckomod:ImprovisedGuard"],"picked":"sneckomod:Unknown2Cost","floor":14},{"not_picked":["sneckomod:SoulCleanse","sneckomod:UnknownClassGREEN"],"picked":"sneckomod:ImprovisedGuard","floor":15}],"player_experience":413824,"relics_obtained":[{"floor":2,"key":"MawBank"},{"floor":7,"key":"sneckomod:LoadedDie"},{"floor":8,"key":"StrikeDummy"},{"floor":10,"key":"Smiling Mask"}],"event_choices":[{"damage_healed":0,"gold_gain":0,"player_choice":"Got Potions","damage_taken":0,"max_hp_gain":0,"max_hp_loss":0,"event_name":"Lab","floor":5,"gold_loss":0}],"is_beta":false,"boss_relics":[],"items_purged_floors":[],"is_endless":false,"potions_floor_spawned":[8,10,11],"killed_by":"downfall:Defect","ascension_level":11}}