{"host":"9tzam4717zt8ei1o","time":1608300322,"event":{"mods":["BaseMod","Colored Map","Keyboard Shortcuts","Minty Spire (QoL Compilation)","Quick Restart","StSLib","SuperFastMode"],"gold_per_floor":[16,16,36,36,55,55,81,81,108,108,108,108],"floor_reached":11,"playtime":191,"items_purged":[],"score":138,"play_id":"5530ae70-ea1b-47c0-946f-a56503113a5f","local_time":"20201218230522","is_ascension_mode":true,"campfire_choices":[{"data":"Acrobatics","floor":6.0,"key":"SMITH"},{"floor":10,"key":"REST"}],"circlet_count":0,"master_deck":["AscendersBane","Strike_G","Strike_G","Strike_G+1","Strike_G","Defend_G","Defend_G","Defend_G","Survivor","Neutralize","Eviscerate+1","Wraith Form v2","Crippling Poison","Acrobatics+1","Backflip"],"relics":["Ring of the Snake","Orichalcum","Golden Idol","Art of War"],"acts_visited":["Exordium"],"potions_floor_usage":[11],"damage_taken":[{"damage":12.0,"enemies":"Jaw Worm","floor":1.0,"turns":5.0},{"damage":2.0,"enemies":"2 Louse","floor":3.0,"turns":4.0},{"damage":0.0,"enemies":"Cultist","floor":5.0,"turns":3.0},{"damage":22.0,"enemies":"Gremlin Nob","floor":7.0,"turns":4.0},{"damage":22,"enemies":"3 Sentries","floor":11,"turns":8}],"seed_played":"263728299994861808","potions_obtained":[{"floor":1.0,"key":"Explosive Potion"},{"floor":5.0,"key":"GamblersBrew"}],"is_trial":false,"path_per_floor":["M","?","M","?","M","R","E","?","T","R","E"],"character_chosen":"THE_SILENT","items_purchased":[],"campfire_rested":1,"item_purchase_floors":[],"current_hp_per_floor":[47,47,45,25,25,25,3,3,3,21,0,0],"gold":108,"neow_bonus":"REMOVE_TWO","is_daily":false,"chose_seed":false,"campfire_upgraded":1,"win_rate":0.0,"timestamp":1608300322,"path_taken":["M","?","M","?","M","R","E","?","T","R","E"],"items_purchased_type":[],"build_version":"2020-12-13","purchased_purges":0,"victory":false,"max_hp_per_floor":[66,66,66,66,66,66,66,60,60,60,60,60],"card_choices":[{"not_picked":["Riddle With Holes","Bane"],"picked":"Eviscerate","floor":1.0},{"not_picked":["Deflect","Flying Knee"],"picked":"Crippling Poison","floor":3.0},{"not_picked":["Predator","Dagger Throw"],"picked":"Acrobatics","floor":5.0},{"not_picked":["A Thousand Cuts","Deflect"],"picked":"Backflip","floor":7.0}],"player_experience":82770,"relics_obtained":[{"floor":7.0,"key":"Orichalcum"},{"floor":9,"key":"Art of War"}],"event_choices":[{"damage_healed":0.0,"max_hp_gain":0.0,"max_hp_loss":0.0,"gold_gain":0.0,"cards_transformed":["Defend_G"],"event_name":"Living Wall","player_choice":"Change","floor":2.0,"gold_loss":0.0,"damage_taken":0.0,"cards_obtained":["Wraith Form v2"]},{"damage_healed":0.0,"max_hp_gain":0.0,"max_hp_loss":0.0,"gold_gain":0.0,"event_name":"Shining Light","player_choice":"Entered Light","floor":4.0,"gold_loss":0.0,"damage_taken":20.0,"cards_upgraded":["Eviscerate","Strike_G"]},{"damage_healed":0,"gold_gain":0,"player_choice":"Lose Max HP","damage_taken":0,"relics_obtained":["Golden Idol"],"max_hp_gain":0,"max_hp_loss":6,"event_name":"Golden Idol","floor":8,"gold_loss":0}],"is_beta":false,"boss_relics":[],"items_purged_floors":[],"is_endless":false,"potions_floor_spawned":[1,5],"killed_by":"3 Sentries","ascension_level":19}}