{"host":"q9718omregw4er46","time":1608319938,"event":{"mods":["BaseMod","Bestiary","Colored Powertips","Custom Start","Highlight Path","Minty Spire (QoL Compilation)","Practice Mode","Quick Restart","Relic Stats"],"gold_per_floor":[114,125,125,125,50,78,94,94,94,129,129,139,153,183,183,255,255,271,288,288,304,354,380,391,391,440,473,473,486,486,518,518,596,596,611,628,644,658,676,710,710,710,784,801,832,832,864,489,489,489,489,489,38,70,70],"floor_reached":56,"playtime":2285,"items_purged":["Strike_B","Strike_B"],"score":2283,"play_id":"7cce1483-1f88-4584-aa30-30237e3f9790","local_time":"20201219003218","is_ascension_mode":true,"campfire_choices":[{"data":"Sweeping Beam","floor":11.0,"key":"SMITH"},{"data":"Electrodynamics","floor":15.0,"key":"SMITH"},{"data":"Capacitor","floor":25.0,"key":"SMITH"},{"data":"Seek","floor":30.0,"key":"SMITH"},{"data":"Biased Cognition","floor":32.0,"key":"SMITH"},{"data":"Amplify","floor":42.0,"key":"SMITH"},{"data":"Defragment","floor":46.0,"key":"SMITH"},{"floor":49.0,"key":"RECALL"},{"data":"Heatsinks","floor":52.0,"key":"SMITH"}],"circlet_count":0,"master_deck":["AscendersBane","Strike_B","Defend_B","Defend_B","Defend_B","Defend_B","Zap+1","Dualcast+1","Gash","Self Repair+1","Sweeping Beam+1","Compile Driver","Cold Snap","Doom and Gloom","Electrodynamics+1","Seek+1","Ball Lightning","Capacitor+1","Biased Cognition+1","Glacier","Amplify+1","Defragment+1","Chill+1","Glacier+1","Lockon+1","Coolheaded","Heatsinks+1","Static Discharge+1","Storm","Defragment","Echo Form"],"relics":["Cracked Core","NeowsBlessing","Du-Vu Doll","FossilizedHelix","StoneCalendar","Coffee Dripper","Lantern","Centennial Puzzle","Tiny Chest","Nloth\u0027s Gift","War Paint","Inserter","Calipers","Gremlin Horn","Sundial","Art of War","Happy Flower","Bottled Tornado","CaptainsWheel"],"acts_visited":["Exordium","TheCity","TheBeyond","TheEnding"],"potions_floor_usage":[55,55],"damage_taken":[{"damage":0.0,"enemies":"Cultist","floor":1.0,"turns":1.0},{"damage":0.0,"enemies":"Jaw Worm","floor":2.0,"turns":1.0},{"damage":0.0,"enemies":"Gremlin Nob","floor":6.0,"turns":1.0},{"damage":7.0,"enemies":"2 Louse","floor":7.0,"turns":3.0},{"damage":27.0,"enemies":"Lagavulin","floor":10.0,"turns":8.0},{"damage":0.0,"enemies":"Large Slime","floor":12.0,"turns":4.0},{"damage":8.0,"enemies":"Blue Slaver","floor":13.0,"turns":3.0},{"damage":24.0,"enemies":"Gremlin Nob","floor":14.0,"turns":4.0},{"damage":17.0,"enemies":"The Guardian","floor":16.0,"turns":9.0},{"damage":0.0,"enemies":"Spheric Guardian","floor":18.0,"turns":3.0},{"damage":14.0,"enemies":"Shell Parasite","floor":19.0,"turns":3.0},{"damage":0.0,"enemies":"3 Cultists","floor":21.0,"turns":2.0},{"damage":7.0,"enemies":"Slavers","floor":23.0,"turns":2.0},{"damage":0.0,"enemies":"Cultist and Chosen","floor":24.0,"turns":3.0},{"damage":24.0,"enemies":"Gremlin Leader","floor":27.0,"turns":4.0},{"damage":0.0,"enemies":"Snecko","floor":29.0,"turns":4.0},{"damage":10.0,"enemies":"Book of Stabbing","floor":31.0,"turns":3.0},{"damage":18.0,"enemies":"Champ","floor":33.0,"turns":11.0},{"damage":0.0,"enemies":"3 Shapes","floor":35.0,"turns":2.0},{"damage":5.0,"enemies":"Orb Walker","floor":36.0,"turns":3.0},{"damage":13.0,"enemies":"Writhing Mass","floor":37.0,"turns":5.0},{"damage":20.0,"enemies":"3 Darklings","floor":38.0,"turns":2.0},{"damage":24.0,"enemies":"Spire Growth","floor":39.0,"turns":6.0},{"damage":39.0,"enemies":"Nemesis","floor":40.0,"turns":7.0},{"damage":0.0,"enemies":"Maw","floor":44.0,"turns":7.0},{"damage":2.0,"enemies":"Reptomancer","floor":45.0,"turns":5.0},{"damage":16.0,"enemies":"Nemesis","floor":47.0,"turns":5.0},{"damage":23.0,"enemies":"Donu and Deca","floor":50.0,"turns":14.0},{"damage":43.0,"enemies":"Shield and Spear","floor":54.0,"turns":3.0},{"damage":8,"enemies":"The Heart","floor":55,"turns":7}],"seed_played":"1545650314708330444","potions_obtained":[{"floor":2.0,"key":"Explosive Potion"},{"floor":12.0,"key":"SpeedPotion"},{"floor":13.0,"key":"LiquidMemories"},{"floor":14.0,"key":"PowerPotion"},{"floor":23.0,"key":"Swift Potion"},{"floor":27.0,"key":"DuplicationPotion"},{"floor":33.0,"key":"Dexterity Potion"},{"floor":38.0,"key":"PowerPotion"}],"is_trial":false,"path_per_floor":["M","M","?","?","?","E","M","?","T","E","R","M","M","E","R","B",null,"M","M","?","M","?","E","M","R","T","E","?","M","R","E","R","B",null,"M","M","M","M","M","E","T","R","T","M","E","R","E","$","R","B",null,"R","$","E","B",null],"character_chosen":"DEFECT","items_purchased":["Happy Flower","FocusPotion","Storm","Bottled Tornado","Defragment"],"campfire_rested":0,"item_purchase_floors":[48,48,48,53,53],"current_hp_per_floor":[64,64,64,69,69,69,72,72,72,55,55,65,67,43,43,36,66,76,72,72,72,65,68,76,76,76,62,62,62,62,52,52,44,68,76,76,73,63,49,20,20,20,20,30,38,38,32,32,32,19,62,62,62,29,21],"gold":70,"neow_bonus":"THREE_ENEMY_KILL","is_daily":false,"chose_seed":false,"campfire_upgraded":8,"win_rate":0.0,"timestamp":1608319938,"path_taken":["M","?","?","?","?","E","M","?","T","E","R","M","M","E","R","BOSS","M","M","?","M","?","E","?","R","T","E","?","M","R","E","R","BOSS","M","M","M","M","M","E","?","R","T","M","E","R","E","$","R","BOSS","R","$","E","BOSS"],"items_purchased_type":["Relic","Potion","Card","Relic","Card"],"build_version":"2020-12-13","purchased_purges":2,"victory":true,"max_hp_per_floor":[71,71,71,76,76,76,76,76,76,76,76,76,76,76,76,76,76,76,76,76,76,76,76,76,76,76,76,76,76,76,76,76,76,76,76,76,76,76,76,76,76,76,76,76,76,76,76,76,76,76,76,76,76,76,76],"relic_stats":{"Centennial Puzzle":[39],"Inserter":[30],"Gremlin Horn":[6,6],"Happy Flower":[8],"counters":[30,135],"Sundial":[2],"StoneCalendar":[295],"Tiny Chest":0,"Nloth\u0027s Gift":5,"Art of War":[7],"War Paint":["Dualcast","Zap"],"obtain_stats":[{"Lantern":23,"Inserter":34,"Calipers":40,"NeowsBlessing":0,"Gremlin Horn":43,"Happy Flower":48,"Vajra":14,"StoneCalendar":10,"War Paint":31,"Bottled Tornado":53,"Du-Vu Doll":6,"Centennial Puzzle":26,"CaptainsWheel":54,"Sundial":45,"Tiny Chest":27,"Coffee Dripper":17,"Nloth\u0027s Gift":28,"Art of War":47,"Cracked Core":0,"FossilizedHelix":9},{"Lantern":13,"Inserter":18,"Calipers":24,"NeowsBlessing":0,"Gremlin Horn":24,"Happy Flower":27,"Vajra":8,"StoneCalendar":5,"War Paint":17,"Bottled Tornado":28,"Du-Vu Doll":3,"Centennial Puzzle":14,"CaptainsWheel":29,"Sundial":26,"Tiny Chest":15,"Coffee Dripper":9,"Nloth\u0027s Gift":15,"Art of War":27,"Cracked Core":0,"FossilizedHelix":4},{"Lantern":44,"Inserter":69,"Calipers":94,"NeowsBlessing":0,"Gremlin Horn":94,"Happy Flower":111,"Vajra":25,"StoneCalendar":14,"War Paint":58,"Bottled Tornado":125,"Du-Vu Doll":3,"Centennial Puzzle":47,"CaptainsWheel":128,"Sundial":106,"Tiny Chest":51,"Coffee Dripper":34,"Nloth\u0027s Gift":51,"Art of War":111,"Cracked Core":0,"FossilizedHelix":6}]},"card_choices":[{"not_picked":["Double Energy","Steam"],"picked":"Gash","floor":1.0},{"not_picked":["Static Discharge","Beam Cell"],"picked":"Self Repair","floor":2.0},{"not_picked":["Beam Cell","Conserve Battery"],"picked":"Sweeping Beam","floor":6.0},{"not_picked":["Leap","Rainbow"],"picked":"Compile Driver","floor":7.0},{"not_picked":["Double Energy","Compile Driver","Consume"],"picked":"SKIP","floor":10.0},{"not_picked":["Redo","Reprogram"],"picked":"Cold Snap","floor":12.0},{"not_picked":["Barrage","Turbo"],"picked":"Doom and Gloom","floor":13.0},{"not_picked":["Conserve Battery","Barrage"],"picked":"Electrodynamics","floor":14.0},{"not_picked":["All For One","Hyperbeam"],"picked":"Seek","floor":16.0},{"not_picked":["Rebound","Steam","Coolheaded"],"picked":"SKIP","floor":18.0},{"not_picked":["Stack","Rebound"],"picked":"Ball Lightning","floor":19.0},{"not_picked":["Auto Shields+1","Turbo","Cold Snap"],"picked":"SKIP","floor":21.0},{"not_picked":["BootSequence","Ball Lightning"],"picked":"Biased Cognition","floor":23.0},{"not_picked":["Melter","Turbo","Coolheaded"],"picked":"SKIP","floor":24.0},{"not_picked":["Blizzard","Streamline+1"],"picked":"Glacier","floor":27.0},{"not_picked":["Redo+1","Rebound","Electrodynamics"],"picked":"SKIP","floor":29.0},{"not_picked":["All For One","Turbo+1","Melter"],"picked":"SKIP","floor":31.0},{"not_picked":["Biased Cognition","Machine Learning"],"picked":"Amplify","floor":33.0},{"not_picked":["Leap","Creative AI"],"picked":"Defragment","floor":35.0},{"not_picked":["Go for the Eyes+1","Sunder","Streamline"],"picked":"SKIP","floor":36.0},{"not_picked":["Sweeping Beam","Barrage"],"picked":"Chill+1","floor":37.0},{"not_picked":["Capacitor+1","Sunder"],"picked":"Glacier+1","floor":38.0},{"not_picked":["Go for the Eyes","Conserve Battery+1"],"picked":"Lockon+1","floor":39.0},{"not_picked":["Capacitor","Sweeping Beam"],"picked":"Coolheaded","floor":40.0},{"not_picked":["Rebound","Lockon","Compile Driver"],"picked":"SKIP","floor":44.0},{"not_picked":["Thunder Strike","Hyperbeam"],"picked":"Heatsinks","floor":45.0},{"not_picked":["Undo","Electrodynamics"],"picked":"Static Discharge+1","floor":47.0},{"not_picked":["Biased Cognition","Recycle"],"picked":"Echo Form","floor":54.0}],"player_experience":1047801,"relics_obtained":[{"floor":6.0,"key":"Du-Vu Doll"},{"floor":9.0,"key":"FossilizedHelix"},{"floor":10.0,"key":"StoneCalendar"},{"floor":14.0,"key":"Vajra"},{"floor":23.0,"key":"Lantern"},{"floor":26.0,"key":"Centennial Puzzle"},{"floor":27.0,"key":"Tiny Chest"},{"floor":31.0,"key":"War Paint"},{"floor":40.0,"key":"Calipers"},{"floor":43.0,"key":"Gremlin Horn"},{"floor":45.0,"key":"Sundial"},{"floor":47.0,"key":"Art of War"},{"floor":54.0,"key":"CaptainsWheel"}],"event_choices":[{"damage_healed":0.0,"max_hp_gain":0.0,"max_hp_loss":0.0,"gold_gain":0.0,"event_name":"Living Wall","player_choice":"Grow","floor":3.0,"gold_loss":0.0,"damage_taken":0.0,"cards_upgraded":["Self Repair"]},{"damage_healed":0.0,"max_hp_gain":5.0,"max_hp_loss":0.0,"gold_gain":0.0,"event_name":"Big Fish","player_choice":"Donut","floor":4.0,"gold_loss":0.0,"damage_taken":0.0},{"cards_removed":["Strike_B"],"damage_healed":0.0,"max_hp_gain":0.0,"max_hp_loss":0.0,"gold_gain":0.0,"event_name":"The Cleric","player_choice":"Card Removal","floor":5.0,"gold_loss":75.0,"damage_taken":0.0},{"damage_healed":0.0,"max_hp_gain":0.0,"max_hp_loss":0.0,"gold_gain":0.0,"event_name":"Liars Game","player_choice":"Ignored","floor":8.0,"gold_loss":0.0,"damage_taken":0.0},{"damage_healed":0.0,"max_hp_gain":0.0,"max_hp_loss":0.0,"gold_gain":0.0,"event_name":"The Library","player_choice":"Read","floor":20.0,"gold_loss":0.0,"damage_taken":0.0,"cards_obtained":["Capacitor"]},{"damage_healed":0.0,"max_hp_gain":0.0,"max_hp_loss":0.0,"gold_gain":50.0,"event_name":"FaceTrader","player_choice":"Touch","floor":22.0,"gold_loss":0.0,"damage_taken":7.0},{"damage_healed":0.0,"max_hp_gain":0.0,"max_hp_loss":0.0,"gold_gain":0.0,"event_name":"N\u0027loth","player_choice":"Traded Relic","floor":28.0,"relics_lost":["Vajra"],"gold_loss":0.0,"damage_taken":0.0,"relics_obtained":["Nloth\u0027s Gift"]}],"is_beta":false,"boss_relics":[{"not_picked":["Tiny House","Runic Pyramid"],"picked":"Coffee Dripper"},{"not_picked":["SlaversCollar","Black Star"],"picked":"Inserter"}],"items_purged_floors":[48,53],"is_endless":false,"potions_floor_spawned":[2,12,13,14,23,24,27,33,35,37,38,39],"ascension_level":19}}