{"host":"08sn1703g14rasc1","time":1608259645,"event":{"mods":["AchievementEnabler","BaseMod","Colored Map","Colored Powertips","Hermit","Minty Spire (QoL Compilation)","StSLib"],"gold_per_floor":[115,35,35,53,5,5,40,53,53,53,53,68,99,274,274,274,274],"floor_reached":16,"playtime":384,"items_purged":[],"score":180,"play_id":"650e5086-fceb-41d6-976c-334d8615ce96","local_time":"20201217184725","is_ascension_mode":true,"campfire_choices":[{"floor":6,"key":"REST"},{"floor":10,"key":"REST"},{"data":"Regret","floor":15,"key":"PURGE"}],"circlet_count":0,"master_deck":["Strike_B","Strike_B+1","Strike_B","Defend_B","Defend_B+1","Defend_B","Zap","Dualcast","Genetic Algorithm","Biased Cognition","Steam","Cold Snap","Capacitor","Stack","Cold Snap","Self Repair","Doubt"],"relics":["Cracked Core","The Courier","Peace Pipe","Oddly Smooth Stone","TungstenRod"],"acts_visited":["Exordium"],"potions_floor_usage":[13,16],"damage_taken":[{"damage":1,"enemies":"Small Slimes","floor":1,"turns":4},{"damage":3,"enemies":"Jaw Worm","floor":4,"turns":3},{"damage":9,"enemies":"Lagavulin","floor":7,"turns":7},{"damage":0,"enemies":"2 Louse","floor":8,"turns":3},{"damage":2,"enemies":"Looter","floor":12,"turns":3},{"damage":0,"enemies":"3 Sentries","floor":13,"turns":3},{"damage":65,"enemies":"The Guardian","floor":16,"turns":16}],"seed_played":"-2528356130034528255","potions_obtained":[{"floor":1,"key":"PowerPotion"},{"floor":7,"key":"EntropicBrew"},{"floor":8,"key":"FearPotion"},{"floor":13,"key":"GamblersBrew"}],"is_trial":false,"path_per_floor":["M","$","?","M","$","R","E","M","T","R","?","M","E","?","R","B"],"character_chosen":"DEFECT","items_purchased":["Biased Cognition","Cold Snap"],"campfire_rested":2,"item_purchase_floors":[2,5],"current_hp_per_floor":[49,49,34,31,31,53,44,44,44,66,66,64,64,64,64,0,0],"gold":274,"neow_bonus":"REMOVE_TWO","is_daily":false,"chose_seed":false,"campfire_upgraded":0,"win_rate":0.0,"timestamp":1608259645,"path_taken":["M","$","?","M","$","R","E","M","T","R","?","M","E","?","R","BOSS"],"items_purchased_type":["Card","Card"],"build_version":"2020-12-13","purchased_purges":0,"victory":false,"max_hp_per_floor":[75,75,75,75,75,75,75,75,75,75,75,75,75,75,75,75,75],"card_choices":[{"not_picked":["Heatsinks","Sweeping Beam"],"picked":"Genetic Algorithm","floor":1},{"not_picked":["Turbo","Compile Driver"],"picked":"Steam","floor":4},{"not_picked":["Meteor Strike","Fusion"],"picked":"Capacitor","floor":7},{"not_picked":["Turbo","Leap"],"picked":"Stack","floor":8},{"not_picked":["Coolheaded","Reinforced Body"],"picked":"Cold Snap","floor":12},{"not_picked":["Meteor Strike","Hologram"],"picked":"Self Repair","floor":13}],"player_experience":403330,"relics_obtained":[{"floor":7,"key":"The Courier"},{"floor":9,"key":"Peace Pipe"},{"floor":13,"key":"TungstenRod"}],"event_choices":[{"damage_healed":0,"gold_gain":0,"player_choice":"Entered Light","damage_taken":15,"max_hp_gain":0,"max_hp_loss":0,"event_name":"Shining Light","floor":3,"gold_loss":0,"cards_upgraded":["Strike_B","Defend_B"]},{"damage_healed":0,"gold_gain":0,"player_choice":"Box","damage_taken":0,"relics_obtained":["Oddly Smooth Stone"],"max_hp_gain":0,"max_hp_loss":0,"event_name":"Big Fish","floor":11,"gold_loss":0,"cards_obtained":["Regret"]},{"damage_healed":0,"gold_gain":175,"player_choice":"AGREE","damage_taken":0,"max_hp_gain":0,"max_hp_loss":0,"event_name":"Liars Game","floor":14,"gold_loss":0,"cards_obtained":["Doubt"]}],"is_beta":false,"boss_relics":[],"items_purged_floors":[],"is_endless":false,"potions_floor_spawned":[1,7,8,13],"killed_by":"The Guardian","ascension_level":7}}