{"host":"kta213tp32cz47du","time":1608307937,"event":{"mods":["BaseMod","Better Altar","Better Match","Better Note","Better Sensory Stone","Better Skull","Better Third Choice","Better Vampires","Colored Map","Colored Powertips","Conspire","Curses Come First","Displayed Cursed Tome","Downfall","Hubris","Infinite Spire","Magitek Elite","Marisa????????","Minty Spire (QoL Compilation)","Permanent Neow","QueenMod","Quick Restart","Rare Cards Sparkle","Replay The Spire","Shade Mod","Shop Mod","Spikes Relics","StSLib","The Animator","The Blue Laboratory","The Bug Knight","The Cursed","The Servant 0.9.4","TheSwordswoman","TheWitcher","vexMod"],"gold_per_floor":[112,112,126,143,143,170,189,189,189,9,9,27,57,70,70,82,82,182,182,192,204,204,204,219,248,268,268,268],"floor_reached":27,"playtime":5060,"items_purged":["Defend_G","Strike_G"],"score":247,"play_id":"8cbe52c4-f154-49bd-9e5e-0092a4efad56","local_time":"20201218161217","is_ascension_mode":false,"campfire_choices":[{"data":"Toxin Wave","floor":17,"key":"SMITH"}],"circlet_count":0,"master_deck":["Strike_G","Strike_G","Strike_G","Defend_G","Defend_G","Defend_G","Survivor","Neutralize","Flying Knee","Master of Strategy","Backflip","PiercingWail","hubris:SlightOfHand","Toxin Wave+1","Caltrops","Unload","Terror","Finisher","Leg Sweep","infinitespire:Neurotoxin","Deadly Poison+1","Catalyst+1","infinitespire:Punishment","PiercingWail"],"relics":["Velvet Choker","BrokenLever","Replay:Bottled Steam","hubris:OldNail","Bottled Flame","Tough Bandages","vexMod:FocusSash"],"acts_visited":["Exordium","TheCity"],"potions_floor_usage":[20,21,26],"damage_taken":[{"damage":0.0,"enemies":"Cultist","floor":1.0,"turns":4.0},{"damage":1.0,"enemies":"Jaw Worm","floor":3.0,"turns":4.0},{"damage":0.0,"enemies":"2 Louse","floor":4.0,"turns":2.0},{"damage":2.0,"enemies":"Lagavulin","floor":6.0,"turns":8.0},{"damage":0.0,"enemies":"Blue Slaver","floor":7.0,"turns":4.0},{"damage":8.0,"enemies":"Red Slaver","floor":12.0,"turns":3.0},{"damage":15.0,"enemies":"3 Sentries","floor":13.0,"turns":8.0},{"damage":4.0,"enemies":"Exordium Thugs","floor":14.0,"turns":4.0},{"damage":0.0,"enemies":"Gremlin Gang","floor":16.0,"turns":4.0},{"damage":13,"enemies":"Fading Forest","floor":18,"turns":11},{"damage":4,"enemies":"Spheric Guardian","floor":20,"turns":6},{"damage":5,"enemies":"3 Byrds","floor":21,"turns":5},{"damage":9,"enemies":"3 Cultists","floor":24,"turns":4},{"damage":13,"enemies":"HollowMod:Nosk","floor":25,"turns":5},{"damage":14,"enemies":"Chosen and Byrds","floor":26,"turns":5},{"damage":0,"enemies":"conspire:HollyBat","floor":27,"turns":1}],"seed_played":"428488572345139734","potions_obtained":[{"floor":1.0,"key":"BlessingOfTheForge"},{"floor":3.0,"key":"Block Potion"},{"floor":12.0,"key":"Swift Potion"},{"floor":14.0,"key":"SteroidPotion"},{"floor":20,"key":"blueLaboratory:TrueEctoplasm"},{"floor":25,"key":"Weak Potion"}],"is_trial":false,"path_per_floor":["M","?","M","M","?","E","M","PTL","PTL","$","T","M","E","M","T","M","R_BF","B",null,"M","M","AVR","?","M","E","M","M"],"character_chosen":"THE_SILENT","items_purchased":["Toxin Wave","Caltrops"],"campfire_rested":0,"item_purchase_floors":[10,10],"current_hp_per_floor":[70,70,69,69,69,67,67,67,67,67,67,59,44,40,40,40,40,37,70,66,61,61,61,52,39,25,25,25],"gold":268,"neow_bonus":"BOSS_RELIC","is_daily":false,"chose_seed":false,"campfire_upgraded":1,"win_rate":0.0,"timestamp":1608307937,"path_taken":["M","?","M","M","?","E","M","PTL","PTL","?","T","?","E","M","?","M","R_BF","BOSS","M","?","AVR","?","M","E","M","M"],"items_purchased_type":["Card","Card"],"build_version":"2020-12-13","purchased_purges":2,"victory":false,"max_hp_per_floor":[70,70,70,70,70,70,70,70,70,70,70,70,70,70,70,70,70,70,70,70,70,70,70,70,70,70,70,70],"card_choices":[{"not_picked":["Pace","ShadowRift"],"picked":"Flying Knee","floor":1.0},{"not_picked":["Replay:Parry","Good Instincts"],"picked":"Master of Strategy","floor":2.0},{"not_picked":["Blade Dance","Underhanded Strike"],"picked":"Backflip","floor":3.0},{"not_picked":["Quick Slash","Slice"],"picked":"PiercingWail","floor":4.0},{"not_picked":["Pace","Accuracy"],"picked":"hubris:SlightOfHand","floor":6.0},{"not_picked":["conspire:DoublingDagger","Dagger Throw","Calculated Gamble"],"picked":"SKIP","floor":7.0},{"not_picked":["Escape Plan","Slice"],"picked":"Unload","floor":12.0},{"not_picked":["Prepared","Dagger Throw"],"picked":"Terror","floor":13.0},{"not_picked":["Flying Knee","Eviscerate"],"picked":"Finisher","floor":14.0},{"not_picked":["Acrobatics","Hidden Blade"],"picked":"Leg Sweep","floor":16.0},{"not_picked":["Poison Darts","Adrenaline"],"picked":"infinitespire:Neurotoxin","floor":18},{"not_picked":["Poisoned Stab","Leg Sweep"],"picked":"Deadly Poison+1","floor":20},{"not_picked":["Deadly Poison","Distraction"],"picked":"Catalyst+1","floor":21},{"not_picked":["infinitespire:Neurotoxin","Backstab"],"picked":"PiercingWail","floor":24},{"not_picked":["Blade Dance","Dodge and Roll+1","ReplayTheSpireMod:Speed Training"],"picked":"SKIP","floor":25},{"not_picked":["Cloak And Dagger","Deflect","Outmaneuver"],"picked":"SKIP","floor":26}],"player_experience":264749,"relics_obtained":[{"floor":6.0,"key":"BrokenLever"},{"floor":11.0,"key":"Replay:Bottled Steam"},{"floor":13.0,"key":"hubris:OldNail"},{"floor":15.0,"key":"Bottled Flame"},{"floor":25,"key":"vexMod:FocusSash"}],"event_choices":[{"damage_healed":0.0,"max_hp_gain":0.0,"max_hp_loss":0.0,"gold_gain":1.0,"event_name":"betterStone:BetterStone","player_choice":"1","floor":2.0,"gold_loss":0.0,"damage_taken":0.0},{"cards_removed":["Defend_G"],"damage_healed":0,"gold_gain":0,"player_choice":"Purged","damage_taken":0,"max_hp_gain":0,"max_hp_loss":0,"event_name":"Purifier","floor":23,"gold_loss":0}],"is_beta":false,"boss_relics":[{"not_picked":["hubris:CrackedHourglass","conspire:RunicOctahedron","ReplayTheSpireMod:DimensionalGlitch"]}],"items_purged_floors":[10,22],"is_endless":false,"potions_floor_spawned":[1,3,12,14,20,25],"killed_by":"conspire:HollyBat","ascension_level":0}}