{"host":"61r95uy0hn86b9iu","time":1608261565,"event":{"mods":["AchievementEnabler","BaseMod","Better Vampires","BetterRewards","Colored Powertips","Hubris","Minty Spire (QoL Compilation)","Shop Mod","StSLib"],"gold_per_floor":[111,111,121,4,22,22,22,36,36,36,69,13,48,48,48,125,125,141,0,0,0],"floor_reached":20,"playtime":790,"items_purged":[],"score":342,"play_id":"646ebe43-c5a9-4a73-acea-52bedf175858","local_time":"20201217211925","is_ascension_mode":true,"campfire_choices":[{"data":"Noxious Fumes","floor":6.0,"key":"SMITH"},{"floor":15.0,"key":"REST"}],"circlet_count":0,"master_deck":["AscendersBane","Strike_G","Strike_G","Strike_G","Strike_G","Defend_G","Defend_G","Defend_G","Defend_G","Defend_G","Survivor","Neutralize","PiercingWail","Backflip","Noxious Fumes+1","Flechettes","Dash","Infinite Blades","Blade Dance","Cloak And Dagger","Choke","A Thousand Cuts","Accuracy"],"relics":["Ring of the Snake","NeowsBlessing","Vajra","Meat on the Bone","hubris:Backtick","hubris:TinFlute"],"acts_visited":["Exordium","TheCity"],"potions_floor_usage":[],"damage_taken":[{"damage":0.0,"enemies":"Cultist","floor":1.0,"turns":1.0},{"damage":0.0,"enemies":"2 Louse","floor":3.0,"turns":1.0},{"damage":0.0,"enemies":"Small Slimes","floor":5.0,"turns":1.0},{"damage":6.0,"enemies":"Blue Slaver","floor":8.0,"turns":4.0},{"damage":24.0,"enemies":"Lagavulin","floor":11.0,"turns":6.0},{"damage":3.0,"enemies":"3 Sentries","floor":13.0,"turns":7.0},{"damage":37.0,"enemies":"Hexaghost","floor":16.0,"turns":10.0},{"damage":36.0,"enemies":"Spheric Guardian","floor":18.0,"turns":6.0},{"damage":34,"enemies":"2 Thieves","floor":20,"turns":2}],"seed_played":"8862312311169506268","potions_obtained":[{"floor":3.0,"key":"Dexterity Potion"},{"floor":5.0,"key":"GhostInAJar"},{"floor":11.0,"key":"SteroidPotion"}],"is_trial":false,"path_per_floor":["M","?","M","$","M","R","?","M","T","?","E","$","E","$","R","B",null,"M","?","M"],"character_chosen":"THE_SILENT","items_purchased":["Noxious Fumes","Flechettes","Dexterity Potion"],"campfire_rested":1,"item_purchase_floors":[4,4,12],"current_hp_per_floor":[59,50,50,50,50,50,50,44,44,44,20,20,29,29,48,23,55,31,31,0,0],"gold":0,"neow_bonus":"THREE_ENEMY_KILL","is_daily":false,"chose_seed":false,"campfire_upgraded":1,"win_rate":0.0,"timestamp":1608261565,"path_taken":["M","?","?","$","M","R","?","M","T","?","E","$","E","$","R","BOSS","M","?","M"],"items_purchased_type":["Card","Card","Potion"],"build_version":"2020-12-13","purchased_purges":0,"victory":false,"max_hp_per_floor":[66,66,66,66,66,66,66,66,66,66,66,66,66,66,66,66,66,66,66,66,66],"card_choices":[{"not_picked":["Prepared","Distraction"],"picked":"PiercingWail","floor":1.0},{"not_picked":["hubris:SlightOfHand","Leg Sweep"],"picked":"Backflip","floor":3.0},{"not_picked":["Acrobatics","Tactician"],"picked":"Dash","floor":5.0},{"not_picked":["Quick Slash","Backstab"],"picked":"Blade Dance","floor":8.0},{"not_picked":["Deadly Poison","Expertise"],"picked":"Cloak And Dagger","floor":11.0},{"not_picked":["Backstab","hubris:SlightOfHand"],"picked":"Choke","floor":13.0},{"not_picked":["Venomology","Glass Knife"],"picked":"A Thousand Cuts","floor":16.0},{"not_picked":["Blade Dance","Dagger Throw"],"picked":"Accuracy","floor":18.0}],"player_experience":3150574,"relics_obtained":[{"floor":9.0,"key":"Vajra"},{"floor":11.0,"key":"Meat on the Bone"}],"event_choices":[{"damage_healed":0.0,"max_hp_gain":0.0,"max_hp_loss":0.0,"gold_gain":0.0,"event_name":"Wheel of Change","player_choice":"Damaged","floor":2.0,"gold_loss":0.0,"damage_taken":9.0},{"damage_healed":0.0,"max_hp_gain":0.0,"max_hp_loss":0.0,"gold_gain":0.0,"cards_transformed":["Strike_G"],"event_name":"Living Wall","player_choice":"Change","floor":7.0,"gold_loss":0.0,"damage_taken":0.0,"cards_obtained":["Infinite Blades"]},{"damage_healed":0.0,"max_hp_gain":0.0,"max_hp_loss":0.0,"gold_gain":0.0,"event_name":"Shining Light","player_choice":"Ignored","floor":10.0,"gold_loss":0.0,"damage_taken":0.0},{"damage_healed":0,"gold_gain":0,"player_choice":"Paid Fearfully","damage_taken":0,"max_hp_gain":0,"max_hp_loss":0,"event_name":"Masked Bandits","floor":19,"gold_loss":141}],"is_beta":false,"boss_relics":[{"not_picked":["Pandora\u0027s Box","Empty Cage"],"picked":"hubris:Backtick"}],"items_purged_floors":[],"is_endless":false,"potions_floor_spawned":[3,5,11],"killed_by":"2 Thieves","ascension_level":18}}