{"host":"m9i7qe3hvz6jihjh","time":1608308970,"event":{"mods":["BaseMod","Colored Powertips","Infinite Spire","Minty Spire (QoL Compilation)","Quick Restart","StSLib","The Animator","Waifu the Spire"],"gold_per_floor":[113,113,113,129,54,54,89,104,104,104,120,120,135,150,150,150,150],"floor_reached":16,"playtime":1429,"items_purged":["Strike_P"],"score":102,"play_id":"7d4904fa-7cce-404f-bc80-21eebf5b892a","local_time":"20201218172930","is_ascension_mode":false,"campfire_choices":[{"data":"Adaptation","floor":6,"key":"SMITH"},{"floor":15,"key":"REST"}],"circlet_count":0,"master_deck":["Strike_P","Strike_P","Strike_P","Defend_P","Defend_P","Defend_P","Eruption+1","Vigilance","Nirvana","Adaptation+1","ThirdEye","Weave","Weave"],"relics":["Sozu","Bottled Tornado","Orichalcum"],"acts_visited":["Exordium"],"potions_floor_usage":[],"damage_taken":[{"damage":1,"enemies":"Jaw Worm","floor":1,"turns":3},{"damage":10,"enemies":"Small Slimes","floor":4,"turns":3},{"damage":2,"enemies":"3 Sentries","floor":7,"turns":7},{"damage":7,"enemies":"2 Louse","floor":8,"turns":2},{"damage":7,"enemies":"Exordium Wildlife","floor":11,"turns":5},{"damage":0,"enemies":"2 Fungi Beasts","floor":13,"turns":3},{"damage":0,"enemies":"Looter","floor":14,"turns":4},{"damage":47,"enemies":"The Guardian","floor":16,"turns":11}],"seed_played":"9088880415753716905","potions_obtained":[],"is_trial":false,"path_per_floor":["M","?","?","M","$","R","E","M","T","?","M","?","M","M","R","B"],"character_chosen":"WATCHER","items_purchased":[],"campfire_rested":1,"item_purchase_floors":[],"current_hp_per_floor":[71,64,64,54,54,54,52,45,45,33,26,26,26,26,47,0,0],"gold":150,"neow_bonus":"BOSS_RELIC","is_daily":false,"chose_seed":false,"campfire_upgraded":1,"win_rate":0.0,"timestamp":1608308970,"path_taken":["M","?","?","M","?","R","E","M","T","?","?","?","M","M","R","BOSS"],"items_purchased_type":[],"build_version":"2020-12-13","purchased_purges":1,"victory":false,"max_hp_per_floor":[72,72,72,72,72,72,72,72,72,72,72,72,72,72,72,72,72],"card_choices":[{"not_picked":["Evaluate","Protect"],"picked":"Nirvana","floor":1},{"not_picked":["BowlingBash","CarveReality"],"picked":"Adaptation","floor":4},{"not_picked":["Wallop","WindmillStrike","Halt"],"picked":"SKIP","floor":7},{"not_picked":["EmptyFist","EmptyBody"],"picked":"ThirdEye","floor":8},{"not_picked":["WreathOfFlame","ClearTheMind","Wallop"],"picked":"SKIP","floor":11},{"not_picked":["Study","BowlingBash"],"picked":"Weave","floor":13},{"not_picked":["Study","ConjureBlade"],"picked":"Weave","floor":14}],"player_experience":871037,"relics_obtained":[{"floor":7,"key":"Bottled Tornado"}],"event_choices":[{"cards_removed":["Defend_P"],"damage_healed":0,"gold_gain":0,"player_choice":"Card Removal","damage_taken":7,"max_hp_gain":0,"max_hp_loss":0,"event_name":"Golden Wing","floor":2,"gold_loss":0},{"damage_healed":0,"gold_gain":0,"player_choice":"Grow","damage_taken":0,"max_hp_gain":0,"max_hp_loss":0,"event_name":"Living Wall","floor":3,"gold_loss":0,"cards_upgraded":["Eruption"]},{"damage_healed":0,"gold_gain":0,"player_choice":"Success","damage_taken":12,"relics_obtained":["Orichalcum"],"max_hp_gain":0,"max_hp_loss":0,"event_name":"Scrap Ooze","floor":10,"gold_loss":0},{"damage_healed":0,"gold_gain":0,"player_choice":"Ignored","damage_taken":0,"max_hp_gain":0,"max_hp_loss":0,"event_name":"Liars Game","floor":12,"gold_loss":0}],"is_beta":false,"boss_relics":[],"items_purged_floors":[5],"is_endless":false,"potions_floor_spawned":[8],"killed_by":"The Guardian","ascension_level":0}}