{"host":"6azrrw3tf7wb0f4b","time":1608284308,"event":{"mods":["BaseMod","DeckTracker","Minty Spire (QoL Compilation)","SuperFastMode"],"gold_per_floor":[215,227,246,266,266,266,191,209,209,209,237,137,151,164,164,259,259,275,294,294,294],"floor_reached":20,"playtime":417,"items_purged":["Strike_B","Strike_B"],"score":240,"play_id":"5967e03e-0e5a-4500-9bb3-5669a4ae30b4","local_time":"20201218183828","is_ascension_mode":true,"campfire_choices":[{"data":"Darkness","floor":6,"key":"SMITH"},{"data":"Redo","floor":10,"key":"SMITH"},{"floor":15,"key":"REST"}],"circlet_count":0,"master_deck":["Defend_B","Defend_B","Zap","Dualcast","Ball Lightning","Rebound","Redo+1","Darkness+1","Hello World","Loop","Compile Driver","Static Discharge","Creative AI","Rainbow+1","Leap+1","Reinforced Body+1","Conserve Battery+1"],"relics":["Cracked Core","Mummified Hand","Tiny Chest","Astrolabe"],"acts_visited":["Exordium","TheCity"],"potions_floor_usage":[11,16,16,20],"damage_taken":[{"damage":3,"enemies":"2 Louse","floor":1,"turns":2},{"damage":1,"enemies":"Cultist","floor":2,"turns":4},{"damage":7,"enemies":"Small Slimes","floor":3,"turns":3},{"damage":12,"enemies":"Looter","floor":4,"turns":3},{"damage":3,"enemies":"Blue Slaver","floor":8,"turns":3},{"damage":5,"enemies":"3 Sentries","floor":11,"turns":5},{"damage":24,"enemies":"Exordium Wildlife","floor":13,"turns":4},{"damage":4,"enemies":"2 Fungi Beasts","floor":14,"turns":3},{"damage":22,"enemies":"Slime Boss","floor":16,"turns":5},{"damage":39,"enemies":"2 Thieves","floor":18,"turns":4},{"damage":17,"enemies":"3 Byrds","floor":19,"turns":4},{"damage":14,"enemies":"Masked Bandits","floor":20,"turns":2}],"seed_played":"-6842262455138729941","potions_obtained":[{"floor":2,"key":"Weak Potion"},{"floor":3,"key":"Block Potion"},{"floor":13,"key":"Explosive Potion"},{"floor":18,"key":"SpeedPotion"}],"is_trial":false,"path_per_floor":["M","M","M","M","?","R","$","M","T","R","E","$","M","M","R","B",null,"M","M","?"],"character_chosen":"DEFECT","items_purchased":[],"campfire_rested":1,"item_purchase_floors":[],"current_hp_per_floor":[65,64,57,45,45,45,45,42,42,42,37,37,13,9,31,9,59,20,3,0,0],"gold":294,"neow_bonus":"HUNDRED_GOLD","is_daily":false,"chose_seed":false,"campfire_upgraded":2,"win_rate":0.0,"timestamp":1608284308,"path_taken":["M","M","M","M","?","R","?","M","T","R","E","$","M","?","R","BOSS","M","M","?"],"items_purchased_type":[],"build_version":"2020-12-13","purchased_purges":2,"victory":false,"max_hp_per_floor":[75,75,75,75,75,75,75,75,75,75,75,75,75,75,75,75,75,75,75,75,75],"card_choices":[{"not_picked":["Sweeping Beam","Fusion"],"picked":"Ball Lightning","floor":1},{"not_picked":["Stack","Heatsinks"],"picked":"Rebound","floor":2},{"not_picked":["Barrage","Aggregate"],"picked":"Redo","floor":3},{"not_picked":["Turbo","Ball Lightning"],"picked":"Darkness","floor":4},{"not_picked":["Gash","Ball Lightning","Fusion"],"picked":"SKIP","floor":8},{"not_picked":["Chill","Gash"],"picked":"Loop","floor":11},{"not_picked":["Double Energy","Streamline"],"picked":"Compile Driver","floor":13},{"not_picked":["Beam Cell","Sweeping Beam"],"picked":"Static Discharge","floor":14},{"not_picked":["Thunder Strike","Hyperbeam"],"picked":"Creative AI","floor":16},{"not_picked":["Tempest","Go for the Eyes","Sweeping Beam"],"picked":"SKIP","floor":18},{"not_picked":["Sweeping Beam","Turbo"],"picked":"Conserve Battery+1","floor":19}],"player_experience":622425,"relics_obtained":[{"floor":9,"key":"Mummified Hand"},{"floor":11,"key":"Tiny Chest"}],"event_choices":[{"damage_healed":0,"gold_gain":0,"cards_transformed":["Strike_B"],"player_choice":"Transformed","damage_taken":0,"max_hp_gain":0,"max_hp_loss":0,"event_name":"Transmorgrifier","floor":5,"gold_loss":0,"cards_obtained":["Hello World"]},{"damage_healed":0,"gold_gain":0,"player_choice":"Fought Bandits","damage_taken":0,"max_hp_gain":0,"max_hp_loss":0,"event_name":"Masked Bandits","floor":20,"gold_loss":0}],"is_beta":false,"boss_relics":[{"not_picked":["Busted Crown","Empty Cage"],"picked":"Astrolabe"}],"items_purged_floors":[7,12],"is_endless":false,"potions_floor_spawned":[2,3,13,18],"killed_by":"Masked Bandits","ascension_level":7}}