{"host":"2461dio7vetlq1z3","time":1608311423,"event":{"mods":["2.2 Compatiblity","AchievementEnabler","BaseMod","Better Third Choice","Hermit","Minty Spire (QoL Compilation)","Relic Stats","Spicy Shops","StSLib","The Animator","Waifu the Spire"],"gold_per_floor":[116,116,128,147,72,72,101,101,101,123,123,149,165,196,196,196,196],"floor_reached":16,"playtime":485,"items_purged":["Defend_B"],"score":265,"play_id":"e5ea08fa-44dc-46ec-b16c-e47a02cae2a8","local_time":"20201218181023","is_ascension_mode":true,"campfire_choices":[{"data":"Sunder","floor":6,"key":"SMITH"},{"floor":8,"key":"REST"},{"data":"Reprogram","floor":11,"key":"SMITH"},{"floor":15,"key":"REST"}],"circlet_count":0,"master_deck":["AscendersBane","Strike_B","Strike_B","Strike_B","Defend_B","Defend_B","Defend_B","Zap","Dualcast","Steam Power","Sunder+1","Genetic Algorithm","Recycle","Reprogram+1","Reinforced Body","Sweeping Beam"],"relics":["Philosopher\u0027s Stone","Symbiotic Virus","InkBottle","Odd Mushroom","The Courier","Toy Ornithopter"],"acts_visited":["Exordium"],"potions_floor_usage":[7,16],"damage_taken":[{"damage":3,"enemies":"Small Slimes","floor":1,"turns":4},{"damage":0,"enemies":"Cultist","floor":3,"turns":3},{"damage":6,"enemies":"2 Louse","floor":4,"turns":3},{"damage":37,"enemies":"Gremlin Nob","floor":7,"turns":4},{"damage":18,"enemies":"The Mushroom Lair","floor":10,"turns":3},{"damage":11,"enemies":"3 Sentries","floor":12,"turns":5},{"damage":0,"enemies":"Blue Slaver","floor":13,"turns":3},{"damage":0,"enemies":"Lagavulin","floor":14,"turns":7},{"damage":44,"enemies":"The Guardian","floor":16,"turns":5}],"seed_played":"-8640598602506497401","potions_obtained":[{"floor":3,"key":"AttackPotion"},{"floor":12,"key":"PotionOfCapacity"},{"floor":14,"key":"SmokeBomb"}],"is_trial":false,"path_per_floor":["M","?","M","M","$","R","E","R","T","?","R","E","M","E","R","B"],"character_chosen":"DEFECT","items_purchased":[],"campfire_rested":2,"item_purchase_floors":[],"current_hp_per_floor":[61,61,61,55,55,55,18,39,39,21,21,10,10,10,31,0,0],"gold":196,"neow_bonus":"BOSS_RELIC","is_daily":false,"chose_seed":false,"campfire_upgraded":2,"win_rate":0.0,"timestamp":1608311423,"path_taken":["M","?","?","M","$","R","E","R","T","?","R","E","M","E","R","BOSS"],"items_purchased_type":[],"build_version":"2020-12-13","purchased_purges":1,"victory":false,"max_hp_per_floor":[71,71,71,71,71,71,71,71,71,71,71,71,71,71,71,71,71],"relic_stats":{"counters":[9,37],"obtain_stats":[{"Philosopher\u0027s Stone":0,"The Courier":12,"Odd Mushroom":10,"Cracked Core":0,"Symbiotic Virus":7,"InkBottle":9,"Toy Ornithopter":14},{"Philosopher\u0027s Stone":0,"The Courier":6,"Odd Mushroom":5,"Cracked Core":0,"Symbiotic Virus":4,"InkBottle":4,"Toy Ornithopter":8},{"Philosopher\u0027s Stone":0,"The Courier":22,"Odd Mushroom":17,"Cracked Core":0,"Symbiotic Virus":14,"InkBottle":14,"Toy Ornithopter":32}],"InkBottle":[7],"Toy Ornithopter":5},"card_choices":[{"not_picked":["Go for the Eyes","Steam"],"picked":"Steam Power","floor":1},{"not_picked":["Turbo","Tempest"],"picked":"Sunder","floor":3},{"not_picked":["Turbo","Compile Driver"],"picked":"Genetic Algorithm","floor":4},{"not_picked":["Double Energy","Beam Cell"],"picked":"Recycle","floor":7},{"not_picked":["Darkness","Compile Driver"],"picked":"Reprogram","floor":10},{"not_picked":["Coolheaded","Skim"],"picked":"Reinforced Body","floor":12},{"not_picked":["Leap","Turbo","Cold Snap"],"picked":"SKIP","floor":13},{"not_picked":["Amplify","Steam"],"picked":"Sweeping Beam","floor":14}],"player_experience":808951,"relics_obtained":[{"floor":7,"key":"Symbiotic Virus"},{"floor":9,"key":"InkBottle"},{"floor":10,"key":"Odd Mushroom"},{"floor":12,"key":"The Courier"},{"floor":14,"key":"Toy Ornithopter"}],"event_choices":[{"cards_removed":["Strike_B"],"damage_healed":0,"gold_gain":0,"player_choice":"Card Removal","damage_taken":0,"max_hp_gain":0,"max_hp_loss":0,"event_name":"Wheel of Change","floor":2,"gold_loss":0},{"damage_healed":0,"gold_gain":0,"player_choice":"Fought Mushrooms","damage_taken":0,"max_hp_gain":0,"max_hp_loss":0,"event_name":"Mushrooms","floor":10,"gold_loss":0}],"is_beta":false,"boss_relics":[],"items_purged_floors":[5],"is_endless":false,"potions_floor_spawned":[3,12,14],"killed_by":"The Guardian","ascension_level":17}}