{"host":"a61r67bv2jut9r88","time":1608266881,"event":{"mods":["BaseMod","Minty Spire (QoL Compilation)","Replay The Spire","Shop Mod","StSLib","SuperFastMode","The Runesmith"],"gold_per_floor":[110,110,121,11,11,37,37,49,103,103,103,122,122,22,22,22,22],"floor_reached":16,"playtime":478,"items_purged":["Strike_G","Strike_G"],"score":98,"play_id":"38688606-5423-482d-b1ea-56ac44edf2a2","local_time":"20201218124801","is_ascension_mode":false,"campfire_choices":[{"floor":7,"key":"REST"},{"floor":11,"key":"REST"},{"data":"Deadly Poison","floor":13,"key":"SMITH"},{"floor":15,"key":"REST"}],"circlet_count":0,"master_deck":["Strike_G","Strike_G","Strike_G","Defend_G","Defend_G","Defend_G","Survivor","Neutralize","Dodge and Roll","Sneak Up","Deadly Poison+1","Poisoned Stab","Prepared"],"relics":["Ring of the Snake","Dream Catcher","ReplayFunnel","Snake Skull"],"acts_visited":["Exordium"],"potions_floor_usage":[16,16],"damage_taken":[{"damage":2,"enemies":"Cultist","floor":1,"turns":7},{"damage":0,"enemies":"2 Louse","floor":3,"turns":2},{"damage":57,"enemies":"Gremlin Nob","floor":6,"turns":7},{"damage":5,"enemies":"Small Slimes","floor":8,"turns":3},{"damage":1,"enemies":"Looter","floor":12,"turns":3},{"damage":72,"enemies":"Slime Boss","floor":16,"turns":11}],"seed_played":"-6129227233253853566","potions_obtained":[{"floor":3,"key":"Cursed Concoction"},{"floor":6,"key":"Fire Potion"}],"is_trial":false,"path_per_floor":["M","?","M","$","?","E","R","M","T","?","R","M","R","$","R","B"],"character_chosen":"THE_SILENT","items_purchased":["Sneak Up"],"campfire_rested":3,"item_purchase_floors":[4],"current_hp_per_floor":[75,75,75,75,68,11,34,29,29,22,45,44,44,44,67,0,0],"gold":22,"neow_bonus":"TEN_PERCENT_HP_BONUS","is_daily":false,"chose_seed":false,"campfire_upgraded":1,"win_rate":0.0,"timestamp":1608266881,"path_taken":["M","?","?","?","?","E","R","M","T","?","R","M","R","$","R","BOSS"],"items_purchased_type":["Card"],"build_version":"2020-12-13","purchased_purges":2,"victory":false,"max_hp_per_floor":[77,77,77,77,77,77,77,77,77,77,77,77,77,77,77,77,77],"card_choices":[{"not_picked":["Bane","Cloak And Dagger","PiercingWail"],"picked":"SKIP","floor":1},{"not_picked":["Bane","Blur"],"picked":"Dodge and Roll","floor":3},{"not_picked":["Bane","Concentrate"],"picked":"Deadly Poison","floor":6},{"not_picked":["Glass Knife","Blur"],"picked":"Poisoned Stab","floor":7},{"not_picked":["ReplayTheSpireMod:The Works","Quick Slash","Poisoned Stab"],"picked":"SKIP","floor":8},{"not_picked":["Crippling Poison","Deflect","Underhanded Strike"],"picked":"SKIP","floor":12},{"not_picked":["Acrobatics","Sucker Punch"],"picked":"Prepared","floor":15}],"player_experience":354164,"relics_obtained":[{"floor":6,"key":"Dream Catcher"},{"floor":9,"key":"ReplayFunnel"}],"event_choices":[{"cards_removed":["Defend_G"],"damage_healed":0,"gold_gain":0,"player_choice":"Offered Basic","damage_taken":0,"max_hp_gain":0,"max_hp_loss":0,"event_name":"Bonfire Elementals","floor":2,"gold_loss":0},{"cards_removed":["Defend_G"],"damage_healed":0,"gold_gain":0,"player_choice":"Card Removal","damage_taken":7,"max_hp_gain":0,"max_hp_loss":0,"event_name":"Golden Wing","floor":5,"gold_loss":0},{"damage_healed":0,"gold_gain":0,"player_choice":"Success","damage_taken":7,"relics_obtained":["Snake Skull"],"max_hp_gain":0,"max_hp_loss":0,"event_name":"Scrap Ooze","floor":10,"gold_loss":0}],"is_beta":false,"boss_relics":[],"items_purged_floors":[4,14],"is_endless":false,"potions_floor_spawned":[3,6],"killed_by":"Slime Boss","ascension_level":0}}