{"host":"4lebci84u2l5u89t","time":1608304406,"event":{"mods":["AchievementEnabler","Aspiration","Bard","BaseMod","Beaked The Cultist","Better Altar","Better Match","Better Note","Better Sensory Stone","Better Skull","Better Third Choice","BetterRewards","CCEM","Colored Map","Conspire","Downfall","GifTheSpireLib","Googly Eyes","Halation","Hermit","Highlight Path","Hubris","Hunter ??","Jedi Mod","Jorbs\u0027s Wanderer Trilogy","Lobotomy","Mad Scientist","Marisa????????","Mimic Mod","Minty Spire (QoL Compilation)","Permanent Neow","Replay The Spire","Shade Mod","Spicy Shops","StSLib","Stuff the Spire","Unceasing Turn Reminder"],"gold_per_floor":[99,111,146,146,146,146],"floor_reached":5,"playtime":246,"items_purged":[],"score":37,"play_id":"6dae31f4-3de4-4e29-bdd8-25873def8f79","local_time":"20201218161326","is_ascension_mode":false,"campfire_choices":[{"data":"beaked:Ceremony","floor":1,"key":"SMITH"},{"data":"beaked:Evade","floor":4,"key":"SMITH"}],"circlet_count":0,"master_deck":["beaked:Strike_Y","beaked:Strike_Y","beaked:Strike_Y","beaked:Strike_Y","beaked:Strike_Y","beaked:Strike_Y","beaked:Defend_Y","beaked:Defend_Y","beaked:Defend_Y","beaked:Defend_Y","beaked:Ceremony","beaked:Ceremony","beaked:Ceremony+1","beaked:Evade+1","beaked:Insight","beaked:SacrificialAttack"],"relics":["beaked:MendingPlumage","Replay:Bottled Steam"],"acts_visited":["Exordium"],"potions_floor_usage":[5],"damage_taken":[{"damage":6,"enemies":"2 Louse","floor":2,"turns":4},{"damage":54,"enemies":"Gremlin Nob","floor":3,"turns":6},{"damage":13,"enemies":"3 Sentries","floor":5,"turns":2}],"seed_played":"2127704771298159592","potions_obtained":[{"floor":3,"key":"SkillPotion"}],"is_trial":false,"path_per_floor":["R_BF","M","E","R","E"],"character_chosen":"BEAKED_THE_CULTIST","items_purchased":[],"campfire_rested":0,"item_purchase_floors":[],"current_hp_per_floor":[50,49,5,5,0,0],"gold":146,"neow_bonus":"THREE_CARDS","is_daily":false,"chose_seed":false,"campfire_upgraded":2,"win_rate":0.0,"timestamp":1608304406,"path_taken":["R_BF","M","E","R","E"],"items_purchased_type":[],"build_version":"2020-12-13","purchased_purges":0,"victory":false,"max_hp_per_floor":[50,50,50,50,50,50],"card_choices":[{"not_picked":["beaked:CursingBlood","beaked:Resilience"],"picked":"beaked:Evade","floor":0},{"not_picked":["beaked:Cower","beaked:Mantra"],"picked":"beaked:Insight","floor":2},{"not_picked":["beaked:CursingBlood","beaked:Redirect"],"picked":"beaked:SacrificialAttack","floor":3}],"player_experience":251931,"relics_obtained":[{"floor":3,"key":"Replay:Bottled Steam"}],"event_choices":[],"is_beta":false,"boss_relics":[],"items_purged_floors":[],"is_endless":false,"potions_floor_spawned":[3],"killed_by":"3 Sentries","ascension_level":0}}