{"host":"19kf8tqwqindyscq","time":1608302357,"event":{"mods":["2.2 Compatiblity","BaseMod","Colored Map","Colored Powertips","Conspire","Downfall","Hermit","Hubris","Infinite Spire","Minty Spire (QoL Compilation)","Quick Restart","Rare Cards Sparkle","Replay The Spire","StSLib","SuperFastMode","The Bladedancer","The Bug Knight","The Construct","The Cursed","The Disciple","The Hierophant","The Mystic","The Necromancer","The Runesmith","The Servant 0.9.4"],"gold_per_floor":[115,115,127,144,144,124,117,117,144,149,149,177,180,209,209,288,288,298,223,322,325,338,338,338,351,351,351,351,146,146,146,146,235,235,249,249,269,269,269,269,281,281,334,348,369,370,370,384,384,374,374,374,311,342,322,322],"floor_reached":55,"playtime":3183,"items_purged":["hierophant:Strike_Hierophant","hierophant:Strike_Hierophant","hierophant:Generosity","hierophant:Defend_Hierophant"],"score":576,"play_id":"3a28d61c-c8d6-4b17-a75b-311c1ca73239","local_time":"20201218123917","is_ascension_mode":false,"campfire_choices":[{"floor":8,"key":"RECALL"},{"floor":11,"key":"REST"},{"data":"hierophant:ChurchCoffers","floor":15,"key":"SMITH"},{"data":"hierophant:PristineSoul","floor":23,"key":"SMITH"},{"data":"hierophant:Community","floor":28,"key":"SMITH"},{"data":"hierophant:Smite","floor":30,"key":"SMITH"},{"data":"hierophant:Smite","floor":32,"key":"SMITH"},{"data":"hierophant:Smite","floor":40,"key":"SMITH"},{"floor":42,"key":"REST"},{"floor":47,"key":"REST"},{"data":"hierophant:DivineIntervention","floor":49,"key":"SMITH"},{"data":"hierophant:MorningPrayer","floor":52,"key":"SMITH"}],"circlet_count":0,"master_deck":["hierophant:Punish+1","hierophant:Defend_Hierophant","hierophant:ChurchCoffers+1","hierophant:MorningPrayer+1","hierophant:Smite+1","hierophant:MorningPrayer","hierophant:Encroach","hierophant:DivineIntervention+1","hierophant:Smite+1","hierophant:PristineSoul+1","hierophant:Community+1","hierophant:Smite+1","TheCursedMod:Dregs","Writhe","hierophant:Zeal+1","hierophant:Doubloon","hierophant:HolyVerse+1","hierophant:Doomsaying+1","hierophant:DivineIntervention+1","hierophant:Smite+1"],"relics":["hierophant:PropheticMaskRelic","NeowsBlessing","Centennial Puzzle","hubris:TenFootPole","Runesmith:AutoHammer","Eternal Feather","Prayer Wheel","Painkiller Herb","Replay:Ringing Soul","Membership Card","Kintsugi","TheAbacus","Bronze Scales","Orichalcum"],"acts_visited":["Exordium","TheCity","TheBeyond","TheEnding"],"potions_floor_usage":[21,50,54],"damage_taken":[{"damage":0,"enemies":"Cultist","floor":1,"turns":1},{"damage":0,"enemies":"2 Louse","floor":3,"turns":1},{"damage":0,"enemies":"Jaw Worm","floor":4,"turns":1},{"damage":6,"enemies":"HollowMod:MossKnight","floor":6,"turns":13},{"damage":5,"enemies":"Looter","floor":7,"turns":2},{"damage":6,"enemies":"Lagavulin","floor":10,"turns":3},{"damage":12,"enemies":"Replay:BlueRogue","floor":12,"turns":4},{"damage":1,"enemies":"Red Slaver","floor":13,"turns":2},{"damage":8,"enemies":"Gremlin Nob","floor":14,"turns":3},{"damage":55,"enemies":"Slime Boss","floor":16,"turns":13},{"damage":0,"enemies":"Spheric Guardian","floor":18,"turns":2},{"damage":0,"enemies":"Shelled Parasite and Fungi","floor":21,"turns":3},{"damage":8,"enemies":"Centurion and Healer","floor":22,"turns":3},{"damage":0,"enemies":"Snecko","floor":25,"turns":2},{"damage":0,"enemies":"Snake Plant","floor":31,"turns":2},{"damage":52,"enemies":"hubris:MusketHawk","floor":33,"turns":8},{"damage":13,"enemies":"3 Shapes","floor":35,"turns":2},{"damage":10,"enemies":"Orb Walker","floor":37,"turns":2},{"damage":11,"enemies":"Transient","floor":39,"turns":5},{"damage":17,"enemies":"Jaw Worm Horde","floor":41,"turns":2},{"damage":23,"enemies":"3 Darklings","floor":44,"turns":2},{"damage":0,"enemies":"Sphere and 2 Shapes","floor":45,"turns":2},{"damage":23,"enemies":"Transient","floor":46,"turns":5},{"damage":22,"enemies":"Maw","floor":48,"turns":3},{"damage":79,"enemies":"Time Eater","floor":50,"turns":8},{"damage":25,"enemies":"Shield and Spear","floor":54,"turns":3},{"damage":89,"enemies":"The Heart","floor":55,"turns":3}],"seed_played":"-1480732440758753553","potions_obtained":[{"floor":1,"key":"Energy Potion"},{"floor":6,"key":"Strength Potion"},{"floor":12,"key":"conspire:TimeTravelPotion"},{"floor":13,"key":"ColorlessPotion"},{"floor":16,"key":"champ:CounterPotion"},{"floor":21,"key":"FearPotion"},{"floor":33,"key":"Energy Potion"},{"floor":37,"key":"FairyPotion"}],"is_trial":false,"path_per_floor":["M","?","M","M","?","E","M","R","T","E","R","E","M","E","R","B",null,"?","T","?","?","?","T","?","?","T","?","T","T","T","?","T","B",null,"?","?","?","AVR","?","T","?","T","T","?","?","?","T","?","T","B",null,"T","T","E","B"],"character_chosen":"HIEROPHANT","items_purchased":["Membership Card"],"campfire_rested":3,"item_purchase_floors":[29],"current_hp_per_floor":[75,75,75,75,75,69,64,64,64,58,75,63,62,54,60,5,75,75,75,75,75,67,75,75,75,75,78,78,78,78,78,78,26,81,71,74,67,67,56,65,48,84,84,64,64,44,84,65,77,53,99,99,99,74,0,0],"gold":322,"neow_bonus":"THREE_ENEMY_KILL","is_daily":false,"chose_seed":false,"campfire_upgraded":8,"win_rate":0.0,"timestamp":1608302357,"path_taken":["M","?","M","M","?","E","M","R","T","E","R","E","M","E","R","BOSS","?","T","?","?","?","T","?","?","T","?","T","T","T","?","T","BOSS","?","?","?","AVR","?","T","?","T","T","?","?","?","T","?","T","BOSS","T","T","E","BOSS"],"items_purchased_type":["Relic"],"build_version":"2020-12-13","purchased_purges":4,"victory":false,"max_hp_per_floor":[75,75,75,75,75,75,75,75,75,75,75,75,75,75,75,75,75,75,75,75,75,75,75,75,75,75,78,78,78,78,78,78,78,81,84,87,90,90,90,90,90,90,90,93,93,96,96,99,99,99,99,99,99,99,99,99],"card_choices":[{"not_picked":["hierophant:Racketeering","hierophant:RepressedViolence"],"picked":"hierophant:MorningPrayer","floor":1},{"not_picked":["hierophant:Remorse","hierophant:Chorus","hierophant:MorningPrayer"],"picked":"SKIP","floor":3},{"not_picked":["hierophant:Mercenaries","hierophant:MorningPrayer","hierophant:Upheaval"],"picked":"SKIP","floor":4},{"not_picked":["hierophant:FieryStrike","hierophant:Charity","hierophant:RepressedViolence"],"picked":"SKIP","floor":6},{"not_picked":["hierophant:AuricBeam","hierophant:Sermon"],"picked":"hierophant:Smite","floor":7},{"not_picked":["hierophant:AuricBeam","hierophant:OrnateJavelin","hierophant:Alms"],"picked":"SKIP","floor":10},{"not_picked":["hierophant:Cornucopia","hierophant:DisplayOfPower"],"picked":"hierophant:MorningPrayer","floor":12},{"not_picked":["hierophant:Blessing","hierophant:Remorse","hierophant:CoinFling"],"picked":"SKIP","floor":13},{"not_picked":["hierophant:RustyCrate","hierophant:RepressedViolence"],"picked":"hierophant:Encroach","floor":14},{"not_picked":["hierophant:Invocation","hierophant:Levitation"],"picked":"hierophant:DivineIntervention","floor":16},{"not_picked":["hierophant:Mercenaries","hierophant:CursedGold+1"],"picked":"hierophant:DisplayOfPower+1","floor":18},{"not_picked":["hierophant:DisplayOfPower","hierophant:Purify","hierophant:FlamingChariot"],"picked":"SKIP","floor":18},{"not_picked":["hierophant:Refuge","hierophant:Zeal"],"picked":"hierophant:Smite","floor":21},{"not_picked":["hierophant:Chorus+1","hierophant:RustyCrate"],"picked":"hierophant:PristineSoul","floor":21},{"not_picked":["hierophant:RustyCrate+1","hierophant:ArchangelShield","hierophant:ConvertCurrency"],"picked":"SKIP","floor":22},{"not_picked":["hierophant:Racketeering","hierophant:PassingBell","hierophant:RepressedViolence"],"picked":"SKIP","floor":22},{"not_picked":["hierophant:PristineSoul","hierophant:Doubloon"],"picked":"hierophant:Community","floor":25},{"not_picked":["hierophant:Refuge+1","hierophant:Alms","hierophant:Doubloon"],"picked":"SKIP","floor":25},{"not_picked":["hierophant:MorningPrayer","hierophant:MirrorShield+1","hierophant:HammerAndAnvil"],"picked":"SKIP","floor":31},{"not_picked":["hierophant:MirrorShield","hierophant:DeathKnell","hierophant:Sermon"],"picked":"SKIP","floor":31},{"not_picked":["hierophant:Doomsaying+1","hierophant:Exaltation"],"picked":"hierophant:Zeal+1","floor":35},{"not_picked":["hierophant:Embezzle+1","hierophant:Purify","hierophant:Rebuild"],"picked":"SKIP","floor":35},{"not_picked":["hierophant:Kindle","hierophant:Remorse"],"picked":"hierophant:HolyVerse+1","floor":37},{"not_picked":["hierophant:Encroach","hierophant:Blessing","hierophant:RustyCrate"],"picked":"SKIP","floor":37},{"not_picked":["hierophant:Remorse+1","hierophant:RustyCrate+1","hierophant:Zeal+1"],"picked":"SKIP","floor":39},{"not_picked":["hierophant:PassingBell+1","hierophant:Doubloon","hierophant:OrnateBuckler"],"picked":"SKIP","floor":39},{"not_picked":["hierophant:Patience","hierophant:Flagellation","hierophant:Sermon"],"picked":"SKIP","floor":41},{"not_picked":["hierophant:Charity","hierophant:Chorus+1","hierophant:Remorse+1"],"picked":"SKIP","floor":41},{"not_picked":["hierophant:Flagellation","hierophant:FlamingChariot+1"],"picked":"hierophant:Doomsaying+1","floor":44},{"not_picked":["hierophant:Shelter","hierophant:Remorse+1","hierophant:OrnateBuckler"],"picked":"SKIP","floor":44},{"not_picked":["hierophant:Blessing+1","hierophant:Dazzle","hierophant:Alms+1"],"picked":"SKIP","floor":45},{"not_picked":["hierophant:Blessing+1","hierophant:Smite","hierophant:Charity"],"picked":"SKIP","floor":45},{"not_picked":["hierophant:Endure+1","hierophant:Glossolalia"],"picked":"hierophant:DivineIntervention","floor":46},{"not_picked":["hierophant:CoinFling","hierophant:Mercenaries","hierophant:Martyrdom+1"],"picked":"SKIP","floor":46},{"not_picked":["hierophant:Sermon","hierophant:Empathy+1"],"picked":"hierophant:Smite+1","floor":48},{"not_picked":["hierophant:Alms+1","hierophant:EyeForCoin","hierophant:Shelter"],"picked":"SKIP","floor":48},{"not_picked":["hierophant:Remorse+1","hierophant:Bribe","hierophant:SolarFlare+1"],"picked":"SKIP","floor":54}],"player_experience":147699,"relics_obtained":[{"floor":5,"key":"Centennial Puzzle"},{"floor":6,"key":"hubris:TenFootPole"},{"floor":10,"key":"Runesmith:AutoHammer"},{"floor":12,"key":"Eternal Feather"},{"floor":14,"key":"Prayer Wheel"},{"floor":26,"key":"Replay:Ringing Soul"},{"floor":43,"key":"Bronze Scales"},{"floor":54,"key":"Orichalcum"}],"event_choices":[{"damage_healed":0,"gold_gain":99,"player_choice":"Stole From Cult","damage_taken":0,"max_hp_gain":0,"max_hp_loss":0,"event_name":"Nest","floor":20,"gold_loss":0},{"damage_healed":0,"gold_gain":0,"player_choice":"Forge","damage_taken":0,"max_hp_gain":0,"max_hp_loss":0,"event_name":"Accursed Blacksmith","floor":24,"gold_loss":0,"cards_upgraded":["hierophant:DivineIntervention"]},{"damage_healed":0,"gold_gain":0,"player_choice":"Read","damage_taken":0,"max_hp_gain":0,"max_hp_loss":0,"event_name":"The Library","floor":27,"gold_loss":0,"cards_obtained":["hierophant:Smite"]},{"damage_healed":0,"gold_gain":0,"player_choice":"1 cards matched","damage_taken":0,"max_hp_gain":0,"max_hp_loss":0,"event_name":"Match and Keep!","floor":36,"gold_loss":0,"cards_obtained":["hierophant:Generosity"]}],"is_beta":false,"boss_relics":[{"not_picked":["hubris:BlackHole","ChewingGum"],"picked":"Painkiller Herb"},{"not_picked":["Replay:Bronze Core","hubris:ScarierMask"],"picked":"Kintsugi"}],"items_purged_floors":[19,29,38,53],"is_endless":false,"potions_floor_spawned":[1,6,12,13,16,21,25,33,37,41,46],"killed_by":"The Heart","ascension_level":0}}