{"host":"y9jgkjnf95sujozk","time":1608252706,"event":{"mods":["2.2 Compatiblity","AchievementEnabler","BaseMod","Block Reminder","Colored Map","Colored Powertips","Downfall","Friendly Minions","GifTheSpireLib","Hermit","Highlight Path","MarisaÅiñ∂âJÅ@ñÇóùçπÅj","Minty Spire (QoL Compilation)","Random Character Button","Rare Cards Sparkle","Replay The Spire","StSLib","SuperFastMode","The Animator","The Bug Knight","The Cursed","The Servant 0.9.4"],"gold_per_floor":[111,130,40,52,52,52,80,80,80,95,110,138,138,138,138,236,236,247,347,347,347],"floor_reached":20,"playtime":667,"items_purged":[],"score":207,"play_id":"d30482a0-cd3c-4527-9643-0450faf1c189","local_time":"20201218015146","is_ascension_mode":false,"campfire_choices":[{"floor":6,"key":"REST"},{"floor":13,"key":"REST"},{"data":"hexamod:InspiringFlames","floor":15,"key":"SMITH"}],"circlet_count":0,"master_deck":["hexamod:Strike","hexamod:Strike+1","hexamod:Strike","hexamod:Strike","hexamod:Defend","hexamod:Defend","hexamod:Defend","hexamod:Defend","hexamod:Sear","hexamod:Float","hexamod:AdvancingGuard","hexamod:Hexaguard","expansioncontent:Flail","hexamod:SpectersWail","hexamod:FirstSeal","hexamod:ExtraCrispy+1","hexamod:StepThrough","hexamod:TimeWarp","hexamod:InspiringFlames+1","hexamod:EmpoweringStance","hexamod:ShieldOfDarkness+1"],"relics":["hexamod:SpiritBrand","Counterbalance","Tiny Chest","ReplayFunnel","SlaversCollar"],"acts_visited":["Exordium","TheCity"],"potions_floor_usage":[7,7,7,16,18],"damage_taken":[{"damage":0,"enemies":"Cultist","floor":1,"turns":3},{"damage":0,"enemies":"Small Slimes","floor":2,"turns":4},{"damage":0,"enemies":"Jaw Worm","floor":4,"turns":4},{"damage":12,"enemies":"3 Sentries","floor":7,"turns":5},{"damage":8,"enemies":"Red Slaver","floor":10,"turns":4},{"damage":1,"enemies":"Blue Slaver","floor":11,"turns":4},{"damage":11,"enemies":"Lagavulin","floor":12,"turns":6},{"damage":11,"enemies":"The Guardian","floor":16,"turns":15},{"damage":57,"enemies":"3 Byrds","floor":18,"turns":7},{"damage":25,"enemies":"Cultist and Chosen","floor":20,"turns":7}],"seed_played":"-6277847415135238202","potions_obtained":[{"floor":0,"key":"Death Potion"},{"floor":0,"key":"CultistPotion"},{"floor":0,"key":"Regen Potion"},{"floor":11,"key":"Swift Potion"},{"floor":16,"key":"Swift Potion"}],"is_trial":false,"path_per_floor":["M","M","$","M","?","R","E","?","T","M","M","E","R","?","R","B",null,"M","?","M"],"character_chosen":"THE_SPIRIT","items_purchased":["expansioncontent:Flail"],"campfire_rested":2,"item_purchase_floors":[3],"current_hp_per_floor":[70,70,70,70,63,70,70,70,70,69,70,66,70,70,70,66,70,20,20,0,0],"gold":347,"neow_bonus":"THREE_SMALL_POTIONS","is_daily":false,"chose_seed":false,"campfire_upgraded":1,"win_rate":0.0,"timestamp":1608252706,"path_taken":["M","M","?","?","?","R","E","?","T","M","?","E","R","?","R","BOSS","M","?","M"],"items_purchased_type":["Card"],"build_version":"2020-12-13","purchased_purges":0,"victory":false,"max_hp_per_floor":[70,70,70,70,70,70,70,70,70,70,70,70,70,70,70,70,70,70,70,70,70],"card_choices":[{"not_picked":["hexamod:Hexaguard","hexamod:RetreatToShadows"],"picked":"hexamod:AdvancingGuard","floor":1},{"not_picked":["hexamod:SwordOfDarkness","hexamod:HauntingEcho"],"picked":"hexamod:Hexaguard","floor":2},{"not_picked":["hexamod:NightmareGuise","hexamod:GhostShield"],"picked":"hexamod:SpectersWail","floor":4},{"not_picked":["hexamod:FourthSeal","hexamod:NecessarySacrifice"],"picked":"hexamod:ExtraCrispy","floor":7},{"not_picked":["hexamod:GhostLash","hexamod:BurningTouch"],"picked":"hexamod:StepThrough","floor":10},{"not_picked":["hexamod:RecurringNightmare","hexamod:Again"],"picked":"hexamod:TimeWarp","floor":11},{"not_picked":["hexamod:FourthSeal","hexamod:Firestarter"],"picked":"hexamod:InspiringFlames","floor":12},{"not_picked":["hexamod:UnleashSpirits","hexamod:SearingWound"],"picked":"hexamod:EmpoweringStance","floor":16},{"not_picked":["hexamod:ThermalTransfer","hexamod:DynamicBlow"],"picked":"hexamod:ShieldOfDarkness+1","floor":18}],"player_experience":104286,"relics_obtained":[{"floor":7,"key":"Counterbalance"},{"floor":9,"key":"Tiny Chest"},{"floor":12,"key":"ReplayFunnel"}],"event_choices":[{"damage_healed":0,"gold_gain":0,"player_choice":"Forge","damage_taken":0,"max_hp_gain":0,"max_hp_loss":0,"event_name":"Accursed Blacksmith","floor":8,"gold_loss":0,"cards_upgraded":["hexamod:ExtraCrispy"]},{"damage_healed":0,"gold_gain":100,"player_choice":"Pray","damage_taken":0,"max_hp_gain":0,"max_hp_loss":0,"event_name":"Golden Shrine","floor":19,"gold_loss":0}],"is_beta":false,"boss_relics":[{"not_picked":["Black Star","Ectoplasm"],"picked":"SlaversCollar"}],"items_purged_floors":[],"is_endless":false,"potions_floor_spawned":[1,2,11,16],"killed_by":"Cultist and Chosen","ascension_level":0}}