{"host":"sabve5zmqufxyc5o","time":1608303490,"event":{"mods":["2.2 Compatiblity","AchievementEnabler","Act Like it!","BaseMod","Block Reminder","Colored Map","Colored Powertips","DeckTracker","KOR Keyword Fix","Keyboard Shortcuts","Minty Spire (QoL Compilation)","Quick Restart","Rare Cards Sparkle","Relic Stats","StSLib","SuperFastMode"],"gold_per_floor":[114,134,154,167,180,180,210,210,236,236,271,271,271,271],"floor_reached":13,"playtime":198,"items_purged":[],"score":190,"play_id":"ce56aa05-4218-4743-955f-9eadcd3cc571","local_time":"20201218235810","is_ascension_mode":true,"campfire_choices":[{"floor":6,"key":"REST"},{"floor":8,"key":"REST"}],"circlet_count":0,"master_deck":["AscendersBane","Strike_B","Strike_B","Strike_B","Strike_B","Defend_B","Defend_B","Defend_B","Defend_B","Zap","Dualcast","Sweeping Beam","Coolheaded","Beam Cell","FTL","Genetic Algorithm","Barrage","Seek"],"relics":["Cracked Core","Peace Pipe","Toy Ornithopter","Akabeko","Golden Idol"],"acts_visited":["Exordium"],"potions_floor_usage":[5,11],"damage_taken":[{"damage":2.0,"enemies":"2 Louse","floor":1.0,"turns":3.0},{"damage":1.0,"enemies":"Cultist","floor":2.0,"turns":3.0},{"damage":8,"enemies":"Small Slimes","floor":3,"turns":3},{"damage":22,"enemies":"Gremlin Gang","floor":4,"turns":4},{"damage":0,"enemies":"Large Slime","floor":5,"turns":4},{"damage":36,"enemies":"Gremlin Nob","floor":7,"turns":4},{"damage":24,"enemies":"3 Sentries","floor":11,"turns":5},{"damage":26,"enemies":"Lagavulin","floor":13,"turns":7}],"seed_played":"8594869920697125529","potions_obtained":[{"floor":4,"key":"GamblersBrew"},{"floor":7,"key":"Explosive Potion"}],"is_trial":false,"path_per_floor":["M","M","M","M","M","R","E","R","T","?","E","?","E"],"character_chosen":"DEFECT","items_purchased":[],"campfire_rested":2,"item_purchase_floors":[],"current_hp_per_floor":[69,68,60,38,38,61,25,48,48,48,29,29,3,3],"gold":271,"neow_bonus":"TEN_PERCENT_HP_BONUS","is_daily":false,"chose_seed":false,"campfire_upgraded":0,"win_rate":0.0,"timestamp":1608303490,"path_taken":["M","M","M","M","M","R","E","R","T","?","E","?","E"],"items_purchased_type":[],"build_version":"2020-12-13","purchased_purges":0,"victory":false,"max_hp_per_floor":[78,78,78,78,78,78,78,78,78,78,78,71,71,71],"relic_stats":{"Peace Pipe":0,"counters":[8,33],"Golden Idol":0,"obtain_stats":[{"Peace Pipe":7,"Golden Idol":12,"Cracked Core":0,"Toy Ornithopter":9,"Akabeko":11},{"Peace Pipe":6,"Golden Idol":7,"Cracked Core":0,"Toy Ornithopter":6,"Akabeko":7},{"Peace Pipe":21,"Golden Idol":26,"Cracked Core":0,"Toy Ornithopter":21,"Akabeko":26}],"Toy Ornithopter":5},"card_choices":[{"not_picked":["Leap","Redo"],"picked":"Sweeping Beam","floor":1.0},{"not_picked":["Turbo","Doom and Gloom"],"picked":"Coolheaded","floor":2.0},{"not_picked":["Stack","Coolheaded"],"picked":"Beam Cell","floor":3},{"not_picked":["Stack","Melter"],"picked":"FTL","floor":4},{"not_picked":["Rebound","Doom and Gloom"],"picked":"Genetic Algorithm","floor":5},{"not_picked":["Stack","Creative AI"],"picked":"Barrage","floor":7},{"not_picked":["Meteor Strike","Darkness"],"picked":"Seek","floor":11}],"player_experience":785949,"relics_obtained":[{"floor":7,"key":"Peace Pipe"},{"floor":9,"key":"Toy Ornithopter"},{"floor":11,"key":"Akabeko"}],"event_choices":[{"damage_healed":0,"gold_gain":0,"player_choice":"Ignored","damage_taken":0,"max_hp_gain":0,"max_hp_loss":0,"event_name":"Shining Light","floor":10,"gold_loss":0},{"damage_healed":0,"gold_gain":0,"player_choice":"Lose Max HP","damage_taken":0,"relics_obtained":["Golden Idol"],"max_hp_gain":0,"max_hp_loss":7,"event_name":"Golden Idol","floor":12,"gold_loss":0}],"is_beta":false,"boss_relics":[],"items_purged_floors":[],"is_endless":false,"potions_floor_spawned":[4,7],"killed_by":"Lagavulin","ascension_level":20}}