{"host":"jtxptf9isiqyc7jm","time":1608330769,"event":{"mods":["Act Like it!","BaseMod","Bestiary","BetterRewards","Colored Powertips","Custom Start","Downfall","Friendly Minions","Hermit","Hubris","Infinite Spire","Jorbs\u0027s Wanderer Trilogy","Kiyohime????","Koishi","Lobotomy","Marisa????????","Minty Spire (QoL Compilation)","Prisma Mod","Remilia??????","Replay The Spire","Shop Mod","StSLib","The Construct","The Cursed","The Disciple","The Hierophant","The Jungle","The Runesmith","The Senshi","The Servant 0.9.4"],"gold_per_floor":[113,126,139,151,171,171,171,171,221,221,221,231,266,183,183,198,198,198,198],"floor_reached":18,"playtime":1230,"items_purged":[],"score":114,"play_id":"25c36c51-f31d-44c0-ba0a-a306396709ad","local_time":"20201218223249","is_ascension_mode":false,"campfire_choices":[{"data":"Koishi:ImGoingToCallYouNow","floor":6,"key":"SMITH"},{"data":"Koishi:MassHysteria","floor":8,"key":"SMITH"},{"data":"Koishi:TerrifyingSpectre","floor":15,"key":"SMITH"},{"data":"Koishi:UnconsciousUrges","floor":17,"key":"SMITH"}],"circlet_count":0,"master_deck":["Koishi:BasicStrike","Koishi:BasicStrike","Koishi:BasicStrike","Koishi:BasicStrike","Koishi:BasicDefend","Koishi:BasicDefend","Koishi:BasicDefend","Koishi:BasicDefend","Koishi:Provoke","Koishi:HauntingSlash","Koishi:ImGoingToCallYouNow+1","Koishi:UnconsciousUrges+1","Koishi:MassHysteria+1","Koishi:PhantomBarrier","Koishi:TerrifyingSpectre+1","Koishi:DNAsFlaw","Koishi:Provoke","Koishi:PerfectMindControl","Koishi:SubterraneanRose","Koishi:FleetingPhantom","Koishi:Jaunt","Koishi:CatchAndRose","Koishi:Prune","Koishi:Prune","Koishi:BramblyRoseGarden"],"relics":["Koishi:ImaginaryFriend","hubris:SlimyHat","Lantern"],"acts_visited":["Exordium"],"potions_floor_usage":[13],"damage_taken":[{"damage":7,"enemies":"Cultist","floor":1,"turns":6},{"damage":10,"enemies":"Jaw Worm","floor":2,"turns":6},{"damage":0,"enemies":"Small Slimes","floor":3,"turns":6},{"damage":10,"enemies":"Exordium Wildlife","floor":4,"turns":5},{"damage":12,"enemies":"Exordium Thugs","floor":5,"turns":6},{"damage":12,"enemies":"3 Louse","floor":12,"turns":5},{"damage":8,"enemies":"3 Sentries","floor":13,"turns":10},{"damage":12,"enemies":"Looter","floor":16,"turns":4},{"damage":48,"enemies":"Hexaghost","floor":18,"turns":9}],"seed_played":"5768720952293731755","potions_obtained":[{"floor":2,"key":"Toxic Potion"},{"floor":3,"key":"PowerPotion"},{"floor":16,"key":"Milkshake"}],"is_trial":false,"path_per_floor":["M","M","M","M","M","R","?","R","T","PTL","PTL","M","E","$","R","M","R","B"],"character_chosen":"KOISHI","items_purchased":["Koishi:CatchAndRose","Koishi:Prune"],"campfire_rested":0,"item_purchase_floors":[14,14],"current_hp_per_floor":[60,59,60,59,51,51,51,51,51,51,51,54,52,52,52,46,46,0,0],"gold":198,"neow_bonus":"ONE_RANDOM_RARE_CARD","is_daily":false,"chose_seed":false,"campfire_upgraded":4,"win_rate":0.0,"timestamp":1608330769,"path_taken":["M","M","M","?","M","R","?","R","T","PTL","PTL","?","E","$","R","M","R","BOSS"],"items_purchased_type":["Card","Card"],"build_version":"2020-12-13","purchased_purges":0,"victory":false,"max_hp_per_floor":[60,60,60,60,60,60,60,60,60,60,60,60,60,60,60,60,60,60,60],"card_choices":[{"not_picked":["Koishi:Prune","Koishi:SpiritedAway"],"picked":"Koishi:UnconsciousUrges","floor":1},{"not_picked":["Koishi:SpiritedAway","Koishi:StingingMind"],"picked":"Koishi:MassHysteria","floor":2},{"not_picked":["Koishi:Bloodlust","Koishi:UnansweredLove"],"picked":"Koishi:PhantomBarrier","floor":3},{"not_picked":["Koishi:BramblyRoseGarden","Koishi:Catatonia"],"picked":"Koishi:TerrifyingSpectre","floor":4},{"not_picked":["Koishi:JumpScare","Koishi:SubterraneanRose"],"picked":"Koishi:DNAsFlaw","floor":5},{"not_picked":["Koishi:GhostParty","Koishi:SubconsciousSweep"],"picked":"Koishi:FleetingPhantom","floor":12},{"not_picked":["Koishi:ReflexRadar","Koishi:Catatonia"],"picked":"Koishi:Jaunt","floor":13},{"not_picked":["Koishi:HeartfeltFancy","Koishi:ReflexRadar"],"picked":"Koishi:BramblyRoseGarden","floor":16}],"player_experience":97330,"relics_obtained":[{"floor":9,"key":"hubris:SlimyHat"},{"floor":13,"key":"Lantern"}],"event_choices":[{"damage_healed":0,"gold_gain":0,"player_choice":"3 cards matched","damage_taken":0,"max_hp_gain":0,"max_hp_loss":0,"event_name":"Match and Keep!","floor":7,"gold_loss":0,"cards_obtained":["Koishi:Provoke","Koishi:PerfectMindControl","Koishi:SubterraneanRose"]}],"is_beta":false,"boss_relics":[],"items_purged_floors":[],"is_endless":false,"potions_floor_spawned":[2,3,16],"killed_by":"Hexaghost","ascension_level":0}}