{"host":"y94psiiulyl24n05","time":1608275330,"event":{"mods":["AchievementEnabler","Aspiration","BaseMod","Better Altar","Better Match","Better Note","Better Sensory Stone","Better Skull","Better Third Choice","BetterRewards","Colored Map","Colored Powertips","Downfall","GifTheSpireLib","Googly Eyes","Halation","Highlight Path","Hubris","Mimic Mod","Minty Spire (QoL Compilation)","Replay The Spire","Shop Mod","Spicy Shops","StSLib","Stuff the Spire","Unceasing Turn Reminder","everything is the same but u backflip on backflip","slay the spire mod where everything is the same but ironclad has a cowboy hat"],"gold_per_floor":[116,136,156,175,186,186,206,221,272,292,307,307,106,128,128,133,133],"floor_reached":16,"playtime":1182,"items_purged":[],"score":100,"play_id":"4d7e64b0-6474-42e9-8796-906523c14771","local_time":"20201218080850","is_ascension_mode":false,"campfire_choices":[{"floor":6,"key":"REST"},{"floor":15,"key":"REST"}],"circlet_count":0,"master_deck":["Strike_P","Strike_P","Strike_P","Strike_P","Defend_P","Defend_P","Defend_P","Defend_P","Eruption","Vigilance","Vengeance","PathToVictory","FearNoEvil","FollowUp","Protect","Replay:LoomingThreat","SashWhip","FollowUp","Prostrate","Replay:BluntJabs","StuffTheSpire:FreeRealEstate","LikeWater","CrushJoints"],"relics":["PureWater","hubris:ToyBattleship"],"acts_visited":["Exordium"],"potions_floor_usage":[10,16],"damage_taken":[{"damage":12,"enemies":"Cultist","floor":1,"turns":3},{"damage":3,"enemies":"Small Slimes","floor":2,"turns":3},{"damage":3,"enemies":"2 Louse","floor":3,"turns":2},{"damage":12,"enemies":"Exordium Wildlife","floor":4,"turns":5},{"damage":9,"enemies":"3 Louse","floor":5,"turns":3},{"damage":6,"enemies":"2 Fungi Beasts","floor":7,"turns":2},{"damage":17,"enemies":"Looter","floor":8,"turns":3},{"damage":15,"enemies":"Gremlin Gang","floor":10,"turns":4},{"damage":1,"enemies":"2 Fungi Beasts","floor":11,"turns":3},{"damage":1,"enemies":"3 Louse","floor":14,"turns":5},{"damage":35,"enemies":"The Guardian","floor":16,"turns":4}],"seed_played":"7197776222699102864","potions_obtained":[{"floor":1,"key":"Energy Potion"},{"floor":2,"key":"StancePotion"},{"floor":8,"key":"Dexterity Potion"},{"floor":10,"key":"GamblersBrew"},{"floor":14,"key":"Reflective Coating"}],"is_trial":false,"path_per_floor":["M","M","M","M","M","R","M","M","T","M","M","$","$","M","R","B"],"character_chosen":"WATCHER","items_purchased":["StuffTheSpire:FreeRealEstate","LikeWater"],"campfire_rested":2,"item_purchase_floors":[13,13],"current_hp_per_floor":[60,57,54,42,33,54,48,31,31,16,15,15,15,14,35,0,0],"gold":133,"neow_bonus":"THREE_CARDS","is_daily":false,"chose_seed":false,"campfire_upgraded":0,"win_rate":0.0,"timestamp":1608275330,"path_taken":["M","M","M","M","M","R","M","M","T","M","M","?","$","M","R","BOSS"],"items_purchased_type":["Card","Card"],"build_version":"2020-12-13","purchased_purges":0,"victory":false,"max_hp_per_floor":[72,72,72,72,72,72,72,72,72,72,72,72,72,72,72,72,72],"card_choices":[{"not_picked":["CrushJoints","EmptyFist"],"picked":"Vengeance","floor":0},{"not_picked":["InnerPeace","CrushJoints"],"picked":"PathToVictory","floor":1},{"not_picked":["ThirdEye","Evaluate"],"picked":"FearNoEvil","floor":2},{"not_picked":["PathToVictory","WindmillStrike"],"picked":"FollowUp","floor":3},{"not_picked":["WaveOfTheHand","Worship"],"picked":"Protect","floor":4},{"not_picked":["Consecrate","PathToVictory"],"picked":"Replay:LoomingThreat","floor":5},{"not_picked":["PathToVictory","Replay:Battleflow"],"picked":"SashWhip","floor":7},{"not_picked":["SignatureMove","Swivel"],"picked":"FollowUp","floor":8},{"not_picked":["ClearTheMind","FlurryOfBlows"],"picked":"Prostrate","floor":10},{"not_picked":["Tantrum","Replay:Vibes"],"picked":"Replay:BluntJabs","floor":11},{"not_picked":["Halt","JustLucky"],"picked":"CrushJoints","floor":14}],"player_experience":157820,"relics_obtained":[{"floor":9,"key":"hubris:ToyBattleship"}],"event_choices":[],"is_beta":false,"boss_relics":[],"items_purged_floors":[],"is_endless":false,"potions_floor_spawned":[1,2,8,10,14],"killed_by":"The Guardian","ascension_level":0}}