{"host":"0fmi5fguj5lvt8pf","time":1608314681,"event":{"mods":["BaseMod","BetterRewards","Colored Map","Downfall","Minty Spire (QoL Compilation)","Permanent Neow","StSLib"],"gold_per_floor":[99,117,135,135,163,163,163,185,26,55,73,89,101,401,415,510,510,510,510,346,346,346,376,376,387,387,414,424,439,470,570,587,687,687,687,699,718,744,763,763,841,891,666,450,171,171,191,191,211,211,211,241,64,64,64],"floor_reached":56,"playtime":4773,"items_purged":["Slimebound:Icky","champ:Defend","champ:Strike"],"score":1300,"play_id":"fb2b786f-ed9b-474d-99c2-85de3cf66311","local_time":"20201218100441","is_ascension_mode":false,"campfire_choices":[{"data":"champ:Taunt","floor":1.0,"key":"SMITH"},{"data":"champ:Encircle","floor":4.0,"key":"SMITH"},{"floor":18.0,"key":"RECALL"},{"data":"champ:EnragedBash","floor":26.0,"key":"SMITH"},{"data":"champ:AdrenalArmor","floor":35.0,"key":"SMITH"},{"data":"champ:Duel","floor":43.0,"key":"SMITH"},{"data":"champ:IgnorePain","floor":54.0,"key":"SMITH"}],"circlet_count":0,"master_deck":["champ:Strike+1","champ:Defend","champ:Execute+1","champ:Taunt+1","champ:FocusedBerserking","champ:Encircle+1","champ:Control","champ:EnragedBash+1","champ:Backstep+1","champ:AdrenalArmor+1","champ:MurderStrike","champ:AdrenalArmor+1","champ:Duel+1","champ:SteelEdge","champ:Encircle+1","champ:IgnorePain+1","champ:EndlessRage+1","champ:BerserkerStyle+1","champ:RisingSlash+1"],"relics":["champ:ChampionCrown","Whetstone","Meat on the Bone","Odd Mushroom","HandDrill","SlaversCollar","Potion Belt","Matryoshka","Gremlin Horn","Red Mask","downfall:GremlinWheel","SacredBark","sneckomod:BlankCard","Omamori","Shovel","downfall:HeartBlessingRed","downfall:HeartBlessingGreen","downfall:HeartBlessingBlue","champ:Barbells","Bronze Scales","Ancient Tea Set","Juzu Bracelet","PreservedInsect","Sundial"],"acts_visited":["Exordium","TheCity","TheBeyond","TheEnding"],"potions_floor_usage":[55,55,55],"damage_taken":[{"damage":5.0,"enemies":"Small Slimes","floor":2.0,"turns":3.0},{"damage":13.0,"enemies":"Jaw Worm","floor":3.0,"turns":5.0},{"damage":37.0,"enemies":"3 Sentries","floor":5.0,"turns":6.0},{"damage":27.0,"enemies":"The Mushroom Lair","floor":8.0,"turns":4.0},{"damage":46.0,"enemies":"downfall:FleeingMerchant","floor":9.0,"turns":4.0},{"damage":25.0,"enemies":"Gremlin Nob","floor":10.0,"turns":4.0},{"damage":19.0,"enemies":"Cultist","floor":11.0,"turns":3.0},{"damage":34.0,"enemies":"Lots of Slimes","floor":12.0,"turns":4.0},{"damage":39.0,"enemies":"Exordium Wildlife","floor":13.0,"turns":5.0},{"damage":36.0,"enemies":"Large Slime","floor":15.0,"turns":8.0},{"damage":86.0,"enemies":"downfall:Defect","floor":16.0,"turns":5.0},{"damage":29.0,"enemies":"downfall:FleeingMerchant","floor":20.0,"turns":4.0},{"damage":49.0,"enemies":"Book of Stabbing","floor":23.0,"turns":4.0},{"damage":44.0,"enemies":"Spheric Guardian","floor":25.0,"turns":6.0},{"damage":113.0,"enemies":"Slavers","floor":27.0,"turns":7.0},{"damage":11.0,"enemies":"3 Byrds","floor":28.0,"turns":1.0},{"damage":30.0,"enemies":"Shelled Parasite and Fungi","floor":29.0,"turns":2.0},{"damage":50.0,"enemies":"Masked Bandits","floor":30.0,"turns":5.0},{"damage":37.0,"enemies":"Masked Bandits","floor":31.0,"turns":3.0},{"damage":42.0,"enemies":"Centurion and Healer","floor":32.0,"turns":4.0},{"damage":79.0,"enemies":"downfall:Silent","floor":33.0,"turns":5.0},{"damage":27.0,"enemies":"3 Shapes","floor":36.0,"turns":3.0},{"damage":34.0,"enemies":"Orb Walker","floor":37.0,"turns":4.0},{"damage":107.0,"enemies":"Giant Head","floor":38.0,"turns":6.0},{"damage":57.0,"enemies":"Jaw Worm Horde","floor":39.0,"turns":5.0},{"damage":57.0,"enemies":"Mind Bloom Boss Battle","floor":42.0,"turns":5.0},{"damage":39.0,"enemies":"downfall:FleeingMerchant","floor":44.0,"turns":3.0},{"damage":52.0,"enemies":"Sphere and 2 Shapes","floor":47.0,"turns":3.0},{"damage":50.0,"enemies":"Writhing Mass","floor":49.0,"turns":3.0},{"damage":45.0,"enemies":"downfall:Ironclad","floor":50.0,"turns":5.0},{"damage":104.0,"enemies":"downfall:CharBossMerchant","floor":52.0,"turns":5.0},{"damage":191,"enemies":"downfall:NeowBoss","floor":55,"turns":12}],"seed_played":"8316707491912777183","potions_obtained":[{"floor":2.0,"key":"EntropicBrew"},{"floor":5.0,"key":"Block Potion"},{"floor":8.0,"key":"SteroidPotion"},{"floor":11.0,"key":"Fire Potion"},{"floor":12.0,"key":"FearPotion"},{"floor":16.0,"key":"LiquidBronze"},{"floor":25.0,"key":"EssenceOfSteel"},{"floor":27.0,"key":"SteroidPotion"},{"floor":30.0,"key":"CultistPotion"},{"floor":36.0,"key":"FairyPotion"},{"floor":38.0,"key":"SpeedPotion"},{"floor":47.0,"key":"Block Potion"},{"floor":49.0,"key":"DistilledChaos"},{"floor":52.0,"key":"Swift Potion"}],"is_trial":false,"path_per_floor":["R","M","M","R","E","?","T","?","$","E","M","M","M","?","M","B",null,"R","?","$","?","?","E","T","M","R","E","M","M","?","?","M","B",null,"R","M","M","E","M","?","T","?","R","$","?","?","M","$","M","B",null,"E","$","R","B",null],"character_chosen":"THE_CHAMP","items_purchased":["HandDrill","champ:Duel","champ:Barbells","Bronze Scales","Ancient Tea Set","Juzu Bracelet","Fruit Juice","DuplicationPotion"],"campfire_rested":0,"item_purchase_floors":[9,20,44,44,44,45,53,53],"current_hp_per_floor":[63,63,67,67,64,64,64,69,70,68,76,79,88,88,90,68,90,90,72,80,80,72,95,95,89,89,88,79,87,79,91,81,87,95,95,94,95,77,95,95,95,95,105,105,105,105,105,105,105,105,105,105,115,115,115],"gold":64,"neow_bonus":"REMOVE_TWO","is_daily":false,"chose_seed":false,"campfire_upgraded":6,"win_rate":0.0,"timestamp":1608314681,"path_taken":["R","M","M","R","E","?","T","?","?","E","M","M","M","?","M","BOSS","R","?","$","?","?","E","T","M","R","E","?","M","?","?","M","BOSS","R","M","M","E","?","?","T","?","R","$","?","?","M","?","M","BOSS","E","$","R","BOSS"],"items_purchased_type":["Relic","Card","Relic","Relic","Relic","Relic","Potion","Potion"],"build_version":"2020-12-13","purchased_purges":3,"victory":true,"max_hp_per_floor":[90,90,90,90,90,90,90,90,90,90,90,90,90,90,90,90,90,90,95,95,95,95,95,95,95,95,95,95,95,95,95,95,95,95,95,95,95,95,95,95,95,95,105,105,105,105,105,105,105,105,105,105,115,115,115],"card_choices":[{"not_picked":["champ:Riposte","champ:GladiatorsShout"],"picked":"champ:FocusedBerserking","floor":2.0},{"not_picked":["champ:FightOn","champ:DefensiveStyle"],"picked":"champ:Encircle","floor":3.0},{"not_picked":["champ:EnGarde","champ:CrookedStrike"],"picked":"champ:Control","floor":5.0},{"not_picked":["champ:Backstep","champ:IronFortress"],"picked":"champ:EnragedBash","floor":8.0},{"not_picked":["champ:FanOfKnives","champ:EnchantCrown"],"picked":"champ:Backstep","floor":9.0},{"not_picked":["champ:FalseCounter","champ:FlashCut"],"picked":"champ:AdrenalArmor","floor":10.0},{"not_picked":["champ:FocusedGladiator","champ:GladiatorsShout","champ:CrookedStrike"],"picked":"SKIP","floor":11.0},{"not_picked":["champ:FocusedGladiator","champ:GladiatorsShout","champ:CrookedStrike"],"picked":"SKIP","floor":11.0},{"not_picked":["champ:Encircle","champ:Circumvent"],"picked":"champ:AdrenalArmor","floor":12.0},{"not_picked":["champ:BladeFlurry","champ:Circumvent","champ:CrookedStrike"],"picked":"SKIP","floor":13.0},{"not_picked":["champ:BringItOn","champ:SwordSigil","champ:TornadoPunch"],"picked":"SKIP","floor":15.0},{"not_picked":["champ:EnchantShield","champ:HoldFirm"],"picked":"champ:MurderStrike","floor":16.0},{"not_picked":["champ:BladeFlurry","champ:IronFortress"],"picked":"champ:AdrenalArmor+1","floor":20.0},{"not_picked":["champ:Circumvent","champ:FlashCut","champ:BringItOn"],"picked":"SKIP","floor":23.0},{"not_picked":["champ:GladiatorStyle","champ:TornadoPunch","champ:EnGarde"],"picked":"SKIP","floor":25.0},{"not_picked":["champ:Balance","champ:FanOfKnives+1","champ:DefensiveShout+1"],"picked":"SKIP","floor":27.0},{"not_picked":["champ:GladiatorsShout+1","champ:EnragedBash","champ:IronFortress"],"picked":"SKIP","floor":28.0},{"not_picked":["champ:TornadoPunch+1","champ:BladeFlurry"],"picked":"champ:SteelEdge","floor":29.0},{"not_picked":["champ:EnGarde","champ:IronFortress"],"picked":"champ:Encircle+1","floor":30.0},{"not_picked":["champ:Backstep","champ:ShieldSigil","champ:PreciseThrust"],"picked":"SKIP","floor":32.0},{"not_picked":["champ:EnchantSword","champ:HoldFirm"],"picked":"champ:IgnorePain","floor":33.0},{"not_picked":["champ:BringItOn","champ:AdrenalArmor","champ:FlashCut"],"picked":"SKIP","floor":36.0},{"not_picked":["champ:SwordSigil+1","champ:GladiatorStyle"],"picked":"champ:EndlessRage+1","floor":37.0},{"not_picked":["champ:BerserkersShout","champ:TornadoPunch","champ:IronFortress+1"],"picked":"SKIP","floor":38.0},{"not_picked":["champ:SwordSigil","champ:ShieldSigil"],"picked":"champ:BerserkerStyle+1","floor":39.0},{"not_picked":["champ:TornadoPunch+1","champ:DefensiveStyle","champ:FocusedGladiator"],"picked":"SKIP","floor":47.0},{"not_picked":["champ:AdrenalArmor","champ:BringItOn+1","champ:DefensiveStyle"],"picked":"SKIP","floor":49.0},{"not_picked":["champ:Duel","champ:BerserkersShout+1"],"picked":"champ:RisingSlash+1","floor":52.0}],"player_experience":1178720,"relics_obtained":[{"floor":5.0,"key":"Whetstone"},{"floor":7.0,"key":"Meat on the Bone"},{"floor":8.0,"key":"Odd Mushroom"},{"floor":23.0,"key":"Potion Belt"},{"floor":24.0,"key":"Matryoshka"},{"floor":27.0,"key":"Gremlin Horn"},{"floor":30.0,"key":"Red Mask"},{"floor":31.0,"key":"downfall:GremlinWheel"},{"floor":38.0,"key":"sneckomod:BlankCard"},{"floor":41.0,"key":"Omamori"},{"floor":42.0,"key":"Shovel"},{"floor":52.0,"key":"PreservedInsect"},{"floor":54.0,"key":"Sundial"}],"event_choices":[{"damage_healed":0.0,"max_hp_gain":0.0,"max_hp_loss":0.0,"gold_gain":0.0,"event_name":"Mushrooms","player_choice":"Fought Mushrooms","floor":8.0,"gold_loss":0.0,"damage_taken":0.0},{"cards_removed":["Slimebound:Icky"],"damage_healed":0.0,"max_hp_gain":0.0,"max_hp_loss":0.0,"gold_gain":0.0,"event_name":"Back to Basics","player_choice":"Elegance","floor":21.0,"gold_loss":0.0,"damage_taken":0.0},{"damage_healed":0.0,"max_hp_gain":0.0,"max_hp_loss":0.0,"gold_gain":0.0,"event_name":"Masked Bandits","player_choice":"Fought Bandits","floor":30.0,"gold_loss":0.0,"damage_taken":0.0},{"cards_removed":["champ:AdrenalArmor"],"damage_healed":0.0,"max_hp_gain":0.0,"max_hp_loss":0.0,"gold_gain":0.0,"event_name":"Falling","player_choice":"Removed Skill","floor":40.0,"gold_loss":0.0,"damage_taken":0.0},{"damage_healed":0.0,"max_hp_gain":0.0,"max_hp_loss":0.0,"gold_gain":0.0,"event_name":"Wheel of Change","player_choice":"Relic","floor":54.0,"gold_loss":0.0,"damage_taken":0.0}],"is_beta":false,"boss_relics":[{"not_picked":["Velvet Choker","Coffee Dripper"],"picked":"SlaversCollar"},{"not_picked":["Cursed Key","Black Star"],"picked":"SacredBark"}],"items_purged_floors":[20,44,45],"is_endless":false,"potions_floor_spawned":[2,5,8,11,12,16,25,27,30,36,38,47,49,52],"ascension_level":0}}