{"host":"6azrrw3tf7wb0f4b","time":1608265098,"event":{"mods":["BaseMod","DeckTracker","Minty Spire (QoL Compilation)","SuperFastMode"],"gold_per_floor":[117,117,129,145,156,156,168,168,168,178,188,253,253,300,300,404,404,423,435,159,171,121,146,157,185,211,230,230,130,155,167,167,272,272,282,80,130,130,140,140,158,158,158,187,200,213,213,225,225,225,225,225,15,43,43,43],"floor_reached":55,"playtime":1752,"items_purged":["Strike_P","Strike_P","Defend_P"],"score":1217,"play_id":"ae174daf-9f9e-43fd-829b-5772570eec46","local_time":"20201218131818","is_ascension_mode":true,"campfire_choices":[{"data":"Eruption","floor":6.0,"key":"SMITH"},{"data":"Prostrate","floor":8,"key":"SMITH"},{"data":"Scrawl","floor":13,"key":"SMITH"},{"data":"Evaluate","floor":15,"key":"SMITH"},{"floor":28,"key":"REST"},{"floor":32,"key":"REST"},{"floor":40,"key":"RECALL"},{"floor":42,"key":"REST"},{"floor":47,"key":"REST"},{"floor":49,"key":"REST"},{"floor":52,"key":"REST"}],"circlet_count":0,"master_deck":["AscendersBane","Strike_P+1","Strike_P+1","Defend_P+1","Defend_P+1","Defend_P+1","Eruption+1","Vigilance+1","Evaluate+1","DeusExMachina+1","FlyingSleeves+1","Consecrate+1","Prostrate+1","Scrawl+1","SignatureMove+1","CrushJoints+1","LessonLearned+1","Prostrate+1","Pray+1","BowlingBash+1","Brilliance+1","Study+1","Evaluate+1","FlurryOfBlows+1","Prostrate+1","Prostrate+1","Brilliance+1","ClearTheMind+1","Brilliance+1","Injury","Wallop+1","Purity","BattleHymn","Omniscience"],"relics":["PureWater","NeowsBlessing","White Beast Statue","Molten Egg 2","Vajra","SacredBark","Pear","War Paint","Anchor","StoneCalendar","Cursed Key","Lizard Tail","Mummified Hand","Toy Ornithopter"],"acts_visited":["Exordium","TheCity","TheBeyond","TheEnding"],"potions_floor_usage":[7,12,12,16,18,18,19,24,24,25,25,25,25,25,27,30,31,33,39,41,45,45,46,50,50,55,55,55],"damage_taken":[{"damage":0.0,"enemies":"Cultist","floor":1.0,"turns":1.0},{"damage":0.0,"enemies":"Small Slimes","floor":3.0,"turns":1.0},{"damage":0.0,"enemies":"Jaw Worm","floor":4.0,"turns":1.0},{"damage":4.0,"enemies":"2 Fungi Beasts","floor":5.0,"turns":5.0},{"damage":2,"enemies":"Gremlin Gang","floor":7,"turns":3},{"damage":9,"enemies":"3 Louse","floor":10,"turns":4},{"damage":0,"enemies":"Blue Slaver","floor":11,"turns":2},{"damage":0,"enemies":"Gremlin Nob","floor":12,"turns":2},{"damage":48,"enemies":"The Guardian","floor":16,"turns":12},{"damage":13,"enemies":"2 Thieves","floor":18,"turns":3},{"damage":11,"enemies":"Spheric Guardian","floor":19,"turns":7},{"damage":4,"enemies":"Shelled Parasite and Fungi","floor":21,"turns":3},{"damage":3,"enemies":"Gremlin Leader","floor":23,"turns":4},{"damage":6,"enemies":"Centurion and Healer","floor":24,"turns":4},{"damage":0,"enemies":"Slavers","floor":25,"turns":4},{"damage":20,"enemies":"3 Cultists","floor":27,"turns":4},{"damage":0,"enemies":"Gremlin Leader","floor":30,"turns":3},{"damage":8,"enemies":"Snake Plant","floor":31,"turns":3},{"damage":22,"enemies":"Automaton","floor":33,"turns":6},{"damage":1,"enemies":"Orb Walker","floor":35,"turns":2},{"damage":0,"enemies":"Mind Bloom Boss Battle","floor":37,"turns":3},{"damage":26,"enemies":"3 Darklings","floor":39,"turns":5},{"damage":62,"enemies":"Writhing Mass","floor":41,"turns":6},{"damage":21,"enemies":"Nemesis","floor":44,"turns":5},{"damage":15,"enemies":"Jaw Worm Horde","floor":45,"turns":4},{"damage":30,"enemies":"Maw","floor":46,"turns":4},{"damage":13,"enemies":"Spire Growth","floor":48,"turns":3},{"damage":64,"enemies":"Donu and Deca","floor":50,"turns":6},{"damage":57,"enemies":"Shield and Spear","floor":54,"turns":5},{"damage":76,"enemies":"The Heart","floor":55,"turns":3}],"seed_played":"-4345349978925406724","potions_obtained":[{"floor":3.0,"key":"ColorlessPotion"},{"floor":5.0,"key":"CultistPotion"},{"floor":10,"key":"BottledMiracle"},{"floor":11,"key":"DuplicationPotion"},{"floor":12,"key":"Swift Potion"},{"floor":16,"key":"FearPotion"},{"floor":18,"key":"Block Potion"},{"floor":19,"key":"Swift Potion"},{"floor":24,"key":"FearPotion"},{"floor":25,"key":"Fruit Juice"},{"floor":27,"key":"EssenceOfSteel"},{"floor":30,"key":"Swift Potion"},{"floor":31,"key":"Fire Potion"},{"floor":33,"key":"Dexterity Potion"},{"floor":35,"key":"BlessingOfTheForge"},{"floor":39,"key":"Ancient Potion"},{"floor":41,"key":"Explosive Potion"},{"floor":44,"key":"DuplicationPotion"},{"floor":45,"key":"BottledMiracle"},{"floor":46,"key":"Block Potion"},{"floor":48,"key":"FearPotion"},{"floor":54,"key":"LiquidMemories"}],"is_trial":false,"path_per_floor":["M","?","M","M","M","R","M","R","T","M","M","?","R","T","R","B",null,"M","M","$","M","?","E","M","E","T","M","R","$","E","M","R","B",null,"M","$","?","?","M","R","M","R","T","E","M","M","R","M","R","B",null,"R","$","E","B"],"character_chosen":"WATCHER","items_purchased":["BowlingBash+1","EntropicBrew","DuplicationPotion","Regen Potion","Purity","BattleHymn","PowerPotion"],"campfire_rested":6,"item_purchase_floors":[20,20,20,36,53,53,53],"current_hp_per_floor":[65,65,65,65,61,61,59,59,59,50,50,50,50,50,50,2,55,42,31,31,27,27,34,28,28,28,18,45,45,45,37,64,42,80,79,79,79,79,80,80,18,45,45,24,9,46,73,60,87,23,75,92,92,35,0,0],"gold":43,"neow_bonus":"THREE_ENEMY_KILL","is_daily":false,"chose_seed":false,"campfire_upgraded":4,"win_rate":0.0,"timestamp":1608265098,"path_taken":["M","?","M","M","?","R","M","R","T","M","M","?","R","?","R","BOSS","M","M","$","M","?","E","M","E","T","?","R","$","E","M","R","BOSS","M","$","?","?","M","R","?","R","T","E","M","M","R","M","R","BOSS","R","$","E","BOSS"],"items_purchased_type":["Card","Potion","Potion","Potion","Card","Card","Potion"],"build_version":"2020-12-13","purchased_purges":3,"victory":false,"max_hp_per_floor":[72,72,72,72,72,72,72,72,72,72,72,72,72,72,72,72,72,72,72,72,72,72,82,82,82,82,92,92,92,92,92,92,92,92,92,92,92,92,92,92,92,92,92,92,92,92,92,92,92,92,92,92,92,92,92,92],"card_choices":[{"not_picked":["EmptyFist","InnerPeace"],"picked":"Evaluate","floor":1.0},{"not_picked":["EmptyMind","ThirdEye"],"picked":"FlyingSleeves","floor":3.0},{"not_picked":["PathToVictory","FlyingSleeves","Fasting2"],"picked":"SKIP","floor":4.0},{"not_picked":["Indignation","ClearTheMind"],"picked":"Consecrate","floor":5.0},{"not_picked":["Study","Consecrate"],"picked":"Prostrate","floor":7},{"not_picked":["Prostrate","Fasting2"],"picked":"Scrawl","floor":10},{"not_picked":["BowlingBash","FollowUp"],"picked":"SignatureMove","floor":11},{"not_picked":["EmptyFist+1","Halt"],"picked":"CrushJoints+1","floor":12},{"not_picked":["Alpha","Establishment"],"picked":"LessonLearned+1","floor":16},{"not_picked":["Consecrate+1","BowlingBash+1"],"picked":"Prostrate","floor":18},{"not_picked":["Evaluate","Vengeance"],"picked":"Pray+1","floor":19},{"not_picked":["ClearTheMind","ReachHeaven+1"],"picked":"Brilliance+1","floor":21},{"not_picked":["CrushJoints+1","Halt"],"picked":"Study+1","floor":23},{"not_picked":["Consecrate+1","Tantrum+1"],"picked":"Evaluate+1","floor":24},{"not_picked":["WaveOfTheHand","Wireheading+1"],"picked":"FlurryOfBlows+1","floor":25},{"not_picked":["Crescendo","JustLucky+1","Sanctity+1"],"picked":"SKIP","floor":27},{"not_picked":["Consecrate+1","Crescendo"],"picked":"Prostrate","floor":30},{"not_picked":["DeceiveReality","Omniscience"],"picked":"Prostrate+1","floor":31},{"not_picked":["Establishment","ConjureBlade"],"picked":"Brilliance+1","floor":33},{"not_picked":["Consecrate+1","EmptyFist+1","ThirdEye"],"picked":"SKIP","floor":35},{"not_picked":["ThirdEye+1","PathToVictory"],"picked":"ClearTheMind+1","floor":37},{"not_picked":["EmptyFist+1","Meditate","CutThroughFate+1"],"picked":"SKIP","floor":39},{"not_picked":["FearNoEvil+1","Indignation+1","Study"],"picked":"SKIP","floor":41},{"not_picked":["FollowUp+1","Consecrate+1","Establishment"],"picked":"SKIP","floor":44},{"not_picked":["FearNoEvil+1","DeceiveReality+1","Prostrate"],"picked":"SKIP","floor":45},{"not_picked":["Protect","JustLucky+1"],"picked":"Wallop+1","floor":46},{"not_picked":["Consecrate+1","Brilliance+1","Weave+1"],"picked":"SKIP","floor":48},{"not_picked":["CrushJoints+1","LikeWater"],"picked":"Omniscience","floor":54}],"player_experience":603507,"relics_obtained":[{"floor":9,"key":"White Beast Statue"},{"floor":12,"key":"Molten Egg 2"},{"floor":14,"key":"Vajra"},{"floor":23,"key":"Pear"},{"floor":25,"key":"War Paint"},{"floor":26,"key":"Anchor"},{"floor":30,"key":"StoneCalendar"},{"floor":37,"key":"Lizard Tail"},{"floor":44,"key":"Mummified Hand"},{"floor":54,"key":"Toy Ornithopter"}],"event_choices":[{"damage_healed":0.0,"max_hp_gain":0.0,"max_hp_loss":0.0,"gold_gain":0.0,"event_name":"Match and Keep!","player_choice":"1 cards matched","floor":2.0,"gold_loss":0.0,"damage_taken":0.0,"cards_obtained":["DeusExMachina"]},{"damage_healed":0,"gold_gain":30,"player_choice":"Searched \u00272\u0027 times","damage_taken":0,"max_hp_gain":0,"max_hp_loss":0,"event_name":"Dead Adventurer","floor":12,"gold_loss":0},{"damage_healed":0,"gold_gain":0,"player_choice":"Bet on Murderer","damage_taken":0,"max_hp_gain":0,"max_hp_loss":0,"event_name":"The Joust","floor":22,"gold_loss":50},{"damage_healed":0,"gold_gain":0,"player_choice":"Fight","damage_taken":0,"max_hp_gain":0,"max_hp_loss":0,"event_name":"MindBloom","floor":37,"gold_loss":0},{"damage_healed":0,"gold_gain":0,"player_choice":"Copied","damage_taken":0,"max_hp_gain":0,"max_hp_loss":0,"event_name":"Duplicator","floor":38,"gold_loss":0,"cards_obtained":["Brilliance"]}],"is_beta":false,"boss_relics":[{"not_picked":["Sozu","Runic Pyramid"],"picked":"SacredBark"},{"not_picked":["SlaversCollar","Busted Crown"],"picked":"Cursed Key"}],"items_purged_floors":[20,29,36],"is_endless":false,"potions_floor_spawned":[3,5,10,11,12,16,18,19,21,23,24,25,27,30,31,33,35,37,39,41,44,45,46,48,54],"killed_by":"The Heart","ascension_level":10}}