{"host":"fb0gdunrufaj9qo3","time":1608317078,"event":{"mods":["2.2 Compatiblity","Abigail Mod","AchievementEnabler","Act Like it!","Aspiration","Bard","BaseMod","Block Reminder","Colored Map","Colored Powertips","Conspire","Downfall","Friendly Minions","Gensokyo","GifTheSpireLib","Hermit","HexUI Lib","Highlight Path","Hubris","Infinite Spire","Jorbs\u0027s Wanderer Trilogy","Koishi","Lobotomy","Mad Scientist","Marisa（霧雨　魔理沙）","Minty Spire (QoL Compilation)","Onozuka Komachi Mod","READ ME - Guardian Mod","Rare Cards Sparkle","Reimu（博??梦）","Relic Stats","Replay The Spire","Spicy Shops","StSLib","The Blue Laboratory","The Bug Knight","The Cursed","The Death Knight","The Disciple","The Elementalist","The Factory","The Forsaken","The Hierophant","The Judge","The Jungle","The Runesmith","The Servant 0.9.4","The Valiant","TheBandit","TheFirefly","Wandering Minibosses","Youmu（魂魄妖梦）"],"gold_per_floor":[112,112,112,128,128,78,78],"floor_reached":6,"playtime":583,"items_purged":[],"score":34,"play_id":"fc5be593-0f53-48cd-9981-134cded4eb5b","local_time":"20201218184438","is_ascension_mode":false,"campfire_choices":[],"circlet_count":0,"master_deck":["hermit:Strike_Hermit","hermit:Strike_Hermit","hermit:Strike_Hermit","hermit:Strike_Hermit","hermit:Defend_Hermit","hermit:Defend_Hermit","hermit:Defend_Hermit","hermit:Defend_Hermit","hermit:Snapshot","hermit:Covet","Bandage Up","hermit:Cheat","hermit:Vantage","Regret"],"relics":["hermit:Momento","Oddly Smooth Stone","hubris:Icosahedron","Boot"],"acts_visited":["Exordium"],"potions_floor_usage":[6],"damage_taken":[{"damage":6,"enemies":"Jaw Worm","floor":1,"turns":4},{"damage":4,"enemies":"2 Louse","floor":4,"turns":4},{"damage":74,"enemies":"3 Sentries","floor":6,"turns":26}],"seed_played":"2043708713301577170","potions_obtained":[{"floor":1,"key":"blueLaboratory:AbyssPotion"}],"is_trial":false,"path_per_floor":["M","?","?","M","?","E"],"character_chosen":"HERMIT","items_purchased":[],"campfire_rested":0,"item_purchase_floors":[],"current_hp_per_floor":[69,69,69,69,69,0,0],"gold":78,"neow_bonus":"RANDOM_COLORLESS","is_daily":false,"chose_seed":false,"campfire_upgraded":0,"win_rate":0.0,"timestamp":1608317078,"path_taken":["M","?","?","M","?","E"],"items_purchased_type":[],"build_version":"2020-12-13","purchased_purges":0,"victory":false,"max_hp_per_floor":[75,75,75,75,75,75,75],"relic_stats":{"counters":[3,34],"Boot":[0],"obtain_stats":[{"hubris:Icosahedron":3,"Oddly Smooth Stone":2,"Boot":5,"hermit:Momento":0},{"hubris:Icosahedron":1,"Oddly Smooth Stone":1,"Boot":2,"hermit:Momento":0},{"hubris:Icosahedron":4,"Oddly Smooth Stone":4,"Boot":8,"hermit:Momento":0}]},"card_choices":[{"not_picked":["Specialist","expansioncontent:LastStand"],"picked":"Bandage Up","floor":0},{"not_picked":["hermit:Vantage","hermit:FlashPowder"],"picked":"hermit:Cheat","floor":1},{"not_picked":["hermit:BodyArmor","hermit:HoleUp"],"picked":"hermit:Vantage","floor":4}],"player_experience":128749,"relics_obtained":[{"floor":2,"key":"Oddly Smooth Stone"}],"event_choices":[{"damage_healed":0,"gold_gain":0,"player_choice":"Box","damage_taken":0,"relics_obtained":["Boot"],"max_hp_gain":0,"max_hp_loss":0,"event_name":"Big Fish","floor":5,"gold_loss":0,"cards_obtained":["Regret"]}],"is_beta":false,"boss_relics":[],"items_purged_floors":[],"is_endless":false,"potions_floor_spawned":[1],"killed_by":"3 Sentries","ascension_level":0}}