{"host":"1mxf43y0hzpoj3pg","time":1608286158,"event":{"mods":["AchievementEnabler","BaseMod","BetterRewards","Colored Map","Conspire","Downfall","Hubris","Infinite Spire","Minty Spire (QoL Compilation)","Permanent Neow","Replay The Spire","Shop Mod","StSLib","The Jungle"],"gold_per_floor":[99,128,148,162,192,192,219,219,250,250,250,281,300,300,300,312,322,422,422,422,442,502,525,525,525,525,525,546,591,621,621,221,221,244,351,351,351,351,351,351,391,421,446,476,476,476,476,476,41,72,153,62,96,118],"floor_reached":55,"playtime":6845,"items_purged":["hubris:Envy","hubris:Despair","hubris:Despair","hubris:Greed"],"score":893,"play_id":"5c78812b-cab1-4857-887c-04b243a2b686","local_time":"20201218050918","is_ascension_mode":false,"campfire_choices":[{"floor":1,"key":"DIG"},{"data":"Slimebound:Grow","floor":20,"key":"SMITH"},{"data":"Slimebound:CorrosiveSpit","floor":25,"key":"SMITH"},{"data":"Slimebound:SamplingLick","floor":27,"key":"SMITH"},{"data":"Slimebound:DuplicatedForm","floor":37,"key":"SMITH"},{"data":"Slimebound:PrepareCrush","floor":40,"key":"SMITH"},{"data":"Slimebound:Gluttony","floor":45,"key":"SMITH"},{"data":"Slimebound:LeadByExample","floor":48,"key":"SMITH"}],"circlet_count":0,"master_deck":["Slimebound:Strike_Slimebound","Slimebound:Strike_Slimebound","Slimebound:Strike_Slimebound","Slimebound:Tackle","Slimebound:Defend_Slimebound","Slimebound:Defend_Slimebound","Slimebound:Defend_Slimebound","Slimebound:Split+1","Slimebound:CorrosiveSpit+1","Slimebound:LeechEnergy","Slimebound:Grow+1","Slimebound:SlimeSpikes","Slimebound:GoopSpray","Slimebound:OneTwoCombo+1","Slimebound:SamplingLick+1","Slimebound:Recollect","Slimebound:Recycling+1","hubris:Sloth","Slimebound:LeadByExample+1","hubris:Greed","Slimebound:SplitBruiser","Slimebound:SamplingLick+1","Slimebound:Prepare","Slimebound:DuplicatedForm+1","Slimebound:Repurpose","Slimebound:PrepareCrush+1","infinitespire:Punishment","Slimebound:Repurpose","Slimebound:Gluttony+1","Slimebound:GrowthPunch+1","Slimebound:OneTwoCombo","Slimebound:Recollect","Slimebound:SplitMire"],"relics":["Slimebound:AbsorbEndCombat","Tiny Chest","infinitespire:FocusingShard","infinitespire:Eraser","Snack Pack","infinitespire:Satchel","Vajra","Durian","Ring of Panic","Darkstone Periapt","Replay:Ancient Bell","Simple Rune","conspire:Dentures","hubris:Zylophone","ReplayTheSpireMod:CursedCoin","hubris:FunFungus","infinitespire:Beetle Shell","Replay:Bottled Eggs","conspire:InfiniteJournal","infinitespire:Midas Blood","Anchor","ReplayFunnel","Guide Book","hubris:SphereOfDissonance","Replay:Bandana"],"acts_visited":["Exordium","TheCity","TheBeyond"],"potions_floor_usage":[5,9,28,28,34,42,49],"damage_taken":[{"damage":42,"enemies":"3 Sentries","floor":2,"turns":7},{"damage":2,"enemies":"Small Slimes","floor":3,"turns":4},{"damage":0,"enemies":"2 Louse","floor":4,"turns":4},{"damage":24,"enemies":"Gremlin Nob","floor":5,"turns":4},{"damage":26,"enemies":"Lagavulin","floor":9,"turns":6},{"damage":28,"enemies":"3 Sentries","floor":12,"turns":6},{"damage":8,"enemies":"Jaw Worm","floor":13,"turns":3},{"damage":7,"enemies":"conspire:2 RoseBushes","floor":16,"turns":3},{"damage":0,"enemies":"3 Louse","floor":17,"turns":3},{"damage":14,"enemies":"downfall:Silent","floor":18,"turns":6},{"damage":0,"enemies":"Chosen","floor":21,"turns":3},{"damage":7,"enemies":"downfall:FleeingMerchant","floor":22,"turns":4},{"damage":0,"enemies":"conspire:FuzzyDice","floor":23,"turns":6},{"damage":23,"enemies":"Snake Plant","floor":28,"turns":4},{"damage":34,"enemies":"Gremlin Leader","floor":29,"turns":6},{"damage":4,"enemies":"Shelled Parasite and Fungi","floor":30,"turns":4},{"damage":1,"enemies":"downfall:FleeingMerchant","floor":32,"turns":4},{"damage":10,"enemies":"conspire:HollyBat","floor":34,"turns":6},{"damage":54,"enemies":"downfall:Ironclad","floor":35,"turns":8},{"damage":17,"enemies":"Nemesis","floor":41,"turns":5},{"damage":27,"enemies":"3 Darklings","floor":42,"turns":3},{"damage":1,"enemies":"3 Shapes","floor":44,"turns":3},{"damage":9,"enemies":"downfall:FleeingMerchant","floor":49,"turns":4},{"damage":15,"enemies":"Writhing Mass","floor":50,"turns":4},{"damage":0,"enemies":"downfall:FleeingMerchant","floor":52,"turns":1},{"damage":3,"enemies":"Sphere and 2 Shapes","floor":53,"turns":3},{"damage":9,"enemies":"downfall:Watcher","floor":54,"turns":4}],"seed_played":"8337006083445961386","potions_obtained":[{"floor":4,"key":"LifebloodPotion"},{"floor":5,"key":"AttackPotion"},{"floor":12,"key":"GamblersBrew"},{"floor":13,"key":"PowerPotion"},{"floor":16,"key":"Slimebound:SlimedPotion"},{"floor":30,"key":"Doom Potion"},{"floor":35,"key":"GamblersBrew"},{"floor":42,"key":"SpeedPotion"},{"floor":44,"key":"SkillPotion"},{"floor":53,"key":"CultistPotion"}],"is_trial":false,"path_per_floor":["R_BF","E","M","M","E","?","T","?","E","PTL","PTL","E","M","?","T","M","M","B",null,"R","M","$","M","?","R","T","R","M","E","M","?","$","T","M","B",null,"R","?","?","R","E","M","T","M","R","PTL","PTL","R","$","M","T","$","M","B",null],"character_chosen":"SLIMEBOUND","items_purchased":["ReplayTheSpireMod:CursedCoin","Slimebound:Repurpose","Replay:Bottled Eggs","ReplayFunnel","Guide Book","Replay:Bandana","AttackPotion","Slimebound:Recollect"],"campfire_rested":0,"item_purchase_floors":[22,32,32,49,49,52,52,52],"current_hp_per_floor":[60,26,32,40,36,36,36,36,40,40,40,37,45,45,45,58,65,65,83,83,83,89,95,95,95,95,95,88,86,95,76,100,100,100,87,100,100,75,75,75,88,89,89,100,100,100,100,100,100,100,100,100,100,100],"gold":118,"neow_bonus":"UPGRADE_CARD","is_daily":false,"chose_seed":false,"campfire_upgraded":7,"win_rate":0.0,"timestamp":1608286158,"path_taken":["R_BF","E","M","M","E","?","T","?","E","PTL","PTL","E","M","?","?","?","M","BOSS","R","M","$","M","?","R","T","R","M","E","M","?","$","?","M","BOSS","R","?","?","R","E","M","T","M","R","PTL","PTL","R","?","M","?","$","M","BOSS"],"items_purchased_type":["Relic","Card","Relic","Relic","Relic","Relic","Potion","Card"],"build_version":"2020-12-13","purchased_purges":4,"victory":true,"max_hp_per_floor":[60,60,60,60,60,60,60,60,60,60,60,65,65,65,65,65,65,65,83,83,83,89,95,95,95,95,95,95,95,95,100,100,100,100,100,100,100,100,100,100,100,100,100,100,100,100,100,100,100,100,100,100,100,100],"card_choices":[{"not_picked":["Slimebound:LeechingTouch","Slimebound:PressTheAttack"],"picked":"Slimebound:LeechEnergy","floor":2},{"not_picked":["Slimebound:DisruptingSlam","Slimebound:ComboTackle"],"picked":"Slimebound:Grow","floor":3},{"not_picked":["Slimebound:LeechingTouch","Slimebound:SplitBruiser"],"picked":"Slimebound:SplitAcid","floor":4},{"not_picked":["Slimebound:LeechingTouch","Slimebound:FinishingTackle"],"picked":"Slimebound:SlimeSpikes","floor":5},{"not_picked":["Slimebound:RollThrough","Slimebound:SplitBruiser"],"picked":"Slimebound:GoopSpray","floor":9},{"not_picked":["Slimebound:Equalize","Slimebound:FinishingTackle"],"picked":"Slimebound:OneTwoCombo","floor":12},{"not_picked":["Slimebound:RollThrough","Slimebound:FinishingTackle","Slimebound:SplitLeeching"],"picked":"SKIP","floor":13},{"not_picked":["Slimebound:PressTheAttack","Slimebound:LeechingTouch"],"picked":"Slimebound:SamplingLick","floor":16},{"not_picked":["Slimebound:GoopSpray","Slimebound:Prepare"],"picked":"Slimebound:Recollect","floor":17},{"not_picked":["Slimebound:DouseInSlime","Slimebound:PrepareCrush"],"picked":"Slimebound:Recycling","floor":18},{"not_picked":["ReplayTheSpireMod:Faulty Equipment","Slimebound:Icky"],"picked":"hubris:Sloth","floor":19},{"not_picked":["Parasite","ReplayTheSpireMod:Faulty Equipment"],"picked":"hubris:Despair","floor":19},{"not_picked":["ReplayTheSpireMod:Splinters","Pain"],"picked":"hubris:Envy","floor":19},{"not_picked":["Slimebound:Schlurp","Slimebound:GoopTackle+1"],"picked":"Slimebound:LeadByExample","floor":21},{"not_picked":["Slimebound:SplitAcid+1","Slimebound:LivingWall","Slimebound:PressTheAttack"],"picked":"SKIP","floor":22},{"not_picked":["Slimebound:SplitAcid+1","Slimebound:ViciousTackle","Slimebound:ComboTackle"],"picked":"SKIP","floor":23},{"not_picked":["Slimebound:SamplingLick","Slimebound:ForwardTackle"],"picked":"Slimebound:SplitBruiser","floor":28},{"not_picked":["Slimebound:PrepareCrush","Slimebound:SplitLeeching"],"picked":"Slimebound:SamplingLick+1","floor":29},{"not_picked":["Slimebound:RejuvenatingLick","Slimebound:PressTheAttack+1"],"picked":"Slimebound:Prepare","floor":30},{"not_picked":["Slimebound:Nibble","Slimebound:ViciousTackle"],"picked":"Slimebound:DuplicatedForm","floor":32},{"not_picked":["Slimebound:RollThrough","Slimebound:SplitMire","Slimebound:SplitAcid+1"],"picked":"SKIP","floor":34},{"not_picked":["Slimebound:RallyTheTroops","Slimebound:DuplicatedForm"],"picked":"Slimebound:PrepareCrush","floor":35},{"not_picked":["infinitespire:NeuralNetwork","ReplayTheSpireMod:Chaos Vortex"],"picked":"infinitespire:Punishment","floor":38},{"not_picked":["Slimebound:LeechingTouch+1","Slimebound:SplitMire"],"picked":"Slimebound:Repurpose","floor":41},{"not_picked":["Slimebound:SplitAcid","Slimebound:GoopSpray+1","Slimebound:LeechEnergy"],"picked":"SKIP","floor":42},{"not_picked":["Slimebound:ProtectTheBoss","Slimebound:ItLooksTasty"],"picked":"Slimebound:Gluttony","floor":44},{"not_picked":["Slimebound:DisruptingSlam+1","Slimebound:SplitMire+1"],"picked":"Slimebound:GrowthPunch+1","floor":49},{"not_picked":["Slimebound:LeechEnergy","Slimebound:LeechingTouch","Slimebound:DivideAndConquer"],"picked":"SKIP","floor":50},{"not_picked":["Slimebound:LeechingTouch","Slimebound:ComboTackle"],"picked":"Slimebound:OneTwoCombo","floor":52},{"not_picked":["Slimebound:ViciousTackle+1","Slimebound:SplitLeeching+1"],"picked":"Slimebound:SplitMire","floor":53}],"player_experience":153109,"relics_obtained":[{"floor":1,"key":"Tiny Chest"},{"floor":2,"key":"infinitespire:FocusingShard"},{"floor":5,"key":"infinitespire:Eraser"},{"floor":6,"key":"Snack Pack"},{"floor":7,"key":"infinitespire:Satchel"},{"floor":9,"key":"Vajra"},{"floor":12,"key":"Durian"},{"floor":14,"key":"Ring of Panic"},{"floor":15,"key":"Darkstone Periapt"},{"floor":26,"key":"hubris:FunFungus"},{"floor":29,"key":"infinitespire:Beetle Shell"},{"floor":33,"key":"conspire:InfiniteJournal"},{"floor":41,"key":"infinitespire:Midas Blood"},{"floor":43,"key":"Anchor"},{"floor":51,"key":"hubris:SphereOfDissonance"}],"event_choices":[{"cards_removed":["Slimebound:Defend_Slimebound"],"damage_healed":0,"gold_gain":0,"player_choice":"Card Removal","damage_taken":0,"max_hp_gain":0,"max_hp_loss":0,"event_name":"The Cleric","floor":8,"gold_loss":0},{"damage_healed":0,"gold_gain":0,"player_choice":"Ignored","damage_taken":0,"max_hp_gain":0,"max_hp_loss":0,"event_name":"Vampires","floor":24,"gold_loss":0},{"cards_removed":["Slimebound:SplitAcid"],"damage_healed":0,"gold_gain":0,"player_choice":"Removed Skill","damage_taken":0,"max_hp_gain":0,"max_hp_loss":0,"event_name":"Falling","floor":39,"gold_loss":0}],"is_beta":false,"boss_relics":[{"not_picked":["Coffee Dripper","Pandora\u0027s Box"],"picked":"Replay:Ancient Bell"},{"not_picked":["hubris:ToyBattleship","infinitespire:PuzzleCube"],"picked":"Simple Rune"},{"not_picked":["Eternal Feather","Gremlin Horn"],"picked":"conspire:Dentures"},{"not_picked":["Lizard Tail","conspire:GlowingRock"],"picked":"hubris:Zylophone"},{"not_picked":["hubris:GrandSneckoEye","conspire:RunicOctahedron","Slimebound:TarBlob"]}],"items_purged_floors":[22,32,49,52],"is_endless":false,"potions_floor_spawned":[4,5,12,13,16,17,30,34,35,42,44,53],"ascension_level":0}}