{"host":"aj7el8l5kufbk20z","time":1608263935,"event":{"mods":["AchievementEnabler","BaseMod","Colored Map","Colored Powertips","Curses Come First","Highlight Path","Minty Spire (QoL Compilation)","Quick Restart","Rare Cards Sparkle","Relic Stats","StSLib","SuperFastMode"],"gold_per_floor":[117,137,137,217,283,311,311,345,372,422,530,530,580,597,597,697,697,707,757,777,793,693,693,707,284,284,849,849,174,188,238,238,342,342,355,1404,1454,1519,1569,1569,777,777,777,797,809,146,196,246,246,246,246,246,22,48,48],"floor_reached":56,"playtime":3453,"items_purged":["Strike_G","Defend_G","Defend_G","Strike_G","Survivor","Unload+1"],"score":1595,"play_id":"6ed507e8-0334-4d87-be44-45d1de707aee","local_time":"20201218115855","is_ascension_mode":true,"campfire_choices":[{"data":"Infinite Blades","floor":7.0,"key":"SMITH"},{"data":"Noxious Fumes","floor":12.0,"key":"SMITH"},{"data":"Accuracy","floor":15.0,"key":"SMITH"},{"data":"Neutralize","floor":23.0,"key":"SMITH"},{"data":"Footwork","floor":28.0,"key":"SMITH"},{"data":"Footwork","floor":32,"key":"SMITH"},{"data":"After Image","floor":40,"key":"SMITH"},{"floor":42,"key":"RECALL"},{"data":"Footwork","floor":49,"key":"SMITH"},{"floor":52,"key":"REST"}],"circlet_count":0,"master_deck":["Neutralize+1","Deadly Poison+1","Infinite Blades+1","Backflip+1","Accuracy+1","Noxious Fumes+1","Blade Dance+1","Tactician+1","Cloak And Dagger+1","Adrenaline+1","Cloak And Dagger+1","Phantasmal Killer+1","Terror+1","Catalyst+1","Deflect+1","Backflip+1","Blur+1","Footwork+1","Footwork+1","Acrobatics+1","After Image+1","Deflect+1","Blur+1","PiercingWail+1","Backflip+1","Footwork+1","Discovery+1","Infinite Blades"],"relics":["WristBlade","SsserpentHead","Toxic Egg 2","Potion Belt","Akabeko","War Paint","Omamori","Paper Crane","Astrolabe","Meat on the Bone","Torii","Ancient Tea Set","Lee\u0027s Waffle","Happy Flower","Art of War","Empty Cage","FossilizedHelix","Vajra","White Beast Statue","TheAbacus","PreservedInsect","Kunai","OrangePellets","Pantograph"],"acts_visited":["Exordium","TheCity","TheBeyond","TheEnding"],"potions_floor_usage":[33,50,55,55,55,55],"damage_taken":[{"damage":0.0,"enemies":"Small Slimes","floor":1.0,"turns":4.0},{"damage":2.0,"enemies":"Cultist","floor":2.0,"turns":4.0},{"damage":1.0,"enemies":"Jaw Worm","floor":5.0,"turns":3.0},{"damage":28.0,"enemies":"Gremlin Nob","floor":6.0,"turns":5.0},{"damage":17.0,"enemies":"3 Sentries","floor":8.0,"turns":7.0},{"damage":12.0,"enemies":"3 Sentries","floor":11.0,"turns":5.0},{"damage":0.0,"enemies":"2 Fungi Beasts","floor":14.0,"turns":3.0},{"damage":5.0,"enemies":"Hexaghost","floor":16.0,"turns":6.0},{"damage":0.0,"enemies":"Spheric Guardian","floor":18.0,"turns":3.0},{"damage":3.0,"enemies":"2 Thieves","floor":20.0,"turns":3.0},{"damage":23.0,"enemies":"Centurion and Healer","floor":21.0,"turns":3.0},{"damage":0.0,"enemies":"Snake Plant","floor":24.0,"turns":2.0},{"damage":0,"enemies":"Sentry and Sphere","floor":30,"turns":2},{"damage":0,"enemies":"Automaton","floor":33,"turns":6},{"damage":1,"enemies":"Orb Walker","floor":35,"turns":2},{"damage":19,"enemies":"3 Darklings","floor":38,"turns":4},{"damage":0,"enemies":"Jaw Worm Horde","floor":44,"turns":3},{"damage":0,"enemies":"Spire Growth","floor":45,"turns":4},{"damage":1,"enemies":"Awakened One","floor":50,"turns":11},{"damage":9,"enemies":"Shield and Spear","floor":54,"turns":5},{"damage":29,"enemies":"The Heart","floor":55,"turns":8}],"seed_played":"-8655040177025023149","potions_obtained":[{"floor":1.0,"key":"Ancient Potion"},{"floor":2.0,"key":"BlessingOfTheForge"},{"floor":14.0,"key":"Strength Potion"},{"floor":16.0,"key":"GamblersBrew"},{"floor":18.0,"key":"BlessingOfTheForge"},{"floor":24.0,"key":"LiquidMemories"},{"floor":38,"key":"FairyPotion"},{"floor":44,"key":"Dexterity Potion"},{"floor":45,"key":"AttackPotion"},{"floor":54,"key":"Energy Potion"}],"is_trial":false,"path_per_floor":["M","M","?","$","M","E","R","E","T","?","?","R","?","M","R","B",null,"M","?","M","M","$","R","M","$","T","?","R","$","M","?","R","B",null,"M","?","T","M","?","R","$","R","T","M","M","$","?","?","R","B",null,"R","$","E","B",null],"character_chosen":"THE_SILENT","items_purchased":["Infinite Blades","Toxic Egg 2","Backflip+1","Footwork","Meat on the Bone","Footwork","Lee\u0027s Waffle","Happy Flower","Art of War","Vajra","PiercingWail+1","White Beast Statue","TheAbacus","PreservedInsect","Kunai","Footwork","Infinite Blades","OrangePellets"],"campfire_rested":1,"item_purchase_floors":[4,4,4,25,25,29,29,29,29,41,41,41,41,46,46,46,53,53],"current_hp_per_floor":[63,61,61,61,60,32,32,15,15,48,58,58,44,44,44,39,62,62,62,59,36,36,36,36,36,36,36,36,77,77,77,77,77,77,76,76,76,57,57,57,57,57,57,57,57,57,57,57,57,56,69,73,73,64,44],"gold":48,"neow_bonus":"BOSS_RELIC","is_daily":false,"chose_seed":false,"campfire_upgraded":8,"win_rate":0.0,"timestamp":1608263935,"path_taken":["M","M","?","$","?","E","R","E","T","?","?","R","?","M","R","BOSS","M","?","M","M","$","R","M","$","T","?","R","$","M","?","R","BOSS","M","?","?","?","?","R","$","R","T","M","M","$","?","?","R","BOSS","R","$","E","BOSS"],"items_purchased_type":["Card","Relic","Card","Card","Relic","Card","Relic","Relic","Relic","Relic","Card","Relic","Relic","Relic","Relic","Card","Card","Relic"],"build_version":"2020-12-13","purchased_purges":6,"victory":true,"max_hp_per_floor":[70,70,70,70,70,70,70,70,70,70,70,70,70,70,70,70,70,70,70,70,70,70,70,70,70,70,70,70,77,77,77,77,77,77,77,77,77,77,77,77,77,77,77,77,77,77,73,73,73,73,73,73,73,73,73],"relic_stats":{"Lee\u0027s Waffle":41,"Torii":34,"Happy Flower":[15],"counters":[21,93],"Astrolabe":["Unload","Cloak And Dagger","Phantasmal Killer"],"PreservedInsect":77,"War Paint":["Defend_G","Defend_G"],"SsserpentHead":650,"OrangePellets":[3],"TheAbacus":[36],"Pantograph":9,"Art of War":[1],"Kunai":[21],"obtain_stats":[{"Torii":26,"Vajra":41,"Ancient Tea Set":27,"Empty Cage":34,"SsserpentHead":3,"TheAbacus":41,"WristBlade":0,"Pantograph":54,"Kunai":46,"Toxic Egg 2":4,"Ring of the Snake":0,"Potion Belt":6,"Lee\u0027s Waffle":29,"Happy Flower":29,"Astrolabe":17,"PreservedInsect":46,"Omamori":10,"War Paint":9,"Paper Crane":11,"Akabeko":8,"White Beast Statue":41,"OrangePellets":53,"Art of War":29,"FossilizedHelix":37,"Meat on the Bone":25},{"Torii":12,"Vajra":16,"Ancient Tea Set":12,"Empty Cage":14,"SsserpentHead":2,"TheAbacus":16,"WristBlade":0,"Pantograph":20,"Kunai":18,"Toxic Egg 2":2,"Ring of the Snake":0,"Potion Belt":4,"Lee\u0027s Waffle":12,"Happy Flower":12,"Astrolabe":8,"PreservedInsect":18,"Omamori":5,"War Paint":5,"Paper Crane":5,"Akabeko":5,"White Beast Statue":16,"OrangePellets":19,"Art of War":12,"FossilizedHelix":15,"Meat on the Bone":12},{"Torii":48,"Vajra":62,"Ancient Tea Set":48,"Empty Cage":56,"SsserpentHead":8,"TheAbacus":62,"WristBlade":0,"Pantograph":85,"Kunai":69,"Toxic Egg 2":8,"Ring of the Snake":0,"Potion Belt":16,"Lee\u0027s Waffle":48,"Happy Flower":48,"Astrolabe":37,"PreservedInsect":69,"Omamori":23,"War Paint":23,"Paper Crane":23,"Akabeko":23,"White Beast Statue":62,"OrangePellets":80,"Art of War":48,"FossilizedHelix":58,"Meat on the Bone":48}],"Meat on the Bone":0},"card_choices":[{"not_picked":["Quick Slash","Reflex"],"picked":"Deadly Poison","floor":1.0},{"not_picked":["Riddle With Holes","Flechettes","Poisoned Stab"],"picked":"SKIP","floor":2.0},{"not_picked":["Blade Dance+1","Sucker Punch"],"picked":"Accuracy","floor":5.0},{"not_picked":["Quick Slash","Phantasmal Killer+1"],"picked":"Noxious Fumes","floor":6.0},{"not_picked":["All Out Attack","Skewer"],"picked":"Blade Dance+1","floor":8.0},{"not_picked":["Deflect+1","Masterful Stab"],"picked":"Tactician+1","floor":11.0},{"not_picked":["Sucker Punch","Deflect+1"],"picked":"Cloak And Dagger+1","floor":14.0},{"not_picked":["Night Terror+1","Unload"],"picked":"Adrenaline+1","floor":16.0},{"not_picked":["Poisoned Stab","Dagger Spray+1"],"picked":"Terror+1","floor":18.0},{"not_picked":["Quick Slash","Prepared+1"],"picked":"Deflect+1","floor":20.0},{"not_picked":["Underhanded Strike+1","Tactician+1"],"picked":"Backflip+1","floor":21.0},{"not_picked":["Sucker Punch+1","Dash"],"picked":"Blur+1","floor":24.0},{"not_picked":["Bouncing Flask+1","Prepared+1"],"picked":"Acrobatics+1","floor":30},{"not_picked":["Doppelganger+1","Tools of the Trade"],"picked":"After Image","floor":33},{"not_picked":["Slice+1","Quick Slash"],"picked":"Deflect+1","floor":35},{"not_picked":["Outmaneuver+1","Cloak And Dagger+1"],"picked":"Blur+1","floor":38},{"not_picked":["Prepared+1","Poisoned Stab"],"picked":"Backflip+1","floor":44},{"not_picked":["Catalyst+1","Outmaneuver+1","Dash+1"],"picked":"SKIP","floor":45},{"not_picked":["Bandage Up+1","The Bomb+1"],"picked":"Discovery+1","floor":48},{"not_picked":["Riddle With Holes+1","Concentrate+1","Deflect+1"],"picked":"SKIP","floor":54}],"player_experience":265482,"relics_obtained":[{"floor":6.0,"key":"Potion Belt"},{"floor":8.0,"key":"Akabeko"},{"floor":9.0,"key":"War Paint"},{"floor":26.0,"key":"Torii"},{"floor":37,"key":"FossilizedHelix"},{"floor":54,"key":"Pantograph"}],"event_choices":[{"damage_healed":0.0,"max_hp_gain":0.0,"max_hp_loss":0.0,"gold_gain":0.0,"event_name":"FaceTrader","player_choice":"Trade","floor":3.0,"gold_loss":0.0,"damage_taken":0.0,"relics_obtained":["SsserpentHead"]},{"damage_healed":0.0,"max_hp_gain":0.0,"max_hp_loss":0.0,"gold_gain":0.0,"event_name":"Scrap Ooze","player_choice":"Success","floor":10.0,"gold_loss":0.0,"damage_taken":25.0,"relics_obtained":["Omamori"]},{"damage_healed":0.0,"max_hp_gain":0.0,"max_hp_loss":0.0,"gold_gain":30.0,"event_name":"Dead Adventurer","player_choice":"Searched \u00273\u0027 times","floor":11.0,"gold_loss":0.0,"damage_taken":0.0,"relics_obtained":["Paper Crane"]},{"damage_healed":0.0,"max_hp_gain":0.0,"max_hp_loss":0.0,"gold_gain":0.0,"event_name":"Shining Light","player_choice":"Entered Light","floor":13.0,"gold_loss":0.0,"damage_taken":14.0,"cards_upgraded":["Deadly Poison","Strike_G"]},{"damage_healed":0.0,"max_hp_gain":0.0,"max_hp_loss":0.0,"gold_gain":0.0,"event_name":"The Library","player_choice":"Read","floor":19.0,"gold_loss":0.0,"damage_taken":0.0,"cards_obtained":["Catalyst"]},{"damage_healed":0.0,"max_hp_gain":0.0,"max_hp_loss":0.0,"gold_gain":0.0,"event_name":"Addict","player_choice":"Obtained Relic","floor":27.0,"gold_loss":85.0,"damage_taken":0.0,"relics_obtained":["Ancient Tea Set"]},{"cards_removed":["Defend_G"],"damage_healed":0,"gold_gain":0,"player_choice":"Elegance","damage_taken":0,"max_hp_gain":0,"max_hp_loss":0,"event_name":"Back to Basics","floor":31,"gold_loss":0},{"damage_healed":0,"gold_gain":999,"player_choice":"Gold","damage_taken":0,"max_hp_gain":0,"max_hp_loss":0,"event_name":"MindBloom","floor":36,"gold_loss":0,"cards_obtained":["Normality","Normality"]},{"damage_healed":0,"gold_gain":0,"player_choice":"Ignored","damage_taken":0,"max_hp_gain":0,"max_hp_loss":0,"event_name":"Tomb of Lord Red Mask","floor":39,"gold_loss":0},{"damage_healed":0,"gold_gain":0,"player_choice":"Max HP","damage_taken":0,"max_hp_gain":0,"max_hp_loss":4,"event_name":"Winding Halls","floor":47,"gold_loss":0},{"damage_healed":0,"gold_gain":0,"player_choice":"Memory 1","damage_taken":0,"max_hp_gain":0,"max_hp_loss":0,"event_name":"SensoryStone","floor":48,"gold_loss":0}],"is_beta":false,"boss_relics":[{"not_picked":["Coffee Dripper","Sozu"],"picked":"Astrolabe"},{"not_picked":["Velvet Choker","SacredBark"],"picked":"Empty Cage"}],"items_purged_floors":[4,22,25,29,41,46],"is_endless":false,"potions_floor_spawned":[1,2,14,16,18,24,38,44,45,54],"ascension_level":9}}