{"host":"aj7el8l5kufbk20z","time":1608275394,"event":{"mods":["AchievementEnabler","BaseMod","Colored Map","Colored Powertips","Curses Come First","Highlight Path","Minty Spire (QoL Compilation)","Quick Restart","Rare Cards Sparkle","Relic Stats","StSLib","SuperFastMode"],"gold_per_floor":[111,1230,1230,854,873,873,900,914,996,996,1299,1312,1312,1330,1330,1429,1429,1448,1465,1375,1385,1401,1401,1428,796,823,823,842,842,842,853,853,958,958,973,990,536,556,556,556,583,602,627,643,659,185,235,269,269,269],"floor_reached":51,"playtime":3550,"items_purged":["Strike_R","Strike_R","Strike_R","Regret","Injury"],"score":934,"play_id":"97967cb0-906d-4682-8753-56ca89dc08fd","local_time":"20201218150954","is_ascension_mode":true,"campfire_choices":[{"data":"Entrench","floor":6,"key":"SMITH"},{"data":"Entrench","floor":10,"key":"SMITH"},{"data":"Juggernaut","floor":15,"key":"SMITH"},{"data":"Barricade","floor":23,"key":"SMITH"},{"data":"Metallicize","floor":27,"key":"SMITH"},{"data":"Entrench","floor":30,"key":"SMITH"},{"data":"Rampage","floor":32,"key":"SMITH"},{"data":"Juggernaut","floor":40,"key":"SMITH"},{"data":"Metallicize","floor":49,"key":"SMITH"}],"circlet_count":0,"master_deck":["Strike_R","Defend_R","Defend_R","Defend_R+1","Defend_R+1","Bash+1","Entrench+1","Entrench+1","Shockwave","Headbutt","Juggernaut+1","Metallicize+1","Rampage+1","Barricade+1","Entrench+1","Warcry","True Grit","Juggernaut+1","CurseOfTheBell","Metallicize+1","Juggernaut+1","Body Slam+1","Metallicize+1","Body Slam+1"],"relics":["Burning Blood","NeowsBlessing","PreservedInsect","Anchor","Ice Cream","HornCleat","Toolbox","Lantern","Dream Catcher","Cursed Key","Akabeko","Pear","Shuriken","Vajra","Letter Opener","Calling Bell","Red Skull","Molten Egg 2","Gambling Chip","Centennial Puzzle","Toy Ornithopter","Bag of Marbles","Orichalcum","Potion Belt","Medical Kit","Unceasing Top","Pen Nib"],"acts_visited":["Exordium","TheCity","TheBeyond"],"potions_floor_usage":[7,16,50,50],"damage_taken":[{"damage":0,"enemies":"Cultist","floor":1,"turns":1},{"damage":0,"enemies":"2 Louse","floor":2,"turns":1},{"damage":0,"enemies":"Small Slimes","floor":5,"turns":1},{"damage":30,"enemies":"Gremlin Nob","floor":7,"turns":5},{"damage":33,"enemies":"Exordium Thugs","floor":8,"turns":8},{"damage":0,"enemies":"2 Fungi Beasts","floor":12,"turns":5},{"damage":0,"enemies":"Red Slaver","floor":14,"turns":3},{"damage":9,"enemies":"Hexaghost","floor":16,"turns":8},{"damage":19,"enemies":"Chosen","floor":18,"turns":5},{"damage":2,"enemies":"2 Thieves","floor":19,"turns":5},{"damage":13,"enemies":"3 Cultists","floor":21,"turns":4},{"damage":10,"enemies":"Shelled Parasite and Fungi","floor":22,"turns":5},{"damage":12,"enemies":"Book of Stabbing","floor":24,"turns":5},{"damage":5,"enemies":"Cultist and Chosen","floor":28,"turns":7},{"damage":16,"enemies":"Centurion and Healer","floor":31,"turns":7},{"damage":3,"enemies":"Champ","floor":33,"turns":12},{"damage":26,"enemies":"3 Darklings","floor":35,"turns":6},{"damage":0,"enemies":"Orb Walker","floor":36,"turns":4},{"damage":0,"enemies":"Spire Growth","floor":38,"turns":5},{"damage":1,"enemies":"Reptomancer","floor":41,"turns":5},{"damage":0,"enemies":"4 Shapes","floor":42,"turns":5},{"damage":0,"enemies":"3 Darklings","floor":44,"turns":5},{"damage":12,"enemies":"Sphere and 2 Shapes","floor":45,"turns":4},{"damage":0,"enemies":"Mind Bloom Boss Battle","floor":47,"turns":2},{"damage":0,"enemies":"Giant Head","floor":48,"turns":6},{"damage":28,"enemies":"Time Eater","floor":50,"turns":8}],"seed_played":"3846616686867904204","potions_obtained":[{"floor":1,"key":"GamblersBrew"},{"floor":2,"key":"Fire Potion"},{"floor":5,"key":"SpeedPotion"},{"floor":24,"key":"BloodPotion"},{"floor":28,"key":"Block Potion"},{"floor":33,"key":"LiquidBronze"},{"floor":38,"key":"SkillPotion"}],"is_trial":false,"path_per_floor":["M","M","?","$","M","R","E","M","T","R","$","M","?","M","R","B",null,"M","M","?","M","M","R","E","$","T","R","M","?","R","M","R","B",null,"M","M","$","M","?","R","E","M","T","M","M","$","?","E","R","B",null],"character_chosen":"IRONCLAD","items_purchased":["PreservedInsect","Anchor","Juggernaut","Toolbox","Lantern","Dream Catcher","Pear","Shuriken","Centennial Puzzle","Toy Ornithopter","Potion Belt","Medical Kit"],"campfire_rested":0,"item_purchase_floors":[4,4,11,11,11,11,25,25,37,37,46,46],"current_hp_per_floor":[80,80,80,80,80,80,56,29,29,29,29,35,19,25,25,22,80,67,71,71,64,60,60,54,64,64,64,65,65,65,55,55,58,90,70,76,76,82,82,82,87,90,90,90,84,84,90,90,90,78],"gold":269,"neow_bonus":"THREE_ENEMY_KILL","is_daily":false,"chose_seed":false,"campfire_upgraded":9,"win_rate":0.0,"timestamp":1608275394,"path_taken":["M","?","?","$","?","R","E","M","T","R","$","M","?","M","R","BOSS","M","M","?","?","M","R","E","$","T","R","M","?","R","M","R","BOSS","M","M","$","M","?","R","E","M","T","M","?","$","?","E","R","BOSS"],"items_purchased_type":["Relic","Relic","Card","Relic","Relic","Relic","Relic","Relic","Relic","Relic","Relic","Relic"],"build_version":"2020-12-13","purchased_purges":5,"victory":true,"max_hp_per_floor":[80,80,80,80,80,80,80,80,80,80,80,80,80,80,80,80,80,80,80,80,80,80,80,80,90,90,90,90,90,90,90,90,90,90,90,90,90,90,90,90,90,90,90,90,90,90,90,90,90,90],"relic_stats":{"counters":[26,132],"PreservedInsect":244,"Pen Nib":[1],"Letter Opener":[167],"Orichalcum":[12],"Cursed Key":2,"Medical Kit":[0],"Burning Blood":123,"Dream Catcher":0,"Centennial Puzzle":[9],"Shuriken":[2],"Gambling Chip":[25],"obtain_stats":[{"Ice Cream":7,"Lantern":11,"Vajra":26,"Cursed Key":17,"Burning Blood":0,"Dream Catcher":11,"Centennial Puzzle":37,"HornCleat":9,"Gambling Chip":34,"Toolbox":11,"Red Skull":34,"Potion Belt":46,"Pear":25,"NeowsBlessing":0,"PreservedInsect":4,"Pen Nib":48,"Letter Opener":29,"Orichalcum":43,"Medical Kit":46,"Akabeko":24,"Calling Bell":34,"Anchor":4,"Shuriken":25,"Molten Egg 2":34,"Bag of Marbles":41,"Toy Ornithopter":37,"Unceasing Top":47},{"Ice Cream":4,"Lantern":5,"Vajra":13,"Cursed Key":8,"Burning Blood":0,"Dream Catcher":5,"Centennial Puzzle":18,"HornCleat":5,"Gambling Chip":16,"Toolbox":5,"Red Skull":16,"Potion Belt":23,"Pear":13,"NeowsBlessing":0,"PreservedInsect":2,"Pen Nib":25,"Letter Opener":14,"Orichalcum":21,"Medical Kit":23,"Akabeko":13,"Calling Bell":16,"Anchor":2,"Shuriken":13,"Molten Egg 2":16,"Bag of Marbles":20,"Toy Ornithopter":18,"Unceasing Top":24},{"Ice Cream":8,"Lantern":16,"Vajra":56,"Cursed Key":32,"Burning Blood":0,"Dream Catcher":16,"Centennial Puzzle":92,"HornCleat":16,"Gambling Chip":82,"Toolbox":16,"Red Skull":82,"Potion Belt":116,"Pear":56,"NeowsBlessing":0,"PreservedInsect":2,"Pen Nib":124,"Letter Opener":63,"Orichalcum":107,"Medical Kit":116,"Akabeko":56,"Calling Bell":82,"Anchor":2,"Shuriken":56,"Molten Egg 2":82,"Bag of Marbles":102,"Toy Ornithopter":92,"Unceasing Top":118}],"Toy Ornithopter":10,"Unceasing Top":[3]},"card_choices":[{"not_picked":["Blood for Blood","Flex"],"picked":"Entrench","floor":1},{"not_picked":["Pommel Strike","Warcry"],"picked":"Entrench","floor":2},{"not_picked":["Pommel Strike","Havoc"],"picked":"Shockwave","floor":5},{"not_picked":["Havoc","Thunderclap"],"picked":"Headbutt","floor":7},{"not_picked":["Anger","Pummel","Wild Strike"],"picked":"SKIP","floor":8},{"not_picked":["Intimidate","Warcry"],"picked":"Metallicize","floor":12},{"not_picked":["Uppercut","Thunderclap"],"picked":"Rampage","floor":14},{"not_picked":["Exhume","Bludgeon"],"picked":"Barricade","floor":16},{"not_picked":["Searing Blow","Sword Boomerang","Havoc"],"picked":"SKIP","floor":18},{"not_picked":["Clash+1","Searing Blow","Evolve+1"],"picked":"SKIP","floor":19},{"not_picked":["Rupture","Perfected Strike"],"picked":"Entrench","floor":21},{"not_picked":["Headbutt+1","Infernal Blade"],"picked":"Warcry","floor":22},{"not_picked":["Carnage","Clash","Reaper"],"picked":"SKIP","floor":24},{"not_picked":["Headbutt","Dual Wield","Carnage"],"picked":"SKIP","floor":28},{"not_picked":["Wild Strike","Ghostly Armor"],"picked":"True Grit","floor":31},{"not_picked":["Barricade","Bludgeon"],"picked":"Juggernaut","floor":33},{"not_picked":["Dual Wield","Heavy Blade+1","Intimidate+1"],"picked":"SKIP","floor":35},{"not_picked":["Warcry","Clash+1"],"picked":"Metallicize+1","floor":36},{"not_picked":["True Grit","Iron Wave+1","Clash+1"],"picked":"SKIP","floor":38},{"not_picked":["Metallicize","Iron Wave+1"],"picked":"Body Slam+1","floor":41},{"not_picked":["Twin Strike+1","Carnage+1","Seeing Red+1"],"picked":"SKIP","floor":42},{"not_picked":["Flame Barrier+1","Battle Trance"],"picked":"Metallicize","floor":44},{"not_picked":["Twin Strike+1","Infernal Blade","Brutality"],"picked":"SKIP","floor":45},{"not_picked":["Carnage+1","Pommel Strike+1"],"picked":"Body Slam+1","floor":47},{"not_picked":["Sword Boomerang+1","Bloodletting+1","Flex"],"picked":"SKIP","floor":48}],"player_experience":273099,"relics_obtained":[{"floor":7,"key":"Ice Cream"},{"floor":9,"key":"HornCleat"},{"floor":24,"key":"Akabeko"},{"floor":26,"key":"Vajra"},{"floor":34,"key":"Red Skull"},{"floor":34,"key":"Molten Egg 2"},{"floor":34,"key":"Gambling Chip"},{"floor":41,"key":"Bag of Marbles"},{"floor":43,"key":"Orichalcum"},{"floor":47,"key":"Unceasing Top"},{"floor":48,"key":"Pen Nib"}],"event_choices":[{"damage_healed":0,"gold_gain":0,"player_choice":"Bought 0 Potions","damage_taken":0,"max_hp_gain":0,"max_hp_loss":0,"event_name":"The Woman in Blue","floor":3,"gold_loss":0},{"damage_healed":0,"gold_gain":0,"player_choice":"Entered Light","damage_taken":16,"max_hp_gain":0,"max_hp_loss":0,"event_name":"Shining Light","floor":13,"gold_loss":0,"cards_upgraded":["Bash","Defend_R"]},{"cards_removed":["Strike_R"],"damage_healed":0,"gold_gain":0,"player_choice":"Upgrade and Remove","damage_taken":0,"max_hp_gain":0,"max_hp_loss":0,"event_name":"Designer","floor":20,"gold_loss":90,"cards_upgraded":["Defend_R"]},{"damage_healed":0,"gold_gain":0,"player_choice":"Opened","damage_taken":0,"relics_obtained":["Letter Opener"],"max_hp_gain":0,"max_hp_loss":0,"event_name":"The Mausoleum","floor":29,"gold_loss":0},{"damage_healed":0,"gold_gain":0,"player_choice":"Copied","damage_taken":0,"max_hp_gain":0,"max_hp_loss":0,"event_name":"Duplicator","floor":39,"gold_loss":0,"cards_obtained":["Juggernaut"]},{"damage_healed":0,"gold_gain":0,"player_choice":"Fight","damage_taken":0,"max_hp_gain":0,"max_hp_loss":0,"event_name":"MindBloom","floor":47,"gold_loss":0}],"is_beta":false,"boss_relics":[{"not_picked":["Mark of Pain","Fusion Hammer"],"picked":"Cursed Key"},{"not_picked":["Philosopher\u0027s Stone","Sozu"],"picked":"Calling Bell"}],"items_purged_floors":[4,11,25,37,46],"is_endless":false,"potions_floor_spawned":[1,2,5,24,28,33,35,38,41,44,45],"ascension_level":2}}