{"host":"vqd8yewason9t24a","time":1608262633,"event":{"mods":["AchievementEnabler","Act Like it!","Aspiration","BaseMod","Better Match","Better Note","BetterRewards","Block Reminder","Card Forge","Colored Map","Colored Powertips","Conspire","DeckTracker","Downfall","Energized Spire","Friendly Minions","Highlight Path","Hubris","Infinite Spire","Minty Spire (QoL Compilation)","Quick Restart","READ ME - Guardian Mod","Rare Cards Sparkle","Relic Stats","Replay The Spire","Spikes Relics","StSLib","SuperFastMode"],"gold_per_floor":[199,199,199,232,245,256,256,106,120,145,161,67,82,82,96,194,194,282,296,310,147,288,303,303,338,338,338,351,371,383,383,395,496,496,496,513,532,532,199,209,235,252,252,278,293,332,366,384,413,415],"floor_reached":51,"playtime":6328,"items_purged":[],"score":467,"play_id":"00a04b6c-228e-41e6-bbf1-9d184ea3ef1d","local_time":"20201217193713","is_ascension_mode":false,"campfire_choices":[{"floor":1,"key":"RECALL"},{"floor":8,"key":"REST"},{"data":"hubris:InfiniteBlow+6","floor":27,"key":"SMITH"},{"data":"hubris:InfiniteBlow+8","floor":35,"key":"SMITH"},{"data":"hubris:InfiniteBlow+12","floor":43,"key":"SMITH"}],"circlet_count":0,"master_deck":["Slimebound:Strike_Slimebound+1","Slimebound:Strike_Slimebound+1","Slimebound:Strike_Slimebound+1","Slimebound:Tackle+1","Slimebound:Defend_Slimebound+1","Slimebound:Defend_Slimebound+1","Slimebound:Defend_Slimebound+1","Slimebound:Defend_Slimebound+1","Slimebound:Split+1","Slimebound:CorrosiveSpit+1","ReplayTheSpireMod:Book of Names+1","Slimebound:LeechLife+1","Slimebound:GrowthPunch+1","Slimebound:FinishingTackle+1","Slimebound:SamplingLick+1","Slimebound:DouseInSlime+1","Slimebound:GoopSpray+1","Slimebound:GrowthPunch+1","Slimebound:RejuvenatingLick+1","Slimebound:ItLooksTasty+1","hubris:InfiniteBlow+14","Slimebound:Dissolve+1","Slimebound:OneTwoCombo+1","Slimebound:Repurpose+1","Slimebound:SplitSpecialist+1","Slimebound:ComboTackle+1","Slimebound:MegaLick+1","Slimebound:ComboTackle+1","Slimebound:SlimeSpikes+1","Slimebound:OozeBath+1","Slimebound:LeechingTouch+1","Slimebound:GrowthPunch+1","Slimebound:SplitMire+1","Slimebound:SamplingLick+1","Slimebound:SplitAcid+1","Slimebound:SpikyOuterGoop+1","Slimebound:TongueLash+1","Slimebound:LeechLife+1","Slimebound:SlimeBrawl+1","Slimebound:Schlurp+1","Slimebound:SlimeBarrage+1","Slimebound:LivingWall+1","Slimebound:HauntingLick+1","Slimebound:SplitLeeching+1","Slimebound:DivideAndConquer","Slimebound:DivideAndConquer+1","Slimebound:LeechEnergy"],"relics":["Slimebound:AbsorbEndCombat","Hammer of Thor","Seething Fire","Anvil of the Gods","Boot","downfall:HeartBlessingRed","downfall:HeartBlessingBlue","MealTicket","hubris:SlimyHat","SlaversCollar","BlackRope","ReplayTheSpireMod:CursedCoin","ReplayFunnel","Tiny Chest","Black Star","HornCleat","Toy Ornithopter","Bronze Scales","Replay:Bandana","Kunai"],"acts_visited":["TheCity","TheBeyond"],"potions_floor_usage":[],"damage_taken":[{"damage":21,"enemies":"Lagavulin","floor":4,"turns":4},{"damage":8,"enemies":"2 Louse","floor":5,"turns":2},{"damage":14,"enemies":"Small Slimes","floor":6,"turns":2},{"damage":0,"enemies":"Cultist","floor":9,"turns":2},{"damage":20,"enemies":"Gremlin Nob","floor":10,"turns":3},{"damage":8,"enemies":"Red Slaver","floor":11,"turns":2},{"damage":18,"enemies":"downfall:FleeingMerchant","floor":12,"turns":4},{"damage":10,"enemies":"3 Louse","floor":13,"turns":2},{"damage":19,"enemies":"Lots of Slimes","floor":15,"turns":4},{"damage":0,"enemies":"downfall:CharBossWatcher","floor":16,"turns":1},{"damage":8,"enemies":"Spheric Guardian","floor":19,"turns":3},{"damage":8,"enemies":"Chosen","floor":20,"turns":4},{"damage":12,"enemies":"downfall:FleeingMerchant","floor":21,"turns":4},{"damage":17,"enemies":"downfall:FleeingMerchant","floor":22,"turns":3},{"damage":18,"enemies":"Snecko","floor":23,"turns":4},{"damage":7,"enemies":"Gremlin Leader","floor":25,"turns":3},{"damage":15,"enemies":"Snake Plant","floor":28,"turns":2},{"damage":8,"enemies":"Cultist and Chosen","floor":29,"turns":4},{"damage":18,"enemies":"Centurion and Healer","floor":30,"turns":4},{"damage":22,"enemies":"Snake Plant","floor":32,"turns":3},{"damage":0,"enemies":"downfall:CharBossIronclad","floor":33,"turns":1},{"damage":8,"enemies":"3 Shapes","floor":36,"turns":3},{"damage":3,"enemies":"Orb Walker","floor":37,"turns":2},{"damage":28,"enemies":"Transient","floor":40,"turns":5},{"damage":15,"enemies":"Jaw Worm Horde","floor":42,"turns":4},{"damage":32,"enemies":"Giant Head","floor":44,"turns":7},{"damage":12,"enemies":"Writhing Mass","floor":45,"turns":2},{"damage":28,"enemies":"3 Darklings","floor":46,"turns":4},{"damage":4,"enemies":"conspire:MimicChest","floor":47,"turns":2},{"damage":25,"enemies":"Spire Growth","floor":48,"turns":4},{"damage":37,"enemies":"4 Shapes","floor":49,"turns":6},{"damage":8,"enemies":"downfall:CharBossDefect","floor":50,"turns":1}],"seed_played":"2750369416917109462","potions_obtained":[{"floor":3,"key":"PowerPotion"},{"floor":3,"key":"PowerPotion"},{"floor":3,"key":"LiquidMemories"},{"floor":4,"key":"Doom Potion"},{"floor":6,"key":"Slimebound:SlimedPotion"}],"is_trial":false,"path_per_floor":["R","?","?","E","M","M","T","R","M","E","M","$","M","AVR","M","B",null,"R_BF","M","M","$","$","M","T","E","?","R","M","M","M","?","M","B",null,"R_BF","M","M","T","?","M","T","M","R","E","M","M","?","M","M","B",null],"character_chosen":"SLIMEBOUND","items_purchased":["Slimebound:RejuvenatingLick","Slimebound:MegaLick","Slimebound:ComboTackle","Slimebound:SlimeSpikes","BlackRope","Slimebound:LeechingTouch","ReplayTheSpireMod:CursedCoin"],"campfire_rested":1,"item_purchase_floors":[12,21,21,21,22,22,22],"current_hp_per_floor":[60,60,60,58,60,58,58,70,70,66,70,68,68,68,70,70,70,70,70,70,70,63,70,70,70,70,70,62,70,70,70,60,64,70,70,70,70,70,79,79,79,79,79,75,71,73,77,70,75,75],"gold":415,"neow_bonus":"HUNDRED_GOLD","is_daily":false,"chose_seed":false,"campfire_upgraded":3,"win_rate":0.0,"timestamp":1608262633,"path_taken":["R","?","?","E","M","?","T","R","M","E","M","?","M","AVR","M","BOSS","R_BF","M","M","?","$","M","T","E","?","R","?","M","M","?","M","BOSS","R_BF","M","M","?","?","M","T","M","R","E","M","M","?","?","M","BOSS"],"items_purchased_type":["Card","Card","Card","Card","Relic","Card","Relic"],"build_version":"2020-12-13","purchased_purges":0,"victory":true,"max_hp_per_floor":[60,60,60,60,60,60,60,70,70,70,70,70,70,70,70,70,70,70,70,70,70,70,70,70,70,70,70,70,70,70,70,70,70,70,70,70,70,70,79,79,79,79,79,79,79,79,79,79,79,79],"relic_stats":{"counters":[32,99],"Bronze Scales":[42],"MealTicket":0,"Tiny Chest":1,"Black Star":1,"Kunai":[1],"Boot":[6],"obtain_stats":[{"ReplayFunnel":24,"downfall:HeartBlessingRed":8,"ReplayTheSpireMod:CursedCoin":22,"Hammer of Thor":0,"hubris:SlimyHat":14,"Seething Fire":0,"BlackRope":22,"Boot":4,"SlaversCollar":17,"Replay:Bandana":44,"HornCleat":38,"Anvil of the Gods":0,"downfall:HeartBlessingBlue":8,"Bronze Scales":44,"MealTicket":10,"Tiny Chest":25,"Slimebound:AbsorbEndCombat":0,"Black Star":34,"Kunai":47,"Toy Ornithopter":41},{"ReplayFunnel":15,"downfall:HeartBlessingRed":3,"ReplayTheSpireMod:CursedCoin":14,"Hammer of Thor":0,"hubris:SlimyHat":8,"Seething Fire":0,"BlackRope":14,"Boot":1,"SlaversCollar":10,"Replay:Bandana":26,"HornCleat":23,"Anvil of the Gods":0,"downfall:HeartBlessingBlue":3,"Bronze Scales":26,"MealTicket":5,"Tiny Chest":16,"Slimebound:AbsorbEndCombat":0,"Black Star":21,"Kunai":29,"Toy Ornithopter":24},{"ReplayFunnel":42,"downfall:HeartBlessingRed":7,"ReplayTheSpireMod:CursedCoin":38,"Hammer of Thor":0,"hubris:SlimyHat":20,"Seething Fire":0,"BlackRope":38,"Boot":3,"SlaversCollar":25,"Replay:Bandana":80,"HornCleat":64,"Anvil of the Gods":0,"downfall:HeartBlessingBlue":7,"Bronze Scales":80,"MealTicket":12,"Tiny Chest":45,"Slimebound:AbsorbEndCombat":0,"Black Star":59,"Kunai":88,"Toy Ornithopter":69}],"Toy Ornithopter":0},"card_choices":[{"not_picked":["infinitespire:Starlight","Replay:Fractal Strike"],"picked":"ReplayTheSpireMod:Book of Names","floor":2},{"not_picked":["Slimebound:SlimeSpikes","Slimebound:ViciousTackle"],"picked":"Slimebound:LeechLife","floor":4},{"not_picked":["Slimebound:LevelUp","Slimebound:Replication"],"picked":"Slimebound:GrowthPunch","floor":5},{"not_picked":["Slimebound:LeechEnergy","Slimebound:RollThrough"],"picked":"Slimebound:FinishingTackle","floor":6},{"not_picked":["Slimebound:RollThrough","Slimebound:Darklings"],"picked":"Slimebound:SamplingLick","floor":9},{"not_picked":["Slimebound:Nibble","Slimebound:PrepareCrush"],"picked":"Slimebound:DouseInSlime","floor":10},{"not_picked":["Slimebound:ComboTackle","Slimebound:GoopTackle"],"picked":"Slimebound:GoopSpray","floor":11},{"not_picked":["Slimebound:SlimeBarrage","Slimebound:SplitAcid"],"picked":"Slimebound:GrowthPunch","floor":12},{"not_picked":["Slimebound:ComboTackle","Slimebound:DivideAndConquer"],"picked":"Slimebound:ItLooksTasty","floor":13},{"not_picked":["Slimebound:FirmFortitude","Slimebound:ServeAndProtect"],"picked":"Slimebound:Dissolve","floor":15},{"not_picked":["Slimebound:Darklings","Slimebound:DuplicatedForm"],"picked":"Slimebound:OneTwoCombo","floor":16},{"not_picked":["Slimebound:ComboTackle","Slimebound:PressTheAttack"],"picked":"Slimebound:Repurpose+1","floor":19},{"not_picked":["Slimebound:FinishingTackle","Slimebound:GrowthPunch"],"picked":"Slimebound:SplitSpecialist","floor":20},{"not_picked":["Slimebound:ItLooksTasty","Slimebound:DisruptingSlam"],"picked":"Slimebound:ComboTackle","floor":21},{"not_picked":["Slimebound:ProtectTheBoss+1","Slimebound:FirmFortitude"],"picked":"Slimebound:OozeBath","floor":22},{"not_picked":["Slimebound:SlimeSpikes","Slimebound:Replication"],"picked":"Slimebound:GrowthPunch","floor":23},{"not_picked":["Slimebound:FinishingTackle","Slimebound:OneTwoCombo"],"picked":"Slimebound:SplitMire","floor":25},{"not_picked":["Slimebound:SlimeSpikes+1","Slimebound:MegaLick"],"picked":"Slimebound:SamplingLick","floor":28},{"not_picked":["Slimebound:Replication","Slimebound:SplitBruiser"],"picked":"Slimebound:SplitAcid+1","floor":29},{"not_picked":["Slimebound:GoopSpray","Slimebound:PressTheAttack"],"picked":"Slimebound:SpikyOuterGoop+1","floor":30},{"not_picked":["Slimebound:GrowthPunch+1","Slimebound:Chomp"],"picked":"Slimebound:TongueLash","floor":32},{"not_picked":["Slimebound:OneTwoCombo","Slimebound:DouseInSlime"],"picked":"Slimebound:LeechLife","floor":33},{"not_picked":["Slimebound:SlimeBarrage","Slimebound:ComboTackle+1"],"picked":"Slimebound:SlimeBrawl+1","floor":36},{"not_picked":["Slimebound:DivideAndConquer+1","Slimebound:ComboTackle"],"picked":"Slimebound:Schlurp+1","floor":37},{"not_picked":["Slimebound:ForwardTackle+1","Slimebound:SlimeSpikes"],"picked":"Slimebound:SlimeBarrage","floor":40},{"not_picked":["Slimebound:Gluttony","Slimebound:SplitMire+1"],"picked":"Slimebound:LivingWall+1","floor":42},{"not_picked":["Slimebound:SplitLeeching","Slimebound:SplitAcid"],"picked":"Slimebound:HauntingLick+1","floor":44},{"not_picked":["Slimebound:Nibble","Slimebound:FormOfPuddle"],"picked":"Slimebound:SplitLeeching+1","floor":45},{"not_picked":["Slimebound:SlimeSpikes+1","Slimebound:ItLooksTasty"],"picked":"Slimebound:DivideAndConquer","floor":46},{"not_picked":["Slimebound:Grow+1","Slimebound:SplitAcid"],"picked":"Slimebound:DivideAndConquer+1","floor":47},{"not_picked":["Slimebound:FlameTackle+1","Slimebound:GoopTackle+1"],"picked":"Slimebound:LeechEnergy","floor":48},{"not_picked":["Slimebound:Darklings","Slimebound:LeechingTouch","Slimebound:SplitMire"],"picked":"SKIP","floor":49}],"player_experience":514847,"relics_obtained":[{"floor":4,"key":"Boot"},{"floor":10,"key":"MealTicket"},{"floor":24,"key":"ReplayFunnel"},{"floor":25,"key":"Tiny Chest"},{"floor":38,"key":"HornCleat"},{"floor":41,"key":"Toy Ornithopter"},{"floor":44,"key":"Bronze Scales"},{"floor":44,"key":"Replay:Bandana"},{"floor":47,"key":"Kunai"}],"event_choices":[{"damage_healed":0,"gold_gain":0,"player_choice":"Got Potions","damage_taken":0,"max_hp_gain":0,"max_hp_loss":0,"event_name":"Lab","floor":3,"gold_loss":0},{"cards_removed":["Slimebound:GrowthPunch"],"damage_healed":0,"gold_gain":0,"player_choice":"Give","damage_taken":0,"max_hp_gain":0,"max_hp_loss":0,"event_name":"betterNote:BetterNote","floor":26,"gold_loss":0,"cards_obtained":["Slimebound:Tackle"]},{"damage_healed":0,"gold_gain":0,"player_choice":"Ignored","damage_taken":0,"max_hp_gain":0,"max_hp_loss":0,"event_name":"Duplicator","floor":31,"gold_loss":0}],"is_beta":false,"boss_relics":[{"not_picked":["energizedSpire:EnergizedDie","conspire:RoyalGoblet"],"picked":"SlaversCollar"},{"not_picked":["energizedSpire:OgreHead","aspiration:RitualDagger"],"picked":"Black Star"}],"items_purged_floors":[],"is_endless":false,"potions_floor_spawned":[4,6,10,13,15,23,25,28,33,36,42,48,49],"ascension_level":0}}