{"host":"pzxn1nb1tlmimivy","time":1608309624,"event":{"mods":["BaseMod","CapriCore","Infinite Spire","Lobotomy","LobotomyExtend","Minty Spire (QoL Compilation)","Quick Restart","Replay The Spire","StSLib","TestMod","The Immortal","TheWitcher"],"gold_per_floor":[115,115,40,54,104,137,169,181,193,205,292,317,329,341,353,462,474,502,529,134,134,134,134,134,134,153,165,236,246,266,291,291,304,304,304,304,304],"floor_reached":35,"playtime":1727,"items_purged":["Regret","MokouMod:Strike","MokouMod:Defend"],"score":277,"play_id":"6ec38019-f433-43e2-bda0-f5252f4eddd2","local_time":"20201219004024","is_ascension_mode":false,"campfire_choices":[{"data":"MokouMod:Fireball","floor":8,"key":"SMITH"},{"data":"MokouMod:SubterraneanCore","floor":10,"key":"SMITH"},{"data":"MokouMod:DanceofFlames","floor":13,"key":"SMITH"},{"floor":15,"key":"REST"},{"data":"MokouMod:Overheat","floor":25,"key":"SMITH"},{"data":"MokouMod:Refresh","floor":32,"key":"SMITH"},{"floor":34,"key":"DIG"}],"circlet_count":0,"master_deck":["MokouMod:Strike","MokouMod:Strike","MokouMod:Strike","MokouMod:Strike","MokouMod:Defend","MokouMod:Defend","MokouMod:Defend","MokouMod:HeatSpark","MokouMod:SubterraneanCore+1","MokouMod:Fireball+1","MokouMod:Overheat+1","MokouMod:DanceofFlames+1","MokouMod:ProfanedFlare","MokouMod:Singe+1","MokouMod:FujiyamaVolcano","MokouMod:Refresh+1","MokouMod:CrimsonArmoury+1","SnafuTest:PowerTrialOfGrasses"],"relics":["MokouMod:PhoenixFeather","testmod-TestBox","testmod-PortableAltar","testmod-CyclicPeriapt","LetterFromLob","Oddly Smooth Stone","MawBank","testmod-BlackFramedGlasses","testmod-HeartOfDaVinci","Black Star","OrangePellets","Bag of Preparation","infinitespire:FocusingShard","Replay:Bottled Flurry","Golden Egg","infinitespire:Bottled Soul","SnafuTest:AardRelic"],"acts_visited":["Exordium","TheCity"],"potions_floor_usage":[30,30],"damage_taken":[{"damage":10,"enemies":"Small Slimes","floor":1,"turns":4},{"damage":13,"enemies":"Jaw Worm","floor":4,"turns":6},{"damage":60,"enemies":"Lagavulin","floor":6,"turns":8},{"damage":14,"enemies":"2 Louse","floor":7,"turns":2},{"damage":0,"enemies":"Looter","floor":12,"turns":2},{"damage":18,"enemies":"Fading Forest","floor":16,"turns":11},{"damage":7,"enemies":"Spheric Guardian","floor":18,"turns":5},{"damage":45,"enemies":"3 Byrds","floor":19,"turns":6},{"damage":0,"enemies":"Cultist and Chosen","floor":26,"turns":5},{"damage":2,"enemies":"Snecko","floor":27,"turns":7},{"damage":16,"enemies":"Snake Plant","floor":29,"turns":3},{"damage":0,"enemies":"Shelled Parasite and Fungi","floor":30,"turns":3},{"damage":10,"enemies":"Nightmare","floor":31,"turns":4},{"damage":0,"enemies":"Centurion and Healer","floor":33,"turns":3},{"damage":34,"enemies":"Champ","floor":35,"turns":9}],"seed_played":"-2347351988304905971","potions_obtained":[{"floor":7,"key":"DuplicationPotion"},{"floor":16,"key":"Energy Potion"},{"floor":27,"key":"SkillPotion"},{"floor":30,"key":"Adrenaline Potion"},{"floor":33,"key":"Adrenaline Potion"}],"is_trial":false,"path_per_floor":["M","?","$","M","T","E","M","R","T","R","?","M","R","T","R","B",null,"M","M","$","PTL","PTL","?","AVR","R","M","M","T","M","M","NM","R","M","R","B"],"character_chosen":"MKU","items_purchased":["OrangePellets","Bag of Preparation"],"campfire_rested":1,"item_purchase_floors":[20,20],"current_hp_per_floor":[64,64,64,51,51,16,2,2,2,2,16,18,18,18,36,29,58,52,13,13,13,13,13,13,13,18,23,23,10,13,7,7,10,10,0,0,0],"gold":304,"neow_bonus":"RANDOM_EVENT","is_daily":false,"chose_seed":false,"campfire_upgraded":5,"win_rate":0.0,"timestamp":1608309624,"path_taken":["M","?","$","M","?","E","M","R","T","R","?","M","R","?","R","BOSS","M","M","$","PTL","PTL","?","AVR","R","M","M","T","M","M","NM","R","M","R","BOSS"],"items_purchased_type":["Relic","Relic"],"build_version":"2020-12-13","purchased_purges":3,"victory":false,"max_hp_per_floor":[74,73,72,71,70,69,68,67,66,65,64,63,62,61,60,59,58,57,56,55,54,53,52,51,50,49,48,47,46,45,44,43,42,41,40,40,40],"card_choices":[{"not_picked":["MokouMod:ResoluteFlare","MokouMod:Singe"],"picked":"MokouMod:SubterraneanCore","floor":1},{"not_picked":["MokouMod:Singe","MokouMod:Sear","MokouMod:Ember"],"picked":"SKIP","floor":4},{"not_picked":["MokouMod:BlazingComet","MokouMod:FusionFlare"],"picked":"MokouMod:Fireball","floor":6},{"not_picked":["MokouMod:Singe","MokouMod:BurningDraft"],"picked":"MokouMod:Overheat","floor":7},{"not_picked":["MokouMod:Singe","MokouMod:RoaringFlare"],"picked":"MokouMod:DanceofFlames","floor":12},{"not_picked":["MokouMod:ExplosiveFlame","MokouMod:SearingBlow"],"picked":"MokouMod:ProfanedFlare","floor":16},{"not_picked":["MokouMod:IndiscriminateIgnition","MokouMod:IgnitionBlast","MokouMod:SearingShot+1"],"picked":"SKIP","floor":18},{"not_picked":["MokouMod:IndiscriminateIgnition","MokouMod:Cataclysm","MokouMod:Ember+1"],"picked":"SKIP","floor":19},{"not_picked":["MokouMod:AdaptivePyromancy+1","MokouMod:TemporalFireSeal"],"picked":"MokouMod:Singe+1","floor":26},{"not_picked":["MokouMod:EternalBurstReactor","MokouMod:Overheat","MokouMod:Stoke+1"],"picked":"SKIP","floor":27},{"not_picked":["MokouMod:InfernalWave+1","MokouMod:TemporalFireSeal"],"picked":"MokouMod:FujiyamaVolcano","floor":29},{"not_picked":["MokouMod:FujiyamaVolcano","MokouMod:AdaptivePyromancy"],"picked":"MokouMod:Refresh","floor":30},{"not_picked":["MokouMod:Fireball+1","MokouMod:GuidingSmoke","MokouMod:SearingShot"],"picked":"SKIP","floor":31},{"not_picked":["MokouMod:Fireball+1","MokouMod:GuidingSmoke","MokouMod:SearingShot"],"picked":"SKIP","floor":31},{"not_picked":["MokouMod:WarmUp","MokouMod:AdaptivePyromancy"],"picked":"MokouMod:CrimsonArmoury+1","floor":33}],"player_experience":1340255,"relics_obtained":[{"floor":1,"key":"LetterFromLob"},{"floor":5,"key":"Oddly Smooth Stone"},{"floor":6,"key":"MawBank"},{"floor":9,"key":"testmod-BlackFramedGlasses"},{"floor":14,"key":"testmod-HeartOfDaVinci"},{"floor":28,"key":"Replay:Bottled Flurry"},{"floor":31,"key":"Golden Egg"},{"floor":31,"key":"infinitespire:Bottled Soul"},{"floor":34,"key":"SnafuTest:AardRelic"}],"event_choices":[{"damage_healed":0,"gold_gain":0,"player_choice":"Box","damage_taken":0,"relics_obtained":["testmod-CyclicPeriapt"],"max_hp_gain":0,"max_hp_loss":0,"event_name":"Big Fish","floor":0,"gold_loss":0,"cards_obtained":["Regret"]},{"damage_healed":0,"gold_gain":75,"player_choice":"Gather Gold","damage_taken":11,"max_hp_gain":0,"max_hp_loss":0,"event_name":"World of Goop","floor":11,"gold_loss":0},{"damage_healed":0,"gold_gain":0,"player_choice":"Ignored","damage_taken":0,"max_hp_gain":0,"max_hp_loss":0,"event_name":"Vampires","floor":23,"gold_loss":0}],"is_beta":false,"boss_relics":[{"not_picked":["Ring of Chaos","Replay:Ancient Bell"],"picked":"Black Star"}],"items_purged_floors":[3,20,24],"is_endless":true,"potions_floor_spawned":[7,16,27,30,33],"killed_by":"Champ","ascension_level":0}}