{"host":"90jl2h70xtuoeg0i","time":1608272416,"event":{"mods":["AchievementEnabler","BaseMod","Colored Map","Colored Powertips","Minty Spire (QoL Compilation)","Relic Stats","ojb\u0027s Better Paths Mod","ojb\u0027s Info Mod"],"gold_per_floor":[109,125,135,135,149,149,181,207,207,207,207,207,207,207],"floor_reached":13,"playtime":932,"items_purged":[],"score":166,"play_id":"657dc0c1-4fbd-4f4a-9cf9-bcc3eb047ff6","local_time":"20201218012016","is_ascension_mode":true,"campfire_choices":[{"data":"Blade Dance","floor":6,"key":"SMITH"},{"data":"Strike_G","floor":10,"key":"PURGE"},{"data":"Noxious Fumes","floor":12,"key":"SMITH"}],"circlet_count":0,"master_deck":["AscendersBane","Strike_G","Strike_G","Strike_G","Strike_G","Defend_G","Defend_G","Defend_G","Defend_G","Defend_G","Survivor","Neutralize","Dagger Spray","Blade Dance+1","Noxious Fumes+1","Venomology","After Image"],"relics":["Coffee Dripper","Happy Flower","Peace Pipe","Odd Mushroom","The Courier"],"acts_visited":["Exordium"],"potions_floor_usage":[7,7,11,13],"damage_taken":[{"damage":4,"enemies":"2 Louse","floor":1,"turns":3},{"damage":7,"enemies":"Small Slimes","floor":2,"turns":4},{"damage":7,"enemies":"Jaw Worm","floor":3,"turns":3},{"damage":4,"enemies":"3 Louse","floor":5,"turns":4},{"damage":11,"enemies":"3 Sentries","floor":7,"turns":6},{"damage":18,"enemies":"The Mushroom Lair","floor":8,"turns":5},{"damage":0,"enemies":"Gremlin Nob","floor":11,"turns":2},{"damage":27,"enemies":"Gremlin Nob","floor":13,"turns":3}],"seed_played":"1496644819147116439","potions_obtained":[{"floor":2,"key":"ColorlessPotion"},{"floor":5,"key":"SmokeBomb"}],"is_trial":false,"path_per_floor":["M","M","M","?","M","R","E","?","T","R","?","R","E"],"character_chosen":"THE_SILENT","items_purchased":[],"campfire_rested":0,"item_purchase_floors":[],"current_hp_per_floor":[55,48,41,36,32,32,21,3,3,3,3,3,0,0],"gold":207,"neow_bonus":"BOSS_RELIC","is_daily":false,"chose_seed":false,"campfire_upgraded":2,"win_rate":0.0,"timestamp":1608272416,"path_taken":["M","M","M","?","M","R","E","?","T","R","?","R","E"],"items_purchased_type":[],"build_version":"2020-12-13","purchased_purges":0,"victory":false,"max_hp_per_floor":[66,66,66,66,66,66,66,66,66,66,66,66,66,66],"relic_stats":{"Peace Pipe":1,"Happy Flower":[6],"counters":[8,30],"obtain_stats":[{"Peace Pipe":7,"Happy Flower":4,"The Courier":9,"Coffee Dripper":0,"Odd Mushroom":8,"Ring of the Snake":0},{"Peace Pipe":5,"Happy Flower":3,"The Courier":6,"Coffee Dripper":0,"Odd Mushroom":6,"Ring of the Snake":0},{"Peace Pipe":20,"Happy Flower":10,"The Courier":25,"Coffee Dripper":0,"Odd Mushroom":25,"Ring of the Snake":0}]},"card_choices":[{"not_picked":["Underhanded Strike","Deflect"],"picked":"Dagger Spray","floor":1},{"not_picked":["Endless Agony","Finisher"],"picked":"Blade Dance","floor":2},{"not_picked":["Outmaneuver","Backflip"],"picked":"Noxious Fumes","floor":3},{"not_picked":["Underhanded Strike","Blade Dance"],"picked":"Venomology","floor":5},{"not_picked":["Sucker Punch","Escape Plan"],"picked":"After Image","floor":7}],"player_experience":1369264,"relics_obtained":[{"floor":7,"key":"Peace Pipe"},{"floor":8,"key":"Odd Mushroom"},{"floor":9,"key":"The Courier"}],"event_choices":[{"damage_healed":0,"gold_gain":0,"player_choice":"Success","damage_taken":5,"relics_obtained":["Happy Flower"],"max_hp_gain":0,"max_hp_loss":0,"event_name":"Scrap Ooze","floor":4,"gold_loss":0},{"damage_healed":0,"gold_gain":0,"player_choice":"Fought Mushrooms","damage_taken":0,"max_hp_gain":0,"max_hp_loss":0,"event_name":"Mushrooms","floor":8,"gold_loss":0},{"damage_healed":0,"gold_gain":0,"player_choice":"Searched \u00271\u0027 times","damage_taken":0,"max_hp_gain":0,"max_hp_loss":0,"event_name":"Dead Adventurer","floor":11,"gold_loss":0}],"is_beta":false,"boss_relics":[],"items_purged_floors":[],"is_endless":false,"potions_floor_spawned":[2,5,8],"killed_by":"Gremlin Nob","ascension_level":20}}