{"host":"6gwm7y0tp7acoxay","time":1608289884,"event":{"mods":["BaseMod","Colored Map","Keyboard Shortcuts","Minty Spire (QoL Compilation)","Quick Restart","StSLib","SuperFastMode","everything is the same but u backflip on backflip"],"gold_per_floor":[109,109,159,176,176,176,176,202,202,233,233,1,1,14,14,86,86,102,116,166,166,166,192,192,192,192,225,225,253,253,168,168,245,245,263,213,193,143,143,174,174,205,205,205,224,251,278,307,307,307,307,307,307,87,120,120,120],"floor_reached":56,"playtime":1418,"items_purged":["FlurryOfBlows","Consecrate","ThirdEye"],"score":2398,"play_id":"46b58b42-bdb3-4ee3-9375-358e04c5df9e","local_time":"20201218201124","daily_mods":["SealedDeck","Heirloom","Flight"],"is_ascension_mode":true,"campfire_choices":[{"data":"PathToVictory","floor":6.0,"key":"SMITH"},{"data":"PathToVictory","floor":7.0,"key":"SMITH"},{"data":"PathToVictory","floor":11.0,"key":"SMITH"},{"data":"LikeWater","floor":15.0,"key":"SMITH"},{"floor":24.0,"key":"REST"},{"data":"Study","floor":25.0,"key":"SMITH"},{"floor":28.0,"key":"REST"},{"floor":32.0,"key":"REST"},{"floor":41.0,"key":"RECALL"},{"floor":44.0,"key":"REST"},{"data":"MentalFortress","floor":49.0,"key":"SMITH"},{"data":"EmptyMind","floor":53,"key":"SMITH"}],"circlet_count":0,"master_deck":["AscendersBane","PathToVictory+1","ClearTheMind","LikeWater+1","InnerPeace","PathToVictory+1","PathToVictory+1","EmptyMind+1","DevaForm","Study+1","MentalFortress+1"],"relics":["PureWater","Peace Pipe","Nunchaku","Happy Flower","Mummified Hand","Medical Kit","Black Star","Kunai","CaptainsWheel","Pantograph","Smiling Mask","Mercury Hourglass","Tiny Chest","Bronze Scales","Anchor","Busted Crown","Du-Vu Doll","Pear","Akabeko","Blood Vial","Centennial Puzzle","Lantern","Oddly Smooth Stone","Ornamental Fan","Bottled Lightning","Whetstone","Gremlin Horn","Bag of Marbles","StrikeDummy","Incense Burner"],"acts_visited":["Exordium","TheCity","TheBeyond","TheEnding"],"potions_floor_usage":[56],"damage_taken":[{"damage":8.0,"enemies":"2 Louse","floor":1.0,"turns":2.0},{"damage":1.0,"enemies":"Cultist","floor":4.0,"turns":3.0},{"damage":34.0,"enemies":"3 Sentries","floor":8.0,"turns":9.0},{"damage":0.0,"enemies":"Lagavulin","floor":10.0,"turns":4.0},{"damage":3.0,"enemies":"Small Slimes","floor":14.0,"turns":2.0},{"damage":0.0,"enemies":"The Guardian","floor":16.0,"turns":3.0},{"damage":0.0,"enemies":"3 Byrds","floor":18.0,"turns":3.0},{"damage":14.0,"enemies":"Spheric Guardian","floor":19.0,"turns":4.0},{"damage":37.0,"enemies":"Slavers","floor":23.0,"turns":4.0},{"damage":23.0,"enemies":"Gremlin Leader","floor":27.0,"turns":4.0},{"damage":44.0,"enemies":"Slavers","floor":29.0,"turns":4.0},{"damage":11.0,"enemies":"Automaton","floor":33.0,"turns":6.0},{"damage":6.0,"enemies":"Orb Walker","floor":35.0,"turns":3.0},{"damage":0.0,"enemies":"Giant Head","floor":40.0,"turns":3.0},{"damage":30.0,"enemies":"Nemesis","floor":42.0,"turns":3.0},{"damage":3.0,"enemies":"3 Darklings","floor":45.0,"turns":3.0},{"damage":0.0,"enemies":"Giant Head","floor":46.0,"turns":3.0},{"damage":6.0,"enemies":"Nemesis","floor":47.0,"turns":3.0},{"damage":5.0,"enemies":"Giant Head","floor":48.0,"turns":3.0},{"damage":15,"enemies":"Time Eater","floor":50,"turns":4},{"damage":18,"enemies":"Donu and Deca","floor":51,"turns":4},{"damage":37,"enemies":"Shield and Spear","floor":55,"turns":3},{"damage":74,"enemies":"The Heart","floor":56,"turns":2}],"seed_played":"-588396012170794196","potions_obtained":[{"floor":4.0,"key":"EntropicBrew"},{"floor":29.0,"key":"SteroidPotion"}],"is_trial":true,"path_per_floor":["M","?","?","M","?","R","R","E","T","E","R","$","?","M","R","B",null,"M","M","?","?","?","E","R","R","T","E","R","E","?","?","R","B",null,"M","$","?","$","T","E","R","E","T","R","M","E","E","E","R","B","B",null,"R","$","E","B"],"character_chosen":"WATCHER","items_purchased":["Medical Kit","Bag of Marbles","ColorlessPotion"],"campfire_rested":4,"item_purchase_floors":[12,54,54],"current_hp_per_floor":[53,53,47,46,46,46,46,12,12,12,12,12,68,65,65,65,67,67,53,53,53,53,16,36,36,36,13,33,10,10,10,30,44,62,56,56,56,56,56,66,66,36,36,59,58,60,56,53,53,63,60,74,74,74,39,0,0],"gold":120,"neow_bonus":"","is_daily":false,"chose_seed":false,"campfire_upgraded":7,"win_rate":0.0,"timestamp":1608289884,"path_taken":["M","?","?","?","?","R","R","E","T","E","R","?","?","M","R","BOSS","M","M","?","?","?","E","R","R","T","E","R","E","?","?","R","BOSS","M","$","?","$","?","E","R","E","T","R","M","E","E","E","R","BOSS","BOSS","R","$","E","BOSS"],"items_purchased_type":["Relic","Relic","Potion"],"build_version":"2020-12-13","purchased_purges":3,"victory":false,"max_hp_per_floor":[68,68,68,68,68,68,68,68,68,68,68,68,68,68,68,68,68,68,68,68,68,68,68,68,68,68,68,68,68,68,68,68,68,68,68,68,68,68,68,78,78,78,78,78,78,78,78,78,78,78,78,78,78,78,78,78,78],"card_choices":[{"not_picked":["Crescendo","JustLucky"],"picked":"ThirdEye","floor":1.0},{"not_picked":["Consecrate","TalkToTheHand"],"picked":"EmptyMind","floor":4.0},{"not_picked":["BowlingBash","SpiritShield","EmptyBody"],"picked":"SKIP","floor":8.0},{"not_picked":["Judgement","Wireheading","Protect"],"picked":"SKIP","floor":10.0},{"not_picked":["BowlingBash","Consecrate","TalkToTheHand"],"picked":"SKIP","floor":14.0},{"not_picked":["LessonLearned","SpiritShield"],"picked":"DevaForm","floor":16.0},{"not_picked":["CutThroughFate","Indignation","JustLucky"],"picked":"SKIP","floor":18.0},{"not_picked":["Conclude","WreathOfFlame","Consecrate"],"picked":"SKIP","floor":19.0},{"not_picked":["BattleHymn","BowlingBash","Study"],"picked":"SKIP","floor":23.0},{"not_picked":["BattleHymn","BowlingBash"],"picked":"Study","floor":23.0},{"not_picked":["Crescendo","ReachHeaven"],"picked":"MentalFortress","floor":27.0},{"not_picked":["Prostrate","SashWhip","FlyingSleeves+1"],"picked":"SKIP","floor":29.0},{"not_picked":["EmptyBody+1"],"picked":"SKIP","floor":35.0},{"not_picked":["PathToVictory"],"picked":"SKIP","floor":40.0},{"not_picked":["ReachHeaven"],"picked":"SKIP","floor":42.0},{"not_picked":["ForeignInfluence"],"picked":"SKIP","floor":45.0},{"not_picked":["SashWhip+1"],"picked":"SKIP","floor":46.0},{"not_picked":["Protect"],"picked":"SKIP","floor":47.0},{"not_picked":["BattleHymn"],"picked":"SKIP","floor":48.0},{"not_picked":["FlurryOfBlows"],"picked":"SKIP","floor":55}],"player_experience":4291499,"relics_obtained":[{"floor":8.0,"key":"Nunchaku"},{"floor":9.0,"key":"Happy Flower"},{"floor":10.0,"key":"Mummified Hand"},{"floor":23.0,"key":"Kunai"},{"floor":23.0,"key":"CaptainsWheel"},{"floor":26.0,"key":"Pantograph"},{"floor":27.0,"key":"Smiling Mask"},{"floor":27.0,"key":"Mercury Hourglass"},{"floor":29.0,"key":"Tiny Chest"},{"floor":29.0,"key":"Bronze Scales"},{"floor":40.0,"key":"Du-Vu Doll"},{"floor":40.0,"key":"Pear"},{"floor":42.0,"key":"Akabeko"},{"floor":42.0,"key":"Blood Vial"},{"floor":43.0,"key":"Centennial Puzzle"},{"floor":46.0,"key":"Lantern"},{"floor":46.0,"key":"Oddly Smooth Stone"},{"floor":47.0,"key":"Ornamental Fan"},{"floor":47.0,"key":"Bottled Lightning"},{"floor":48.0,"key":"Whetstone"},{"floor":48.0,"key":"Gremlin Horn"},{"floor":55,"key":"StrikeDummy"},{"floor":55,"key":"Incense Burner"}],"event_choices":[{"damage_healed":0.0,"max_hp_gain":0.0,"max_hp_loss":0.0,"gold_gain":0.0,"event_name":"Golden Wing","player_choice":"Ignored","floor":2.0,"gold_loss":0.0,"damage_taken":0.0},{"damage_healed":0.0,"max_hp_gain":0.0,"max_hp_loss":0.0,"gold_gain":50.0,"event_name":"FaceTrader","player_choice":"Touch","floor":3.0,"gold_loss":0.0,"damage_taken":6.0},{"damage_healed":0.0,"max_hp_gain":0.0,"max_hp_loss":0.0,"gold_gain":0.0,"event_name":"Liars Game","player_choice":"Ignored","floor":5.0,"gold_loss":0.0,"damage_taken":0.0},{"cards_removed":["Adaptation"],"damage_healed":56.0,"max_hp_gain":0.0,"max_hp_loss":0.0,"gold_gain":0.0,"event_name":"Bonfire Elementals","player_choice":"Offered Uncommon","floor":13.0,"gold_loss":0.0,"damage_taken":0.0},{"damage_healed":0.0,"max_hp_gain":0.0,"max_hp_loss":0.0,"gold_gain":50.0,"event_name":"Nest","player_choice":"Stole From Cult","floor":20.0,"gold_loss":0.0,"damage_taken":0.0},{"cards_removed":["EmptyBody"],"damage_healed":0.0,"max_hp_gain":0.0,"max_hp_loss":0.0,"gold_gain":0.0,"event_name":"Back to Basics","player_choice":"Elegance","floor":21.0,"gold_loss":0.0,"damage_taken":0.0},{"damage_healed":0.0,"max_hp_gain":0.0,"max_hp_loss":0.0,"gold_gain":0.0,"event_name":"Cursed Tome","player_choice":"Ignored","floor":22.0,"gold_loss":0.0,"damage_taken":0.0},{"damage_healed":0.0,"max_hp_gain":0.0,"max_hp_loss":0.0,"gold_gain":0.0,"event_name":"The Mausoleum","player_choice":"Ignored","floor":30.0,"gold_loss":0.0,"damage_taken":0.0},{"damage_healed":0.0,"max_hp_gain":0.0,"max_hp_loss":0.0,"gold_gain":0.0,"event_name":"Addict","player_choice":"Obtained Relic","floor":31.0,"gold_loss":85.0,"damage_taken":0.0,"relics_obtained":["Anchor"]},{"damage_healed":0.0,"max_hp_gain":0.0,"max_hp_loss":0.0,"gold_gain":0.0,"event_name":"The Woman in Blue","player_choice":"Bought 1 Potion","floor":37.0,"gold_loss":0.0,"damage_taken":0.0}],"is_beta":false,"boss_relics":[{"not_picked":["Coffee Dripper","Runic Dome"],"picked":"Black Star"},{"not_picked":["Philosopher\u0027s Stone","VioletLotus"],"picked":"Busted Crown"}],"items_purged_floors":[12,36,38],"is_endless":false,"potions_floor_spawned":[4,27,29,40],"killed_by":"The Heart","ascension_level":20}}