{"host":"1cmq7b0pfn5kc3i5","time":1608299547,"event":{"mods":["AchievementEnabler","Aspiration","Bard","BaseMod","Beaked The Cultist","Better Altar","Better Match","Better Note","Better Sensory Stone","Better Skull","Better Third Choice","BetterRewards","CCEM","Clawfect","Colored Map","Conspire","Downfall","GifTheSpireLib","Halation","Hermit","Highlight Path","Hubris","Hunter ??","Infinite Spire","Jedi Mod","Jorbs\u0027s Wanderer Trilogy","Mad Scientist","Marisa????????","Mimic Mod","Minty Spire (QoL Compilation)","Permanent Neow","Replay The Spire","Shade Mod","Shop Mod","Spicy Shops","StSLib","Stuff the Spire","The Administrix","The Blackbeard","The Bug Knight","The Construct","The Cursed","The Disciple","The Gatherer","The Hierophant","The Jungle","The Mystic","The Necromancer","The Problem Sleuth","The Runesmith","The Servant 0.9.4","The Spell Scribe","The Witch","Unceasing Turn Reminder","everything is the same but u backflip on backflip","slay the spire mod where everything is the same but ironclad has a cowboy hat"],"gold_per_floor":[109,119,133,133,146,146,146,270,270,280,291,17,17,30,30,129,129,145,145,145,145,145,161,174,174,174],"floor_reached":25,"playtime":4186,"items_purged":["Pain"],"score":305,"play_id":"92ebbedf-13d9-4d5e-8479-fd470e5030d5","local_time":"20201218085227","is_ascension_mode":false,"campfire_choices":[{"data":"Inflame","floor":6,"key":"SMITH"},{"floor":15,"key":"REST"}],"circlet_count":0,"master_deck":["Strike_R","Strike_R","Strike_R","Strike_R","Strike_R","Defend_R","Defend_R","Defend_R","Defend_R","Bash","Inflame+1","Clothesline","Pommel Strike","Hemogenesis","Thunderclap","Demon Form","ReplayTheSpireMod:Stacked","ReplayTheSpireMod:Limb From Limb","ReplayReversal","expansioncontent:CaCaw","StuffTheSpire:Incineration","Feed","True Grit","infinitespire:Starlight","Run Through","Anger+1"],"relics":["Burning Blood","infinitespire:DarkRift","StuffTheSpire:TintedRock","WarpedTongs","Unceasing Top","CCEMRelics:DissonantTune","MerchantsRug","StuffTheSpire:DullRazor","Mark of Pain","Replay:Wax Seal"],"acts_visited":["Exordium","Exordium"],"potions_floor_usage":[25,25],"damage_taken":[{"damage":4,"enemies":"Cultist","floor":1,"turns":4},{"damage":7,"enemies":"conspire:RoseBush","floor":2,"turns":2},{"damage":0,"enemies":"Small Slimes","floor":3,"turns":3},{"damage":14,"enemies":"Blue Slaver","floor":5,"turns":4},{"damage":10,"enemies":"Gremlin Nob","floor":8,"turns":4},{"damage":41,"enemies":"Lots of Slimes","floor":10,"turns":5},{"damage":7,"enemies":"Large Slime","floor":11,"turns":7},{"damage":26,"enemies":"3 Louse","floor":14,"turns":5},{"damage":28,"enemies":"Hexaghost","floor":16,"turns":9},{"damage":25,"enemies":"theJungle:GiantWrat","floor":18,"turns":4},{"damage":53,"enemies":"theJungle:Flameango_and_Byrd","floor":23,"turns":7},{"damage":11,"enemies":"theJungle:SlimyTreeVines","floor":24,"turns":4},{"damage":70,"enemies":"Nightmare","floor":25,"turns":6}],"seed_played":"-7674299666745822423","potions_obtained":[{"floor":3,"key":"champ:CounterPotion"},{"floor":10,"key":"Languid Potion"},{"floor":11,"key":"jedi:mysterypotion"},{"floor":14,"key":"jedi:StrikingPotion"},{"floor":23,"key":"jedi:StrikingPotion"}],"is_trial":false,"path_per_floor":["M","M","M","?","M","R","?","E","T","M","M","$","?","M","R","B",null,"M","AVR","?","PTL","PTL","M","M","NM"],"character_chosen":"IRONCLAD","items_purchased":["aspiration:Nostalgia","Inflame","MerchantsRug","StuffTheSpire:DullRazor","ReplayReversal"],"campfire_rested":1,"item_purchase_floors":[0,0,12,12,12],"current_hp_per_floor":[80,79,80,80,77,77,77,76,76,46,54,54,54,34,58,41,80,64,64,64,64,64,36,41,0,0],"gold":174,"neow_bonus":"","is_daily":false,"chose_seed":false,"campfire_upgraded":1,"win_rate":0.0,"timestamp":1608299547,"path_taken":["M","M","M","?","?","R","?","E","T","M","?","$","?","M","R","BOSS","M","AVR","?","PTL","PTL","M","M","NM"],"items_purchased_type":["Relic","Card","Relic","Relic","Card"],"build_version":"2020-12-13","purchased_purges":1,"victory":false,"max_hp_per_floor":[80,80,80,80,80,80,80,80,80,80,80,80,80,80,80,80,80,83,83,83,83,83,87,87,87,87],"card_choices":[{"not_picked":["Entrench","Perfected Strike"],"picked":"Clothesline","floor":1},{"not_picked":["Perfected Strike","StuffTheSpire:RockThrow"],"picked":"Pommel Strike","floor":2},{"not_picked":["Shrug It Off","Bloodletting"],"picked":"Hemogenesis","floor":3},{"not_picked":["Clothesline","Massacre"],"picked":"Thunderclap","floor":5},{"not_picked":["Sword Boomerang","Clothesline"],"picked":"Demon Form","floor":8},{"not_picked":["Headbutt","Replay:Undeath\u0027s Touch"],"picked":"ReplayTheSpireMod:Stacked","floor":10},{"not_picked":["ReplayTheSpireMod:Muscle Training","Clash"],"picked":"ReplayTheSpireMod:Limb From Limb","floor":11},{"not_picked":["Metamorphosis","expansioncontent:Chronoboost"],"picked":"expansioncontent:CaCaw","floor":13},{"not_picked":["Defy Death","Twin Strike"],"picked":"StuffTheSpire:Incineration","floor":14},{"not_picked":["Fiend Fire","Brutality"],"picked":"Feed","floor":16},{"not_picked":["Combust","Twin Strike+1"],"picked":"True Grit","floor":18},{"not_picked":["Reckless Charge","Pommel Strike+1"],"picked":"Run Through","floor":23},{"not_picked":["Iron Wave+1","Heavy Blade"],"picked":"Anger+1","floor":24}],"player_experience":15178,"relics_obtained":[{"floor":8,"key":"Unceasing Top"},{"floor":9,"key":"CCEMRelics:DissonantTune"}],"event_choices":[{"damage_healed":0,"gold_gain":0,"player_choice":"Gave Potion","damage_taken":0,"relics_obtained":["StuffTheSpire:TintedRock"],"max_hp_gain":0,"max_hp_loss":0,"event_name":"WeMeetAgain","floor":4,"gold_loss":0},{"damage_healed":0,"gold_gain":0,"player_choice":"Rummage","damage_taken":0,"relics_obtained":["WarpedTongs"],"max_hp_gain":0,"max_hp_loss":0,"event_name":"Accursed Blacksmith","floor":7,"gold_loss":0,"cards_obtained":["Pain"]},{"damage_healed":0,"gold_gain":1,"player_choice":"1","damage_taken":0,"max_hp_gain":0,"max_hp_loss":0,"event_name":"betterStone:BetterStone","floor":13,"gold_loss":0},{"damage_healed":0,"gold_gain":0,"player_choice":"Ignored","damage_taken":0,"max_hp_gain":0,"max_hp_loss":0,"event_name":"betterNote:BetterNote","floor":20,"gold_loss":0,"cards_obtained":["Strike_R"]}],"is_beta":false,"boss_relics":[{"not_picked":["Runic Pyramid","aspiration:SilentSkillbook"],"picked":"Mark of Pain"}],"items_purged_floors":[12],"is_endless":false,"potions_floor_spawned":[3,10,11,14,23],"killed_by":"Nightmare","ascension_level":0}}