{"host":"12piqfhmdln9x2la","time":1608316068,"event":{"mods":["2.2 Compatiblity","AchievementEnabler","BaseMod","BetterRewards","Colored Powertips","Minty Spire (QoL Compilation)","Quick Restart","SuperFastMode"],"gold_per_floor":[112,112,112,37,49,79,98,125,125,143,158,193,212,224,224,323,323,340,340,53,53,69,99,99,112,136,136,61,92,109,128,128,128,128],"floor_reached":33,"playtime":774,"items_purged":["Defend_G","Strike_G"],"score":384,"play_id":"d0015cb5-e8d5-4e4e-87c9-720083475e89","local_time":"20201219032748","is_ascension_mode":false,"campfire_choices":[{"data":"Envenom","floor":15,"key":"SMITH"},{"data":"Blade Dance","floor":24,"key":"SMITH"},{"floor":32,"key":"REST"}],"circlet_count":0,"master_deck":["Strike_G","Strike_G","Strike_G","Defend_G","Defend_G","Defend_G","Survivor","Neutralize","Blade Dance+1","Outmaneuver","Unload+1","Flying Knee+1","Choke+1","Dagger Spray+1","Dagger Throw+1","Concentrate","Envenom+1","Die Die Die+1","Outmaneuver+1","Secret Technique","Backflip+1","Blade Dance+1","Slice+1"],"relics":["Ring of the Snake","NeowsBlessing","Molten Egg 2","Ninja Scroll","Letter Opener","Pear","WristBlade","Membership Card","MutagenicStrength","Torii","Boot","Omamori"],"acts_visited":["Exordium","TheCity"],"potions_floor_usage":[12,12,16,16,23,33,33],"damage_taken":[{"damage":0,"enemies":"Cultist","floor":1,"turns":1},{"damage":0,"enemies":"Small Slimes","floor":5,"turns":1},{"damage":0,"enemies":"Lagavulin","floor":6,"turns":1},{"damage":3,"enemies":"Jaw Worm","floor":7,"turns":3},{"damage":16,"enemies":"Gremlin Nob","floor":8,"turns":4},{"damage":4,"enemies":"Blue Slaver","floor":10,"turns":2},{"damage":4,"enemies":"2 Fungi Beasts","floor":11,"turns":2},{"damage":0,"enemies":"Lagavulin","floor":12,"turns":2},{"damage":0,"enemies":"Large Slime","floor":13,"turns":1},{"damage":7,"enemies":"Exordium Thugs","floor":14,"turns":2},{"damage":26,"enemies":"Hexaghost","floor":16,"turns":6},{"damage":2,"enemies":"Chosen","floor":18,"turns":3},{"damage":5,"enemies":"3 Byrds","floor":22,"turns":2},{"damage":12,"enemies":"Gremlin Leader","floor":23,"turns":3},{"damage":0,"enemies":"Snecko","floor":25,"turns":2},{"damage":19,"enemies":"Book of Stabbing","floor":29,"turns":3},{"damage":0,"enemies":"Shelled Parasite and Fungi","floor":30,"turns":1},{"damage":22,"enemies":"Centurion and Healer","floor":31,"turns":3},{"damage":38,"enemies":"Collector","floor":33,"turns":3}],"seed_played":"-6261738740453757944","potions_obtained":[{"floor":3,"key":"GhostInAJar"},{"floor":3,"key":"CultistPotion"},{"floor":3,"key":"SmokeBomb"},{"floor":5,"key":"Dexterity Potion"},{"floor":7,"key":"Ancient Potion"},{"floor":8,"key":"SneckoOil"},{"floor":10,"key":"Explosive Potion"},{"floor":14,"key":"FearPotion"},{"floor":16,"key":"Energy Potion"},{"floor":18,"key":"SpeedPotion"},{"floor":29,"key":"Weak Potion"}],"is_trial":false,"path_per_floor":["M","?","?","$","M","E","M","E","T","M","M","E","M","M","R","B",null,"M","?","$","?","M","E","R","M","T","?","?","E","M","M","R","B"],"character_chosen":"THE_SILENT","items_purchased":["Membership Card","Secret Technique"],"campfire_rested":1,"item_purchase_floors":[20,20],"current_hp_per_floor":[70,63,63,63,63,63,60,44,44,40,36,46,46,39,39,13,80,78,78,78,78,73,61,61,61,61,46,46,27,27,5,30,0,0],"gold":128,"neow_bonus":"THREE_ENEMY_KILL","is_daily":false,"chose_seed":false,"campfire_upgraded":2,"win_rate":0.0,"timestamp":1608316068,"path_taken":["M","?","?","$","M","E","M","E","T","M","M","E","?","M","R","BOSS","M","?","$","?","M","E","R","?","T","?","?","E","M","M","R","BOSS"],"items_purchased_type":["Relic","Card"],"build_version":"2020-12-13","purchased_purges":2,"victory":false,"max_hp_per_floor":[70,70,70,70,70,70,70,70,70,70,70,80,80,80,80,80,80,80,80,80,80,80,80,80,80,80,85,85,85,85,85,85,85,85],"card_choices":[{"not_picked":["Backflip","Cloak And Dagger"],"picked":"Blade Dance","floor":1},{"not_picked":["Underhanded Strike","Doppelganger"],"picked":"Outmaneuver","floor":5},{"not_picked":["Deflect","Cloak And Dagger"],"picked":"Unload+1","floor":6},{"not_picked":["Caltrops","Deadly Poison"],"picked":"Flying Knee+1","floor":7},{"not_picked":["Eviscerate+1","Malaise"],"picked":"Choke+1","floor":8},{"not_picked":["Heel Hook+1","Dagger Throw+1"],"picked":"Dagger Spray+1","floor":10},{"not_picked":["Bouncing Flask","Skewer+1"],"picked":"Dagger Throw+1","floor":11},{"not_picked":["Leg Sweep","Dagger Spray+1"],"picked":"Concentrate","floor":12},{"not_picked":["Setup","Bane+1","Bouncing Flask"],"picked":"SKIP","floor":13},{"not_picked":["Deadly Poison","Underhanded Strike+1"],"picked":"Envenom","floor":14},{"not_picked":["Doppelganger","Glass Knife+1"],"picked":"Die Die Die+1","floor":16},{"not_picked":["Acrobatics","Dagger Spray+1"],"picked":"Outmaneuver+1","floor":18},{"not_picked":["Dagger Spray+1","Noxious Fumes","Caltrops"],"picked":"SKIP","floor":22},{"not_picked":["Dash+1","Predator+1","Well Laid Plans"],"picked":"SKIP","floor":23},{"not_picked":["Acrobatics","Dagger Spray+1"],"picked":"Backflip+1","floor":25},{"not_picked":["Reflex","Choke+1"],"picked":"Blade Dance+1","floor":29},{"not_picked":["Endless Agony+1","Bane+1"],"picked":"Slice+1","floor":30},{"not_picked":["Leg Sweep+1","Poisoned Stab+1","Dodge and Roll"],"picked":"SKIP","floor":31}],"player_experience":95913,"relics_obtained":[{"floor":6,"key":"Molten Egg 2"},{"floor":8,"key":"Ninja Scroll"},{"floor":9,"key":"Letter Opener"},{"floor":12,"key":"Pear"},{"floor":23,"key":"Torii"},{"floor":26,"key":"Boot"},{"floor":29,"key":"Omamori"}],"event_choices":[{"cards_removed":["Strike_G"],"damage_healed":0,"gold_gain":0,"player_choice":"Card Removal","damage_taken":7,"max_hp_gain":0,"max_hp_loss":0,"event_name":"Golden Wing","floor":2,"gold_loss":0},{"damage_healed":0,"gold_gain":0,"player_choice":"Got Potions","damage_taken":0,"max_hp_gain":0,"max_hp_loss":0,"event_name":"Lab","floor":3,"gold_loss":0},{"damage_healed":0,"gold_gain":0,"player_choice":"Ignored","damage_taken":0,"max_hp_gain":0,"max_hp_loss":0,"event_name":"Ghosts","floor":19,"gold_loss":0},{"damage_healed":0,"gold_gain":0,"player_choice":"Inject Mutagens","damage_taken":0,"relics_obtained":["MutagenicStrength"],"max_hp_gain":0,"max_hp_loss":0,"event_name":"Drug Dealer","floor":21,"gold_loss":0},{"damage_healed":0,"gold_gain":0,"player_choice":"Shed Blood","damage_taken":20,"max_hp_gain":5,"max_hp_loss":0,"event_name":"Forgotten Altar","floor":27,"gold_loss":0},{"cards_removed":["Defend_G"],"damage_healed":0,"gold_gain":0,"player_choice":"Gave Gold","damage_taken":0,"max_hp_gain":0,"max_hp_loss":0,"event_name":"Beggar","floor":28,"gold_loss":75}],"is_beta":false,"boss_relics":[{"not_picked":["Philosopher\u0027s Stone","SacredBark"],"picked":"WristBlade"}],"items_purged_floors":[4,20],"is_endless":false,"potions_floor_spawned":[5,7,8,10,14,16,18,29],"killed_by":"Collector","ascension_level":0}}