{"host":"5ty8fyb0ngp9gspj","time":1608282829,"event":{"mods":["2.2 Compatiblity","AchievementEnabler","Act Like it!","BaseMod","Colored Map","Downfall","Minty Spire (QoL Compilation)","Rare Cards Sparkle","StSLib"],"gold_per_floor":[99,109,124,137,137,150,227,238,238,238,238,81,96,13,29,124,124,124,137,137,237,162,181,181,214,64,64,81,98,118,118,128,230,230,230,230,230,246,266,266,266,266,276,276,291,24,37,73,84,84,84,117,36,36,36],"floor_reached":56,"playtime":8189,"items_purged":["Regret"],"score":1213,"play_id":"a43dbdcd-7edd-41b2-bdd4-b7669954f302","local_time":"20201218201349","is_ascension_mode":false,"campfire_choices":[{"floor":1,"key":"DIG"},{"floor":5,"key":"DIG"},{"floor":10,"key":"REST"},{"floor":18,"key":"RECALL"},{"floor":22,"key":"DIG"},{"floor":26,"key":"REST"},{"floor":35,"key":"DIG"},{"data":"champ:StrikeOfGenius","floor":37,"key":"SMITH"},{"data":"champ:PerfectForm","floor":42,"key":"SMITH"},{"floor":44,"key":"DIG"},{"floor":54,"key":"REST"}],"circlet_count":0,"master_deck":["champ:Strike+1","champ:Strike+1","champ:Strike+1","champ:Strike+1","champ:Defend+1","champ:Defend+1","champ:Defend+1","champ:Defend+1","champ:Execute","champ:Taunt","CurseOfTheBell","champ:GladiatorStyle","champ:FanOfKnives+1","champ:FlashCut+1","champ:AdrenalArmor","champ:TornadoPunch","champ:EndlessRage","champ:BerserkerStyle","champ:Backstep","champ:ShieldWall","champ:ShieldSigil","champ:PerfectForm+1","champ:IronFortress","champ:FocusedBerserking","champ:Encircle","champ:BringItOn","champ:StanceDance","champ:FlashCut+1","champ:StrikeOfGenius+1","champ:Circumvent","champ:StanceDance+1","champ:BringItOn+1","champ:EndlessRage","champ:StrikeOfGenius","champ:CrookedStrike+1","champ:FalseCounter","Flash of Steel","champ:DefensiveShout+1","champ:RisingSlash+1","champ:ArenaPreparation"],"relics":["Calling Bell","Oddly Smooth Stone","Blue Candle","Shovel","Centennial Puzzle","Strawberry","Pear","downfall:ShatteredFragment","Sozu","downfall:HeartBlessingRed","Singing Bowl","Whetstone","downfall:HeartBlessingGreen","downfall:HeartBlessingBlue","champ:BerserkersGuideToSlaughter","champ:ChampionCrownUpgraded","Happy Flower","Red Mask","downfall:RedIOUUpgrade","Potion Belt","sneckomod:BlankCard","Bottled Flame","Medical Kit","StoneCalendar"],"acts_visited":["Exordium","TheCity","TheBeyond","TheEnding"],"potions_floor_usage":[6,16,16,25],"damage_taken":[{"damage":6,"enemies":"Cultist","floor":2,"turns":5},{"damage":8,"enemies":"Small Slimes","floor":3,"turns":4},{"damage":0,"enemies":"Jaw Worm","floor":4,"turns":4},{"damage":7,"enemies":"Exordium Wildlife","floor":6,"turns":3},{"damage":11,"enemies":"Large Slime","floor":8,"turns":5},{"damage":22,"enemies":"downfall:FleeingMerchant","floor":12,"turns":4},{"damage":10,"enemies":"Blue Slaver","floor":13,"turns":3},{"damage":9,"enemies":"downfall:FleeingMerchant","floor":14,"turns":4},{"damage":2,"enemies":"3 Louse","floor":15,"turns":2},{"damage":82,"enemies":"downfall:Defect","floor":16,"turns":8},{"damage":14,"enemies":"3 Byrds","floor":19,"turns":4},{"damage":10,"enemies":"Snake Plant","floor":23,"turns":3},{"damage":66,"enemies":"Slavers","floor":25,"turns":6},{"damage":4,"enemies":"3 Cultists","floor":28,"turns":3},{"damage":35,"enemies":"Snecko","floor":29,"turns":4},{"damage":22,"enemies":"Snake Plant","floor":30,"turns":3},{"damage":42,"enemies":"Centurion and Healer","floor":32,"turns":7},{"damage":33,"enemies":"downfall:Ironclad","floor":33,"turns":5},{"damage":7,"enemies":"Orb Walker","floor":38,"turns":3},{"damage":3,"enemies":"3 Darklings","floor":39,"turns":3},{"damage":10,"enemies":"Jaw Worm Horde","floor":43,"turns":4},{"damage":26,"enemies":"Transient","floor":45,"turns":5},{"damage":31,"enemies":"downfall:FleeingMerchant","floor":46,"turns":4},{"damage":50,"enemies":"Writhing Mass","floor":47,"turns":4},{"damage":2,"enemies":"downfall:FleeingMerchant","floor":48,"turns":2},{"damage":1,"enemies":"4 Shapes","floor":49,"turns":2},{"damage":105,"enemies":"downfall:Silent","floor":50,"turns":7},{"damage":135,"enemies":"downfall:CharBossMerchant","floor":52,"turns":9},{"damage":205,"enemies":"downfall:NeowBoss","floor":55,"turns":20}],"seed_played":"-2402237236755016368","potions_obtained":[{"floor":2,"key":"Block Potion"},{"floor":6,"key":"Energy Potion"},{"floor":13,"key":"Swift Potion"},{"floor":16,"key":"LiquidMemories"}],"is_trial":false,"path_per_floor":["R","M","M","M","R","M","T","M","?","R","?","$","M","$","M","B",null,"R","M","?","?","R","M","T","E","R","?","M","M","M","?","M","B",null,"R","?","R","M","M","?","T","R","M","R","M","?","M","$","M","B",null,"E","$","R","B",null],"character_chosen":"THE_CHAMP","items_purchased":["champ:BerserkerStyle","champ:ShieldWall","Bottled Flame","Medical Kit","champ:FalseCounter","Flash of Steel","champ:ArenaPreparation"],"campfire_rested":3,"item_purchase_floors":[12,14,46,48,48,48,53],"current_hp_per_floor":[90,89,86,86,93,91,101,101,74,106,106,89,83,83,83,27,107,107,98,98,98,98,102,102,49,94,94,103,91,76,76,65,70,119,119,119,119,119,121,121,121,121,121,121,121,121,94,105,109,84,121,74,74,110,116],"gold":36,"neow_bonus":"BOSS_RELIC","is_daily":false,"chose_seed":false,"campfire_upgraded":2,"win_rate":0.0,"timestamp":1608282829,"path_taken":["R","M","?","M","R","?","T","M","?","R","?","$","M","$","M","BOSS","R","M","?","?","R","M","T","E","R","?","M","M","M","?","M","BOSS","R","?","R","M","M","?","T","R","M","R","M","?","M","$","M","BOSS","E","$","R","BOSS"],"items_purchased_type":["Card","Card","Relic","Relic","Card","Card","Card"],"build_version":"2020-12-13","purchased_purges":1,"victory":true,"max_hp_per_floor":[90,90,90,90,97,97,107,107,107,107,107,107,107,107,107,107,107,107,107,107,107,107,107,107,107,117,117,117,117,119,119,119,119,119,119,119,119,119,121,121,121,121,121,121,121,121,121,121,121,121,121,121,121,121,121],"card_choices":[{"not_picked":["champ:DefensiveShout","champ:BerserkersShout"],"picked":"champ:GladiatorStyle","floor":2},{"not_picked":["champ:BerserkersShout","champ:TornadoPunch"],"picked":"champ:FanOfKnives","floor":3},{"not_picked":["champ:ShieldSigil","champ:Encircle"],"picked":"champ:FlashCut","floor":4},{"not_picked":["champ:EnGarde","champ:BladeFlurry"],"picked":"champ:AdrenalArmor","floor":6},{"not_picked":["champ:FanOfKnives","champ:Haymaker"],"picked":"champ:TornadoPunch","floor":8},{"not_picked":["champ:RisingSlash","champ:FlashCut"],"picked":"champ:EndlessRage","floor":12},{"not_picked":["champ:ShieldSigil","champ:FanOfKnives"],"picked":"champ:Backstep","floor":13},{"not_picked":["champ:ShieldSlam","champ:BringItOn"],"picked":"champ:FaceSlap","floor":14},{"not_picked":["champ:FanOfKnives","champ:FaceSlap"],"picked":"champ:ShieldSigil","floor":15},{"not_picked":["champ:IgnorePain","champ:LastStand"],"picked":"champ:PerfectForm","floor":16},{"not_picked":["champ:RageSigil","champ:FightOn"],"picked":"champ:IronFortress","floor":19},{"not_picked":["champ:PerfectedStrike","champ:Shatter"],"picked":"champ:FocusedBerserking","floor":23},{"not_picked":["champ:DefensiveShout","champ:FanOfKnives"],"picked":"champ:Encircle","floor":25},{"not_picked":["champ:ShieldSigil","champ:Shatter"],"picked":"champ:BringItOn","floor":28},{"not_picked":["champ:Circumvent","champ:RisingSlash"],"picked":"champ:StanceDance","floor":29},{"not_picked":["champ:Backstep","champ:FlashCut","champ:DefensiveShout"],"picked":"Singing Bowl","floor":30},{"not_picked":["champ:Backstep","champ:BladeFlurry"],"picked":"champ:FlashCut+1","floor":32},{"not_picked":["champ:EnchantCrown","champ:HeavySlash"],"picked":"champ:StrikeOfGenius","floor":33},{"not_picked":["champ:Encircle","champ:BerserkersShout"],"picked":"champ:Circumvent","floor":38},{"not_picked":["champ:BladeFlurry","champ:Riposte","champ:FaceSlap"],"picked":"Singing Bowl","floor":39},{"not_picked":["champ:FocusedBerserking","champ:PerfectedStrike"],"picked":"champ:StanceDance+1","floor":43},{"not_picked":["champ:FanOfKnives+1","champ:Haymaker+1"],"picked":"champ:BringItOn+1","floor":45},{"not_picked":["champ:FlashCut","champ:AdrenalArmor"],"picked":"champ:EndlessRage","floor":46},{"not_picked":["champ:AdrenalArmor","champ:CrookedStrike+1"],"picked":"champ:StrikeOfGenius","floor":47},{"not_picked":["champ:DeathBlow+1","champ:PreciseThrust"],"picked":"champ:CrookedStrike+1","floor":48},{"not_picked":["champ:IronFortress+1","champ:RageSigil"],"picked":"champ:DefensiveShout+1","floor":49},{"not_picked":["champ:RapidStrikes","champ:FocusedBerserking"],"picked":"champ:RisingSlash+1","floor":52}],"player_experience":296193,"relics_obtained":[{"floor":0,"key":"Oddly Smooth Stone"},{"floor":0,"key":"Blue Candle"},{"floor":0,"key":"Shovel"},{"floor":1,"key":"Centennial Puzzle"},{"floor":5,"key":"Strawberry"},{"floor":7,"key":"Pear"},{"floor":22,"key":"Singing Bowl"},{"floor":25,"key":"Whetstone"},{"floor":35,"key":"Happy Flower"},{"floor":41,"key":"Potion Belt"},{"floor":44,"key":"sneckomod:BlankCard"},{"floor":52,"key":"StoneCalendar"}],"event_choices":[{"damage_healed":0,"gold_gain":0,"player_choice":"Box","damage_taken":0,"relics_obtained":["Boot"],"max_hp_gain":0,"max_hp_loss":0,"event_name":"Big Fish","floor":11,"gold_loss":0,"cards_obtained":["Regret"]},{"damage_healed":0,"gold_gain":0,"player_choice":"Simplicity","damage_taken":0,"max_hp_gain":0,"max_hp_loss":0,"event_name":"Back to Basics","floor":20,"gold_loss":0,"cards_upgraded":["champ:Strike","champ:Strike","champ:Strike","champ:Strike","champ:Defend","champ:Defend","champ:Defend","champ:Defend"]}],"is_beta":false,"boss_relics":[{"not_picked":["Velvet Choker","Philosopher\u0027s Stone"],"picked":"Sozu"},{"not_picked":["Empty Cage","Tiny House"],"picked":"champ:ChampionCrownUpgraded"}],"items_purged_floors":[12],"is_endless":false,"potions_floor_spawned":[2,6,13,16,19,25,33,38,39],"ascension_level":0}}