{"host":"d8hh7rr4yzitjeuj","time":1608268580,"event":{"mods":["2.2 Compatiblity","AchievementEnabler","BaseMod","CapriCore","Colored Map","Colored Powertips","Highlight Path","Keyboard Shortcuts","Minty Spire (QoL Compilation)","Permanent Neow","Quick Restart","StSLib","SuperFastMode"],"gold_per_floor":[112,123,123,135,149,149,149,149,172,188,188,206,216,232,232,310,310,330,344,364,383,383,383],"floor_reached":22,"playtime":752,"items_purged":[],"score":368,"play_id":"17cb9b46-c4b6-43fd-bf91-f0808daa9768","local_time":"20201218141620","is_ascension_mode":true,"campfire_choices":[{"data":"Sunder","floor":6.0,"key":"SMITH"},{"floor":8.0,"key":"REST"},{"data":"Go for the Eyes","floor":11.0,"key":"SMITH"},{"data":"Redo","floor":15,"key":"SMITH"}],"circlet_count":0,"master_deck":["AscendersBane","Strike_B","Strike_B","Strike_B","Strike_B","Defend_B","Defend_B","Defend_B","Defend_B","Zap","Dualcast","Sunder+1","BootSequence","Loop","Go for the Eyes+1","Rebound","Cold Snap","Redo+1","Electrodynamics","Chaos","Heatsinks+1","Echo Form","Glacier"],"relics":["Inserter","Bag of Marbles","Oddly Smooth Stone","Cursed Key"],"acts_visited":["Exordium","TheCity"],"potions_floor_usage":[16,21,22],"damage_taken":[{"damage":6.0,"enemies":"2 Louse","floor":1.0,"turns":3.0},{"damage":6.0,"enemies":"Cultist","floor":2.0,"turns":3.0},{"damage":4.0,"enemies":"Jaw Worm","floor":4.0,"turns":4.0},{"damage":30.0,"enemies":"Gremlin Gang","floor":5.0,"turns":5.0},{"damage":13.0,"enemies":"Looter","floor":10.0,"turns":4.0},{"damage":3.0,"enemies":"Lots of Slimes","floor":12.0,"turns":4.0},{"damage":1,"enemies":"Blue Slaver","floor":13,"turns":4},{"damage":0,"enemies":"2 Fungi Beasts","floor":14,"turns":2},{"damage":23,"enemies":"The Guardian","floor":16,"turns":13},{"damage":10,"enemies":"2 Thieves","floor":18,"turns":4},{"damage":4,"enemies":"3 Byrds","floor":19,"turns":4},{"damage":16,"enemies":"Centurion and Healer","floor":20,"turns":6},{"damage":24,"enemies":"Cultist and Chosen","floor":21,"turns":5},{"damage":4,"enemies":"3 Cultists","floor":22,"turns":2}],"seed_played":"-9195421544614394285","potions_obtained":[{"floor":4.0,"key":"Swift Potion"},{"floor":10.0,"key":"LiquidBronze"},{"floor":12.0,"key":"DistilledChaos"},{"floor":18,"key":"Swift Potion"}],"is_trial":false,"path_per_floor":["M","M","?","M","M","R","?","R","T","M","R","M","M","M","R","B",null,"M","M","M","M","M"],"character_chosen":"DEFECT","items_purchased":[],"campfire_rested":1,"item_purchase_floors":[],"current_hp_per_floor":[58,52,57,53,23,23,23,45,45,32,32,29,28,28,28,5,58,48,44,28,4,0,0],"gold":383,"neow_bonus":"BOSS_RELIC","is_daily":false,"chose_seed":false,"campfire_upgraded":3,"win_rate":0.0,"timestamp":1608268580,"path_taken":["M","M","?","M","M","R","?","R","T","M","R","M","M","M","R","BOSS","M","M","M","M","M"],"items_purchased_type":[],"build_version":"2020-12-13","purchased_purges":0,"victory":false,"max_hp_per_floor":[71,71,76,76,76,76,76,76,76,76,76,76,76,76,76,76,76,76,76,76,76,76,76],"card_choices":[{"not_picked":["Hologram","Blizzard"],"picked":"Chaos","floor":1.0},{"not_picked":["Cold Snap","Turbo"],"picked":"Sunder","floor":2.0},{"not_picked":["Chaos","Steam Power"],"picked":"BootSequence","floor":4.0},{"not_picked":["Scrape","Double Energy"],"picked":"Loop","floor":5.0},{"not_picked":["Ball Lightning","Double Energy"],"picked":"Go for the Eyes","floor":10.0},{"not_picked":["Leap","Sunder"],"picked":"Rebound","floor":12.0},{"not_picked":["Ball Lightning","Gash"],"picked":"Cold Snap","floor":13},{"not_picked":["Cold Snap","Reboot"],"picked":"Redo","floor":14},{"not_picked":["Thunder Strike","Amplify"],"picked":"Electrodynamics","floor":16},{"not_picked":["Turbo","Rebound"],"picked":"Chaos","floor":18},{"not_picked":["Gash+1","Cold Snap"],"picked":"Heatsinks+1","floor":19},{"not_picked":["Darkness","Compile Driver"],"picked":"Echo Form","floor":20},{"not_picked":["Hologram","Gash"],"picked":"Glacier","floor":21}],"player_experience":1357966,"relics_obtained":[{"floor":9.0,"key":"Oddly Smooth Stone"}],"event_choices":[{"damage_healed":0.0,"max_hp_gain":5.0,"max_hp_loss":0.0,"gold_gain":0.0,"event_name":"Big Fish","player_choice":"Donut","floor":3.0,"gold_loss":0.0,"damage_taken":0.0},{"cards_removed":["Chaos"],"damage_healed":0.0,"max_hp_gain":0.0,"max_hp_loss":0.0,"gold_gain":0.0,"event_name":"WeMeetAgain","player_choice":"Gave Card","floor":7.0,"gold_loss":0.0,"damage_taken":0.0,"relics_obtained":["Bag of Marbles"]}],"is_beta":false,"boss_relics":[{"not_picked":["Tiny House","Snecko Eye"],"picked":"Cursed Key"}],"items_purged_floors":[],"is_endless":false,"potions_floor_spawned":[4,10,12,13,18,19],"killed_by":"3 Cultists","ascension_level":20}}