{"host":"o0q01dgb4z8zpo6o","time":1608271542,"event":{"mods":["BaseMod","GifTheSpireLib","Minty Spire (QoL Compilation)","Relic Stats","StSLib"],"gold_per_floor":[111,111,123,133,144,144,156,156,181,246,246,266,276,276,276],"floor_reached":14,"playtime":518,"items_purged":[],"score":147,"play_id":"4f38c4de-dbf6-4cc9-806f-dbc157cac5a6","local_time":"20201217220542","is_ascension_mode":true,"campfire_choices":[{"data":"Zap","floor":6,"key":"SMITH"},{"data":"Ball Lightning","floor":8,"key":"SMITH"},{"data":"Genetic Algorithm","floor":11,"key":"SMITH"}],"circlet_count":0,"master_deck":["AscendersBane","Strike_B","Strike_B","Strike_B","Strike_B","Defend_B","Defend_B","Defend_B","Zap+1","Dualcast","Hologram","Blizzard","Leap","Compile Driver","Undo","Ball Lightning+1","Genetic Algorithm+1"],"relics":["Cracked Core","Juzu Bracelet","Lantern"],"acts_visited":["Exordium"],"potions_floor_usage":[10,14],"damage_taken":[{"damage":0,"enemies":"Small Slimes","floor":1,"turns":3},{"damage":1,"enemies":"Cultist","floor":3,"turns":4},{"damage":6,"enemies":"2 Louse","floor":4,"turns":3},{"damage":0,"enemies":"Large Slime","floor":5,"turns":5},{"damage":12,"enemies":"Exordium Thugs","floor":7,"turns":5},{"damage":21,"enemies":"3 Sentries","floor":10,"turns":5},{"damage":9,"enemies":"Blue Slaver","floor":12,"turns":3},{"damage":0,"enemies":"2 Fungi Beasts","floor":13,"turns":3},{"damage":16,"enemies":"Gremlin Nob","floor":14,"turns":3}],"seed_played":"-8925282174356025060","potions_obtained":[{"floor":3,"key":"Explosive Potion"},{"floor":7,"key":"Weak Potion"},{"floor":12,"key":"BlessingOfTheForge"},{"floor":13,"key":"CultistPotion"}],"is_trial":false,"path_per_floor":["M","?","M","M","M","R","M","R","T","?","R","M","M","E"],"character_chosen":"DEFECT","items_purchased":[],"campfire_rested":0,"item_purchase_floors":[],"current_hp_per_floor":[64,64,63,57,57,57,45,45,45,24,24,15,15,0,0],"gold":276,"neow_bonus":"THREE_CARDS","is_daily":false,"chose_seed":false,"campfire_upgraded":3,"win_rate":0.0,"timestamp":1608271542,"path_taken":["M","?","M","M","?","R","M","R","T","?","R","M","M","E"],"items_purchased_type":[],"build_version":"2020-12-13","purchased_purges":0,"victory":false,"max_hp_per_floor":[71,71,71,71,71,71,71,71,71,71,71,71,71,71,71],"relic_stats":{"counters":[9,34],"Juzu Bracelet":0,"obtain_stats":[{"Lantern":10,"Juzu Bracelet":9,"Cracked Core":0},{"Lantern":6,"Juzu Bracelet":5,"Cracked Core":0},{"Lantern":25,"Juzu Bracelet":20,"Cracked Core":0}]},"card_choices":[{"not_picked":["Self Repair","Stack"],"picked":"Hologram","floor":0},{"not_picked":["Compile Driver","Gash"],"picked":"Blizzard","floor":1},{"not_picked":["Skim","Rebound"],"picked":"Leap","floor":3},{"not_picked":["Hologram","Redo"],"picked":"Compile Driver","floor":4},{"not_picked":["Storm","Gash"],"picked":"Undo","floor":5},{"not_picked":["Aggregate","Streamline"],"picked":"Ball Lightning","floor":7},{"not_picked":["Go for the Eyes","Compile Driver"],"picked":"Genetic Algorithm","floor":10},{"not_picked":["Leap","Barrage","Streamline"],"picked":"SKIP","floor":12},{"not_picked":["Rebound","Auto Shields","Leap"],"picked":"SKIP","floor":13}],"player_experience":1003718,"relics_obtained":[{"floor":9,"key":"Juzu Bracelet"},{"floor":10,"key":"Lantern"}],"event_choices":[{"cards_removed":["Defend_B"],"damage_healed":0,"gold_gain":0,"player_choice":"Purged","damage_taken":0,"max_hp_gain":0,"max_hp_loss":0,"event_name":"Purifier","floor":2,"gold_loss":0},{"damage_healed":0,"gold_gain":30,"player_choice":"Searched \u00272\u0027 times","damage_taken":0,"max_hp_gain":0,"max_hp_loss":0,"event_name":"Dead Adventurer","floor":10,"gold_loss":0}],"is_beta":false,"boss_relics":[],"items_purged_floors":[],"is_endless":false,"potions_floor_spawned":[3,7,12,13],"killed_by":"Gremlin Nob","ascension_level":15}}