{"host":"o0q01dgb4z8zpo6o","time":1608323102,"event":{"mods":["BaseMod","GifTheSpireLib","Minty Spire (QoL Compilation)","Relic Stats","StSLib"],"gold_per_floor":[113,125,148,148,148,148,160,191,241,241,255,255,266,286,286,357,357,367,367,385,158,174,174,174,174],"floor_reached":24,"playtime":1289,"items_purged":["Defend_B"],"score":372,"play_id":"e06ae9c0-8fe6-4168-bee2-19c4032687b7","local_time":"20201218122502","is_ascension_mode":true,"campfire_choices":[{"data":"Barrage","floor":6,"key":"SMITH"},{"floor":12,"key":"REST"},{"data":"Rainbow","floor":15,"key":"SMITH"},{"data":"Buffer","floor":23,"key":"SMITH"}],"circlet_count":0,"master_deck":["AscendersBane","Defend_B","Defend_B","Defend_B","Zap","Dualcast","Rainbow+1","Barrage+1","Leap","Sunder+1","Compile Driver","Sweeping Beam","Hologram","Buffer+1","Bite","Bite","Bite","Bite","Bite","Auto Shields+1"],"relics":["Cracked Core","Boot","Mercury Hourglass","Oddly Smooth Stone","Philosopher\u0027s Stone","Akabeko"],"acts_visited":["Exordium","TheCity"],"potions_floor_usage":[8,16,24],"damage_taken":[{"damage":8,"enemies":"Cultist","floor":1,"turns":4},{"damage":2,"enemies":"Jaw Worm","floor":2,"turns":4},{"damage":0,"enemies":"2 Louse","floor":7,"turns":2},{"damage":25,"enemies":"Lagavulin","floor":8,"turns":9},{"damage":4,"enemies":"Lots of Slimes","floor":11,"turns":2},{"damage":0,"enemies":"Large Slime","floor":13,"turns":3},{"damage":0,"enemies":"Looter","floor":14,"turns":2},{"damage":14,"enemies":"The Guardian","floor":16,"turns":9},{"damage":10,"enemies":"Spheric Guardian","floor":18,"turns":4},{"damage":26,"enemies":"2 Thieves","floor":20,"turns":3},{"damage":12,"enemies":"Cultist and Chosen","floor":22,"turns":3},{"damage":18,"enemies":"Snake Plant","floor":24,"turns":2}],"seed_played":"-444531547109958970","potions_obtained":[{"floor":7,"key":"SkillPotion"},{"floor":13,"key":"EssenceOfSteel"},{"floor":14,"key":"FairyPotion"},{"floor":16,"key":"Swift Potion"},{"floor":20,"key":"Regen Potion"}],"is_trial":false,"path_per_floor":["M","M","T","?","?","R","M","E","T","?","M","R","M","M","R","B",null,"M","?","M","$","M","R","M"],"character_chosen":"DEFECT","items_purchased":["Akabeko"],"campfire_rested":1,"item_purchase_floors":[21],"current_hp_per_floor":[56,54,54,54,47,47,47,22,22,22,18,39,39,39,39,25,60,50,49,25,25,17,17,0,0],"gold":174,"neow_bonus":"ONE_RANDOM_RARE_CARD","is_daily":false,"chose_seed":false,"campfire_upgraded":3,"win_rate":0.0,"timestamp":1608323102,"path_taken":["M","M","?","?","?","R","M","E","T","?","?","R","M","M","R","BOSS","M","?","M","$","M","R","M"],"items_purchased_type":["Relic"],"build_version":"2020-12-13","purchased_purges":1,"victory":false,"max_hp_per_floor":[71,71,71,71,71,71,71,71,71,71,71,71,71,71,71,71,71,71,49,49,49,49,49,49,49],"relic_stats":{"counters":[12,46],"Boot":[2],"obtain_stats":[{"Oddly Smooth Stone":9,"Philosopher\u0027s Stone":17,"Cracked Core":0,"Boot":3,"Akabeko":21,"Mercury Hourglass":8},{"Oddly Smooth Stone":4,"Philosopher\u0027s Stone":8,"Cracked Core":0,"Boot":2,"Akabeko":10,"Mercury Hourglass":4},{"Oddly Smooth Stone":19,"Philosopher\u0027s Stone":34,"Cracked Core":0,"Boot":8,"Akabeko":41,"Mercury Hourglass":19}],"Mercury Hourglass":[104]},"card_choices":[{"not_picked":["Coolheaded","Lockon"],"picked":"Barrage","floor":1},{"not_picked":["Redo","Darkness"],"picked":"Leap","floor":2},{"not_picked":["Chaos","Conserve Battery"],"picked":"Sunder","floor":7},{"not_picked":["Steam","Streamline","Heatsinks"],"picked":"SKIP","floor":8},{"not_picked":["Beam Cell","Cold Snap"],"picked":"Compile Driver","floor":11},{"not_picked":["Redo","Hyperbeam"],"picked":"Sweeping Beam","floor":13},{"not_picked":["Beam Cell","Cold Snap"],"picked":"Hologram","floor":14},{"not_picked":["Amplify","Hyperbeam"],"picked":"Buffer","floor":16},{"not_picked":["Auto Shields","Sweeping Beam","Scrape"],"picked":"SKIP","floor":18},{"not_picked":["Barrage","Beam Cell"],"picked":"Auto Shields+1","floor":20},{"not_picked":["Consume","Turbo","Beam Cell"],"picked":"SKIP","floor":22}],"player_experience":1009711,"relics_obtained":[{"floor":3,"key":"Boot"},{"floor":8,"key":"Mercury Hourglass"},{"floor":9,"key":"Oddly Smooth Stone"}],"event_choices":[{"damage_healed":0,"gold_gain":0,"player_choice":"Ignored","damage_taken":0,"max_hp_gain":0,"max_hp_loss":0,"event_name":"Liars Game","floor":4,"gold_loss":0},{"cards_removed":["Strike_B"],"damage_healed":0,"gold_gain":0,"player_choice":"Card Removal","damage_taken":7,"max_hp_gain":0,"max_hp_loss":0,"event_name":"Golden Wing","floor":5,"gold_loss":0},{"damage_healed":0,"gold_gain":0,"player_choice":"Upgraded","damage_taken":0,"max_hp_gain":0,"max_hp_loss":0,"event_name":"Upgrade Shrine","floor":10,"gold_loss":0,"cards_upgraded":["Sunder"]},{"damage_healed":0,"gold_gain":0,"player_choice":"Became a vampire","damage_taken":0,"max_hp_gain":0,"max_hp_loss":22,"event_name":"Vampires","floor":19,"gold_loss":0,"cards_obtained":["Bite","Bite","Bite","Bite","Bite"]}],"is_beta":false,"boss_relics":[{"not_picked":["SacredBark","Ectoplasm"],"picked":"Philosopher\u0027s Stone"}],"items_purged_floors":[21],"is_endless":false,"potions_floor_spawned":[7,13,14,16,20,22],"killed_by":"Snake Plant","ascension_level":15}}