{"host":"4ih4fq53sefgqhvb","time":1608270177,"event":{"mods":["AchievementEnabler","Aspiration","Bard","BaseMod","BetterRewards","Colored Map","Colored Powertips","Conspire","Downfall","Googly Eyes","Hermit","Highlight Path","Hubris","Infinite Spire","Jedi Mod","Jorbs\u0027s Wanderer Trilogy","Marisa????????","Mimic Mod","Minty Spire (QoL Compilation)","Quick Restart","Relic Stats","Replay The Spire","Shop Mod","StSLib","The Animator","The Cursed","The Jungle","The Runesmith"],"gold_per_floor":[156,182,182,182,182,195,195,195,206,240,259,280,307,307,334,344,344],"floor_reached":16,"playtime":1005,"items_purged":[],"score":112,"play_id":"7ee05e00-a5d5-438a-89c9-0cbf8db23137","local_time":"20201217214257","is_ascension_mode":false,"campfire_choices":[{"floor":4,"key":"REST"}],"circlet_count":0,"master_deck":["hexamod:Strike","hexamod:Strike","hexamod:Strike","hexamod:Strike","hexamod:Defend","hexamod:Defend","hexamod:Defend","hexamod:Defend","hexamod:Sear","hexamod:Float","hexamod:BurningTouch","hexamod:InspiringFlames","hexamod:GhostOfSpirePast","hexamod:ThermalTransfer","hexamod:StepThrough","hexamod:Firestarter","hexamod:WildfireWeapon","hexamod:HauntingEcho"],"relics":["hexamod:SpiritBrand","Mirror","hubris:Towel","Mummified Hand","hubris:MedicalManual","Replay:Bandana"],"acts_visited":["Exordium"],"potions_floor_usage":[12],"damage_taken":[{"damage":13,"enemies":"Replay:BlueRogue","floor":2,"turns":7},{"damage":0,"enemies":"Cultist","floor":6,"turns":3},{"damage":9,"enemies":"Small Slimes","floor":9,"turns":3},{"damage":23,"enemies":"3 Sentries","floor":10,"turns":14},{"damage":5,"enemies":"Jaw Worm","floor":11,"turns":3},{"damage":0,"enemies":"Exordium Thugs","floor":12,"turns":5},{"damage":5,"enemies":"Exordium Wildlife","floor":13,"turns":5},{"damage":1,"enemies":"Blue Slaver","floor":15,"turns":3},{"damage":20,"enemies":"downfall:Silent","floor":16,"turns":4}],"seed_played":"3381523357958690680","potions_obtained":[{"floor":10,"key":"jedi:holywater"},{"floor":11,"key":"Block Potion"},{"floor":12,"key":"SteroidPotion"}],"is_trial":false,"path_per_floor":["R_BF","E","?","R","?","M","T","?","M","E","M","M","M","?","M","B"],"character_chosen":"THE_SPIRIT","items_purchased":[],"campfire_rested":1,"item_purchase_floors":[],"current_hp_per_floor":[49,36,36,57,57,57,57,57,48,25,20,20,15,15,14,0,0],"gold":344,"neow_bonus":"RANDOM_COLORLESS_2","is_daily":false,"chose_seed":false,"campfire_upgraded":0,"win_rate":0.0,"timestamp":1608270177,"path_taken":["R_BF","E","?","R","?","M","T","?","M","E","?","M","M","?","M","BOSS"],"items_purchased_type":[],"build_version":"2020-12-13","purchased_purges":0,"victory":false,"max_hp_per_floor":[70,70,70,70,70,70,70,70,70,70,70,70,70,70,70,70,70],"relic_stats":{"counters":[9,47],"Mummified Hand":[3],"obtain_stats":[{"Replay:Bandana":10,"Mummified Hand":7,"hubris:MedicalManual":8,"hubris:Towel":5,"Mirror":2,"hexamod:SpiritBrand":0},{"Replay:Bandana":4,"Mummified Hand":2,"hubris:MedicalManual":2,"hubris:Towel":1,"Mirror":1,"hexamod:SpiritBrand":0},{"Replay:Bandana":27,"Mummified Hand":10,"hubris:MedicalManual":10,"hubris:Towel":7,"Mirror":7,"hexamod:SpiritBrand":0}]},"card_choices":[{"not_picked":["Magnetism","Secret Technique"],"picked":"jedi:RedIncense","floor":0},{"not_picked":["hexamod:Rewind","hexamod:GhostShield"],"picked":"hexamod:BurningTouch","floor":2},{"not_picked":["hexamod:ShieldOfDarkness","hexamod:GhostShield"],"picked":"hexamod:InspiringFlames","floor":6},{"not_picked":["hexamod:SpectralAdrenaline","hexamod:InspiringFlames"],"picked":"hexamod:GhostOfSpirePast","floor":9},{"not_picked":["hexamod:NightmareGuise","hexamod:SpectersWail"],"picked":"hexamod:ThermalTransfer","floor":10},{"not_picked":["hexamod:AdvancingGuard","hexamod:GhostLash"],"picked":"hexamod:StepThrough","floor":11},{"not_picked":["hexamod:GhostOfSpirePast","hexamod:InspiringFlames"],"picked":"hexamod:Firestarter","floor":12},{"not_picked":["hexamod:FastForward","hexamod:RainOfEmbers"],"picked":"hexamod:WildfireWeapon","floor":13},{"not_picked":["hexamod:BacktrackSmack","hexamod:SpectersWail"],"picked":"hexamod:HauntingEcho","floor":15}],"player_experience":879005,"relics_obtained":[{"floor":2,"key":"Mirror"},{"floor":7,"key":"Mummified Hand"},{"floor":8,"key":"hubris:MedicalManual"},{"floor":10,"key":"Replay:Bandana"}],"event_choices":[{"damage_healed":0,"gold_gain":0,"player_choice":"Disagree","damage_taken":0,"max_hp_gain":0,"max_hp_loss":0,"event_name":"conspire:LoneGhost","floor":3,"gold_loss":0},{"cards_removed":["jedi:RedIncense"],"damage_healed":0,"gold_gain":0,"player_choice":"Purged","damage_taken":0,"max_hp_gain":0,"max_hp_loss":0,"event_name":"Purifier","floor":14,"gold_loss":0}],"is_beta":false,"boss_relics":[],"items_purged_floors":[],"is_endless":false,"potions_floor_spawned":[10,11,12],"killed_by":"downfall:Silent","ascension_level":0}}