{"host":"rylkjufw9dlhr07b","time":1608303009,"event":{"mods":["AchievementEnabler","BaseMod","Better Note","BetterRewards","Hubris","Minty Spire (QoL Compilation)","Quick Restart","Replay The Spire","StSLib","The Necromancer"],"gold_per_floor":[153,153,14,55,84,156,193,193,218,258,258,291,362,362,362,398,398,549,549,594,594,574,627,15,15,106,106,188,260,260,16,16,101,101,313,313,374,439,517,517,628,628,720,720,720,387,492,513,609,139,139,249],"floor_reached":53,"playtime":2453,"items_purged":["ReplayTheSpireMod:Doomed","Writhe","ReplayTheSpireMod:Doomed"],"score":1676,"play_id":"ec95a27e-1bbf-4354-bfaf-d0ed719246e1","local_time":"20201218155009","is_ascension_mode":true,"campfire_choices":[{"floor":8,"key":"REST"},{"data":"Armaments","floor":25,"key":"SMITH"},{"data":"Feed","floor":30,"key":"SMITH"},{"data":"Metallicize","floor":32,"key":"SMITH"},{"data":"Inflame","floor":34,"key":"SMITH"},{"data":"Demon Form","floor":42,"key":"SMITH"},{"data":"Demon Form","floor":44,"key":"SMITH"}],"circlet_count":0,"master_deck":["AscendersBane","Strike_R","Strike_R","Strike_R","Strike_R","Strike_R","Defend_R","Defend_R","Defend_R","Defend_R","Bash","Armaments+1","Feel No Pain","Fire Breathing","Immolate","Body Slam","ReplayTheSpireMod:Muscle Training","Iron Wave","Body Slam+1","Wild Strike","Armaments+1","Thunderclap","Feed+1","Pommel Strike","Flash of Steel+1","Clothesline","Flash of Steel+1","Clash+1","Metallicize+1","Inflame+1","Iron Wave","Demon Form+1","Pommel Strike","Evolve+1","Sword Boomerang","Second Wind","Demon Form+1","Inflame","Disarm+1","Heavy Blade","Shrug It Off","True Grit","True Grit","Evolve"],"relics":["Burning Blood","Replay:Bandana","ReplayTheSpireMod:CursedCoin","hubris:ToyBattleship","FossilizedHelix","Akabeko","Pen Nib","Gremlin Horn","Cursed Key","DollysMirror","Garlic","Potion Belt","Mummified Hand","Vajra","hubris:RunicObelisk","Replay:Bottled Eggs","Toolbox","hubris:GlazedTorus","hubris:ChampionShield"],"acts_visited":["Exordium","TheCity","TheBeyond"],"potions_floor_usage":[13,13,18,18,29,29,35,35,43,52,52,52],"damage_taken":[{"damage":8.0,"enemies":"Cultist","floor":1.0,"turns":4.0},{"damage":0.0,"enemies":"Small Slimes","floor":4.0,"turns":4.0},{"damage":0.0,"enemies":"2 Louse","floor":5.0,"turns":1.0},{"damage":20.0,"enemies":"Gremlin Nob","floor":6.0,"turns":5.0},{"damage":8,"enemies":"Blue Slaver","floor":7,"turns":3},{"damage":0,"enemies":"Red Slaver","floor":10,"turns":2},{"damage":0,"enemies":"Looter","floor":12,"turns":2},{"damage":0,"enemies":"3 Sentries","floor":13,"turns":3},{"damage":0,"enemies":"Gremlin Gang","floor":16,"turns":2},{"damage":12,"enemies":"Hexaghost","floor":18,"turns":9},{"damage":0,"enemies":"Spheric Guardian","floor":20,"turns":3},{"damage":0,"enemies":"2 Thieves","floor":23,"turns":2},{"damage":0,"enemies":"3 Cultists","floor":26,"turns":6},{"damage":7,"enemies":"Snecko","floor":29,"turns":4},{"damage":3,"enemies":"Centurion and Healer","floor":33,"turns":6},{"damage":38,"enemies":"Pondfish","floor":35,"turns":10},{"damage":5,"enemies":"3 Darklings","floor":37,"turns":3},{"damage":0,"enemies":"3 Shapes","floor":38,"turns":3},{"damage":26,"enemies":"Sphere and 2 Shapes","floor":39,"turns":4},{"damage":9,"enemies":"3 Darklings","floor":41,"turns":5},{"damage":13,"enemies":"Spire Growth","floor":43,"turns":4},{"damage":17,"enemies":"Transient","floor":47,"turns":5},{"damage":10,"enemies":"Maw","floor":49,"turns":5},{"damage":49,"enemies":"Replay:Hell Engine","floor":52,"turns":6}],"seed_played":"-1833788061799977332","potions_obtained":[{"floor":4.0,"key":"LiquidBronze"},{"floor":5.0,"key":"SteroidPotion"},{"floor":7,"key":"Energy Potion"},{"floor":16,"key":"Languid Potion"},{"floor":17,"key":"Cursed Concoction"},{"floor":18,"key":"LiquidMemories"},{"floor":22,"key":"LiquidMemories"},{"floor":29,"key":"Block Potion"},{"floor":33,"key":"AttackPotion"},{"floor":39,"key":"Strength Potion"},{"floor":41,"key":"SteroidPotion"},{"floor":43,"key":"Cursed Concoction"},{"floor":47,"key":"Energy Potion"}],"is_trial":false,"path_per_floor":["M","?","?","M","M","E","M","R","T","M","?","M","E","PTL","PTL","M","R","B",null,"M","?","?","M","$","R","M","?","T","M","R","$","R","M","R","B",null,"M","M","M","?","M","R","M","R","T","$","M","?","M","$","R","B",null],"character_chosen":"IRONCLAD","items_purchased":["Replay:Bandana","ReplayTheSpireMod:CursedCoin","hubris:ToyBattleship","Armaments","Feel No Pain","DollysMirror","Garlic","Potion Belt","Vajra","Inflame","Inflame","Toolbox","hubris:ChampionShield","True Grit","Evolve","ColorlessPotion"],"campfire_rested":1,"item_purchase_floors":[0,0,0,0,0,24,24,24,31,31,46,46,50,50,50,50],"current_hp_per_floor":[43,43,43,49,55,41,39,61,61,67,67,73,75,75,75,75,75,69,74,75,75,75,75,75,75,79,79,79,81,81,81,81,86,86,54,78,79,89,73,73,70,70,63,63,63,63,52,52,52,52,81,38],"gold":249,"neow_bonus":"","is_daily":false,"chose_seed":false,"campfire_upgraded":6,"win_rate":0.0,"timestamp":1608303009,"path_taken":["M","?","?","M","?","E","M","R","T","?","?","M","E","PTL","PTL","M","R","BOSS","M","?","?","?","?","R","M","?","T","M","R","$","R","?","R","BOSS","M","M","M","?","M","R","M","R","T","?","M","?","M","$","R","BOSS"],"items_purchased_type":["Relic","Relic","Relic","Card","Card","Relic","Relic","Relic","Relic","Card","Card","Relic","Relic","Card","Card","Potion"],"build_version":"2020-12-13","purchased_purges":3,"victory":true,"max_hp_per_floor":[75,75,75,75,75,75,75,75,75,75,75,75,75,75,75,75,75,75,75,75,75,75,75,75,75,79,79,79,82,82,82,82,86,86,86,86,86,90,94,94,94,94,94,94,94,94,94,94,98,98,98,98],"card_choices":[{"not_picked":["True Grit","Replay:Undeath\u0027s Touch"],"picked":"Fire Breathing","floor":1.0},{"not_picked":["Headbutt","Sever Soul"],"picked":"Immolate","floor":4.0},{"not_picked":["ReplayTheSpireMod:Strike From Hell","Battle Trance"],"picked":"Body Slam","floor":5.0},{"not_picked":["Infernal Blade","Havoc"],"picked":"ReplayTheSpireMod:Muscle Training","floor":6.0},{"not_picked":["Flex","Twin Strike"],"picked":"Iron Wave","floor":7},{"not_picked":["ReplayReversal","Entrench"],"picked":"Body Slam","floor":10},{"not_picked":["Carnage","Searing Blow"],"picked":"Wild Strike","floor":12},{"not_picked":["Dual Wield","Demonic Infusion"],"picked":"Armaments","floor":13},{"not_picked":["Armaments","Whirlwind"],"picked":"Thunderclap","floor":16},{"not_picked":["Corruption","Demonic Infusion"],"picked":"Feed","floor":18},{"not_picked":["Anger","Searing Blow"],"picked":"Pommel Strike","floor":20},{"not_picked":["Seeing Red","Searing Blow"],"picked":"Clothesline","floor":23},{"not_picked":["Iron Wave","Heavy Blade"],"picked":"Clash+1","floor":26},{"not_picked":["Run Through","Twin Strike"],"picked":"Metallicize","floor":29},{"not_picked":["Thunderclap+1","Rampage"],"picked":"Iron Wave","floor":33},{"not_picked":["Feed","Exhume"],"picked":"Demon Form","floor":35},{"not_picked":["Hemokinesis","hubris:CleavingFinish+1"],"picked":"Pommel Strike","floor":37},{"not_picked":["Sword Boomerang","True Grit"],"picked":"Evolve+1","floor":38},{"not_picked":["Heavy Blade","Pommel Strike+1"],"picked":"Sword Boomerang","floor":39},{"not_picked":["Wild Strike","hubris:ReadiedAction"],"picked":"Second Wind","floor":41},{"not_picked":["Clash+1","Wild Strike+1"],"picked":"Demon Form","floor":43},{"not_picked":["Armaments+1","Havoc"],"picked":"Disarm+1","floor":47},{"not_picked":["Sever Soul","Bloodletting"],"picked":"Heavy Blade","floor":48},{"not_picked":["Headbutt+1","Shockwave"],"picked":"Shrug It Off","floor":49}],"player_experience":613019,"relics_obtained":[{"floor":6.0,"key":"Akabeko"},{"floor":9,"key":"Pen Nib"},{"floor":13,"key":"Gremlin Horn"},{"floor":28,"key":"Mummified Hand"},{"floor":45,"key":"Replay:Bottled Eggs"},{"floor":48,"key":"hubris:GlazedTorus"}],"event_choices":[{"damage_healed":0.0,"max_hp_gain":0.0,"max_hp_loss":0.0,"gold_gain":0.0,"event_name":"Living Wall","player_choice":"Grow","floor":2.0,"gold_loss":0.0,"damage_taken":0.0,"cards_upgraded":["Armaments"]},{"damage_healed":0.0,"max_hp_gain":0.0,"max_hp_loss":0.0,"gold_gain":0.0,"event_name":"WeMeetAgain","player_choice":"Paid Gold","floor":3.0,"gold_loss":139.0,"damage_taken":0.0,"relics_obtained":["FossilizedHelix"]},{"damage_healed":0,"gold_gain":0,"player_choice":"Searched \u00271\u0027 times","damage_taken":0,"max_hp_gain":0,"max_hp_loss":0,"event_name":"Dead Adventurer","floor":11,"gold_loss":0},{"cards_removed":["Feed"],"damage_healed":0,"gold_gain":0,"player_choice":"Take \u0026 Give","damage_taken":0,"max_hp_gain":0,"max_hp_loss":0,"event_name":"betterNote:BetterNote","floor":21,"gold_loss":0,"cards_obtained":["Flash of Steel"]},{"damage_healed":0,"gold_gain":0,"player_choice":"Bought 1 Potion","damage_taken":0,"max_hp_gain":0,"max_hp_loss":0,"event_name":"The Woman in Blue","floor":22,"gold_loss":0},{"damage_healed":0,"gold_gain":0,"player_choice":"Ignored","damage_taken":0,"max_hp_gain":0,"max_hp_loss":0,"event_name":"Ghosts","floor":27,"gold_loss":0},{"cards_removed":["Regret"],"damage_healed":0,"gold_gain":0,"player_choice":"Card Removal","damage_taken":0,"max_hp_gain":0,"max_hp_loss":0,"event_name":"Wheel of Change","floor":40,"gold_loss":0}],"is_beta":false,"boss_relics":[{"not_picked":["hubris:CrackedHourglass","hubris:HollowSoul"],"picked":"Cursed Key"},{"not_picked":["Runic Cube","Tiny House"],"picked":"hubris:RunicObelisk"}],"items_purged_floors":[0,46,50],"is_endless":false,"potions_floor_spawned":[4,5,7,16,18,23,29,33,39,41,43,47],"ascension_level":16}}