{"host":"zi8o4akxlgxypwgb","time":1608302244,"event":{"mods":["BaseMod","Minty Spire (QoL Compilation)","Replay The Spire","StSLib","SuperFastMode"],"gold_per_floor":[117,117,129,129,139,169,54,69,69,69,69,86,113,125,125,125,125],"floor_reached":16,"playtime":1441,"items_purged":[],"score":129,"play_id":"1d788744-8a7d-4e90-8926-cf236223c99f","local_time":"20201218223724","is_ascension_mode":true,"campfire_choices":[{"data":"Secret Technique","floor":11,"key":"SMITH"},{"data":"Shrug It Off","floor":15,"key":"SMITH"}],"circlet_count":0,"master_deck":["Strike_R","Strike_R","Strike_R","Strike_R","Defend_R","Defend_R","Defend_R","Bash","Eruption+1","Vigilance","Strike_P","Strike_R","Secret Technique+1","Pommel Strike","Sword Boomerang","Sever Soul","Replay:Undeath\u0027s Touch","Double Tap","Double Tap","Cleave","Disarm","Perfected Strike","Shrug It Off+1","Replay:Undeath\u0027s Touch","Replay:Many Hands"],"relics":["Burning Blood","Replay:PocketPolymizer","Pear","HornCleat","Bronze Scales"],"acts_visited":["Exordium"],"potions_floor_usage":[14],"damage_taken":[{"damage":8,"enemies":"2 Louse","floor":1,"turns":3},{"damage":0,"enemies":"Cultist","floor":3,"turns":2},{"damage":0,"enemies":"Small Slimes","floor":5,"turns":2},{"damage":47,"enemies":"3 Sentries","floor":6,"turns":6},{"damage":21,"enemies":"Exordium Thugs","floor":8,"turns":4},{"damage":4,"enemies":"2 Fungi Beasts","floor":12,"turns":3},{"damage":21,"enemies":"Replay:BlueRogue","floor":13,"turns":4},{"damage":12,"enemies":"Exordium Wildlife","floor":14,"turns":2},{"damage":17,"enemies":"The Guardian","floor":16,"turns":5}],"seed_played":"-8719544556813066913","potions_obtained":[{"floor":6,"key":"ElixirPotion"},{"floor":8,"key":"Dexterity Potion"},{"floor":13,"key":"Block Potion"}],"is_trial":false,"path_per_floor":["M","?","M","?","M","E","$","M","T","?","R","M","E","M","R","B"],"character_chosen":"IRONCLAD","items_purchased":["Double Tap"],"campfire_rested":0,"item_purchase_floors":[7],"current_hp_per_floor":[78,78,80,80,80,39,39,24,34,34,34,36,21,15,15,0,0],"gold":125,"neow_bonus":"RANDOM_COLORLESS_2","is_daily":false,"chose_seed":false,"campfire_upgraded":2,"win_rate":0.0,"timestamp":1608302244,"path_taken":["M","?","?","?","M","E","$","M","T","?","R","M","E","M","R","BOSS"],"items_purchased_type":["Card"],"build_version":"2020-12-13","purchased_purges":0,"victory":false,"max_hp_per_floor":[80,80,80,80,80,80,80,80,90,90,90,90,90,90,90,90,90],"card_choices":[{"not_picked":["Poisoned Strike","Violence"],"picked":"Secret Technique","floor":0},{"not_picked":["Flex","Clash"],"picked":"Pommel Strike","floor":1},{"not_picked":["Havoc","ReplayTheSpireMod:Corrosion Curse"],"picked":"Sword Boomerang","floor":3},{"not_picked":["Dark Embrace","Sword Boomerang"],"picked":"Sever Soul","floor":5},{"not_picked":["Ghostly Armor","Massacre"],"picked":"Replay:Undeath\u0027s Touch","floor":6},{"not_picked":["Anger","Blood for Blood"],"picked":"Cleave","floor":8},{"not_picked":["Burning Pact","Clothesline"],"picked":"Perfected Strike","floor":12},{"not_picked":["Anger","Replay:Many Hands"],"picked":"Shrug It Off","floor":13},{"not_picked":["True Grit","Havoc"],"picked":"Replay:Undeath\u0027s Touch","floor":14}],"player_experience":356139,"relics_obtained":[{"floor":6,"key":"Replay:PocketPolymizer"},{"floor":9,"key":"Pear"},{"floor":13,"key":"Bronze Scales"}],"event_choices":[{"cards_removed":["Strike_R"],"damage_healed":0,"gold_gain":0,"player_choice":"Offered Basic","damage_taken":0,"max_hp_gain":0,"max_hp_loss":0,"event_name":"Bonfire Elementals","floor":2,"gold_loss":0},{"damage_healed":0,"gold_gain":0,"player_choice":"Grow","damage_taken":0,"max_hp_gain":0,"max_hp_loss":0,"event_name":"Living Wall","floor":4,"gold_loss":0,"cards_upgraded":["Eruption"]},{"damage_healed":0,"gold_gain":0,"player_choice":"Gave Potion","damage_taken":0,"relics_obtained":["HornCleat"],"max_hp_gain":0,"max_hp_loss":0,"event_name":"WeMeetAgain","floor":10,"gold_loss":0}],"is_beta":false,"boss_relics":[],"items_purged_floors":[],"is_endless":false,"potions_floor_spawned":[6,8,13],"killed_by":"The Guardian","ascension_level":3}}