{"host":"newqdrzxfhh2im9e","time":1608264048,"event":{"mods":["AchievementEnabler","BaseMod","BetterRewards","Block Reminder","Colored Map","Jorbs\u0027s Wanderer Trilogy","Minty Spire (QoL Compilation)","Rare Cards Sparkle","Shop Mod","StSLib"],"gold_per_floor":[215,33,52,62,62,62,79,79,155,155,169,184,149,179,179,281,281,298,314,15,114,132,132,132,144,144,144,144,69,69,96,96,192,192,203,217,217,74,93,93,109,109,109,119,169,169,186,34,34,34,34],"floor_reached":50,"playtime":2716,"items_purged":["Writhe"],"score":462,"play_id":"b1e1d67d-7298-48b0-9268-70c5c7df84e1","local_time":"20201217200048","is_ascension_mode":false,"campfire_choices":[{"data":"Violence","floor":6,"key":"SMITH"},{"floor":8,"key":"REST"},{"data":"FTL","floor":10,"key":"SMITH"},{"data":"Rainbow","floor":15,"key":"SMITH"},{"data":"Buffer","floor":23,"key":"SMITH"},{"floor":28,"key":"REST"},{"floor":30,"key":"REST"},{"floor":32,"key":"REST"},{"floor":40,"key":"REST"},{"data":"Doom and Gloom","floor":42,"key":"SMITH"},{"data":"Fission","floor":46,"key":"SMITH"},{"floor":49,"key":"REST"}],"circlet_count":0,"master_deck":["Strike_B","Strike_B","Strike_B","Strike_B","Defend_B","Defend_B","Defend_B","Defend_B","Zap+1","Dualcast","Conserve Battery+1","Violence+1","FTL+1","Conserve Battery","Blizzard","Rainbow+1","Rainbow","Buffer+1","Skim","Melter","Core Surge","Storm","Heatsinks+1","Doom and Gloom+1","Fission+1","Hyperbeam","Sunder+1"],"relics":["Cracked Core","Darkstone Periapt","Art of War","SlaversCollar","TungstenRod","Anchor","Dead Branch","Symbiotic Virus","Sling","Letter Opener","Incense Burner"],"acts_visited":["Exordium","TheCity","TheBeyond"],"potions_floor_usage":[12,12,14,18,19,25,33,41,44,50],"damage_taken":[{"damage":6,"enemies":"Cultist","floor":1,"turns":3},{"damage":4,"enemies":"Small Slimes","floor":3,"turns":3},{"damage":0,"enemies":"2 Louse","floor":4,"turns":3},{"damage":10,"enemies":"Looter","floor":7,"turns":3},{"damage":0,"enemies":"2 Fungi Beasts","floor":11,"turns":3},{"damage":1,"enemies":"Exordium Wildlife","floor":12,"turns":3},{"damage":10,"enemies":"Lagavulin","floor":14,"turns":5},{"damage":35,"enemies":"Slime Boss","floor":16,"turns":13},{"damage":13,"enemies":"Spheric Guardian","floor":18,"turns":6},{"damage":0,"enemies":"Chosen","floor":19,"turns":4},{"damage":7,"enemies":"Snecko","floor":22,"turns":6},{"damage":52,"enemies":"3 Cultists","floor":25,"turns":7},{"damage":13,"enemies":"Slavers","floor":31,"turns":8},{"damage":47,"enemies":"Champ","floor":33,"turns":13},{"damage":17,"enemies":"3 Darklings","floor":35,"turns":7},{"damage":2,"enemies":"Orb Walker","floor":36,"turns":4},{"damage":23,"enemies":"Jaw Worm Horde","floor":39,"turns":5},{"damage":5,"enemies":"Spire Growth","floor":41,"turns":5},{"damage":0,"enemies":"3 Darklings","floor":44,"turns":5},{"damage":0,"enemies":"Mind Bloom Boss Battle","floor":45,"turns":5},{"damage":31,"enemies":"Writhing Mass","floor":47,"turns":6},{"damage":83,"enemies":"Time Eater","floor":50,"turns":10}],"seed_played":"-5853607909857235336","potions_obtained":[{"floor":3,"key":"ColorlessPotion"},{"floor":7,"key":"LiquidBronze"},{"floor":11,"key":"SkillPotion"},{"floor":14,"key":"LiquidMemories"},{"floor":16,"key":"LiquidBronze"},{"floor":18,"key":"AttackPotion"},{"floor":31,"key":"EssenceOfSteel"},{"floor":39,"key":"Swift Potion"},{"floor":41,"key":"Block Potion"}],"is_trial":false,"path_per_floor":["M","$","M","M","?","R","M","R","T","R","M","M","?","E","R","B",null,"M","M","$","?","M","R","?","M","T","?","R","$","R","E","R","B",null,"M","M","?","$","M","R","M","R","T","M","?","R","M","$","R","B"],"character_chosen":"DEFECT","items_purchased":["Violence","TungstenRod","Sling","FairyPotion","Explosive Potion"],"campfire_rested":6,"item_purchase_floors":[2,20,38,48,48],"current_hp_per_floor":[69,69,65,65,50,50,40,62,62,62,62,61,75,65,65,30,75,62,62,62,62,55,55,61,9,9,9,33,33,57,44,68,21,81,64,62,62,62,39,62,57,57,57,57,57,57,26,26,49,0,0],"gold":34,"neow_bonus":"HUNDRED_GOLD","is_daily":false,"chose_seed":false,"campfire_upgraded":6,"win_rate":0.0,"timestamp":1608264048,"path_taken":["M","$","?","M","?","R","M","R","T","R","M","M","?","E","R","BOSS","M","M","$","?","M","R","?","M","T","?","R","$","R","E","R","BOSS","M","M","?","$","M","R","M","R","T","M","?","R","M","?","R","BOSS"],"items_purchased_type":["Card","Relic","Relic","Potion","Potion"],"build_version":"2020-12-13","purchased_purges":1,"victory":false,"max_hp_per_floor":[75,75,75,75,75,75,75,75,75,75,75,75,75,75,75,75,75,75,75,75,75,75,75,81,81,81,81,81,81,81,81,81,81,81,81,81,77,77,77,77,77,77,77,77,77,77,77,77,77,77,77],"card_choices":[{"not_picked":["Leap","Streamline"],"picked":"Conserve Battery","floor":1},{"not_picked":["Streamline","Barrage"],"picked":"FTL","floor":3},{"not_picked":["Gash","Reinforced Body"],"picked":"Conserve Battery","floor":4},{"not_picked":["Sweeping Beam","Conserve Battery"],"picked":"Blizzard","floor":7},{"not_picked":["Skim","Conserve Battery"],"picked":"Rainbow","floor":11},{"not_picked":["Beam Cell","Conserve Battery","Redo"],"picked":"SKIP","floor":12},{"not_picked":["Reinforced Body","Genetic Algorithm"],"picked":"Rainbow","floor":14},{"not_picked":["Fission","Echo Form"],"picked":"Buffer","floor":16},{"not_picked":["Barrage","Hello World"],"picked":"Skim","floor":18},{"not_picked":["Streamline","Coolheaded","Leap+1"],"picked":"SKIP","floor":19},{"not_picked":["Gash","Turbo","Conserve Battery"],"picked":"SKIP","floor":22},{"not_picked":["Leap","Redo+1","Beam Cell"],"picked":"SKIP","floor":25},{"not_picked":["Stack","Defragment"],"picked":"Melter","floor":31},{"not_picked":["All For One","Buffer"],"picked":"Core Surge","floor":33},{"not_picked":["Gash","Go for the Eyes+1"],"picked":"Storm","floor":35},{"not_picked":["Skim+1","Lockon"],"picked":"Heatsinks+1","floor":36},{"not_picked":["Rebound+1","Storm"],"picked":"Doom and Gloom","floor":39},{"not_picked":["Cold Snap+1","Heatsinks+1","Rebound+1"],"picked":"SKIP","floor":41},{"not_picked":["Go for the Eyes","Coolheaded+1"],"picked":"Fission","floor":44},{"not_picked":["Steam","Conserve Battery+1"],"picked":"Hyperbeam","floor":45},{"not_picked":["Stack","Conserve Battery"],"picked":"Sunder+1","floor":47}],"player_experience":608621,"relics_obtained":[{"floor":9,"key":"Darkstone Periapt"},{"floor":14,"key":"Art of War"},{"floor":26,"key":"Dead Branch"},{"floor":31,"key":"Symbiotic Virus"},{"floor":43,"key":"Letter Opener"},{"floor":45,"key":"Incense Burner"}],"event_choices":[{"damage_healed":0,"gold_gain":0,"player_choice":"Entered Light","damage_taken":15,"max_hp_gain":0,"max_hp_loss":0,"event_name":"Shining Light","floor":5,"gold_loss":0,"cards_upgraded":["Conserve Battery","Zap"]},{"damage_healed":18,"gold_gain":0,"player_choice":"Healed","damage_taken":0,"max_hp_gain":0,"max_hp_loss":0,"event_name":"The Cleric","floor":13,"gold_loss":35},{"damage_healed":0,"gold_gain":99,"player_choice":"Stole From Cult","damage_taken":0,"max_hp_gain":0,"max_hp_loss":0,"event_name":"Nest","floor":21,"gold_loss":0},{"damage_healed":0,"gold_gain":0,"player_choice":"Opened","damage_taken":0,"relics_obtained":["Anchor"],"max_hp_gain":0,"max_hp_loss":0,"event_name":"The Mausoleum","floor":24,"gold_loss":0,"cards_obtained":["Writhe"]},{"damage_healed":0,"gold_gain":0,"player_choice":"Ignored","damage_taken":0,"max_hp_gain":0,"max_hp_loss":0,"event_name":"Cursed Tome","floor":27,"gold_loss":0},{"damage_healed":0,"gold_gain":0,"player_choice":"Max HP","damage_taken":0,"max_hp_gain":0,"max_hp_loss":4,"event_name":"Winding Halls","floor":37,"gold_loss":0},{"damage_healed":0,"gold_gain":0,"player_choice":"Fight","damage_taken":0,"max_hp_gain":0,"max_hp_loss":0,"event_name":"MindBloom","floor":45,"gold_loss":0}],"is_beta":false,"boss_relics":[{"not_picked":["FrozenCore","Nuclear Battery"],"picked":"SlaversCollar"},{"not_picked":["Snecko Eye","Coffee Dripper","Velvet Choker"]}],"items_purged_floors":[29],"is_endless":false,"potions_floor_spawned":[3,7,11,14,16,18,31,39,41],"killed_by":"Time Eater","ascension_level":0}}