{"host":"g7i5n6mgt0ag3exa","time":1608250714,"event":{"mods":["AchievementEnabler","BaseMod","Bestiary","Better Note","Block Reminder","Colored Powertips","Filter the Spire","GifTheSpireLib","Highlight Path","Minty Spire (QoL Compilation)","Permanent Neow","Practice Mode","Quick Restart","Rare Cards Sparkle","Relic Stats","StSLib","Uncapped"],"gold_per_floor":[110,124,49,65,65,65,65],"floor_reached":6,"playtime":419,"items_purged":["Strike_B"],"score":38,"play_id":"7154ab8a-ccd7-4ca3-981a-8f6053dc4c78","local_time":"20201217181834","is_ascension_mode":true,"campfire_choices":[],"circlet_count":0,"master_deck":["Strike_B","Defend_B","Defend_B","Defend_B","Defend_B","Zap","Dualcast","Gash","Steam"],"relics":["Empty Cage","Meat on the Bone"],"acts_visited":["Exordium"],"potions_floor_usage":[2],"damage_taken":[{"damage":7,"enemies":"Cultist","floor":1,"turns":5},{"damage":0,"enemies":"Small Slimes","floor":2,"turns":3},{"damage":2,"enemies":"2 Louse","floor":4,"turns":4},{"damage":0,"enemies":"Lagavulin","floor":6,"turns":1}],"seed_played":"-8975657091234847128","potions_obtained":[{"floor":1,"key":"SneckoOil"},{"floor":4,"key":"Explosive Potion"}],"is_trial":false,"path_per_floor":["M","M","$","M","?","E"],"character_chosen":"DEFECT","items_purchased":[],"campfire_rested":0,"item_purchase_floors":[],"current_hp_per_floor":[68,68,68,66,66,66,66],"gold":65,"neow_bonus":"BOSS_RELIC","is_daily":false,"chose_seed":false,"campfire_upgraded":0,"win_rate":0.0,"timestamp":1608250714,"path_taken":["M","?","$","?","?","E"],"items_purchased_type":[],"build_version":"2020-12-13","purchased_purges":1,"victory":false,"max_hp_per_floor":[75,75,75,75,75,75,75],"relic_stats":{"counters":[4,13],"obtain_stats":[{"Cracked Core":0,"Empty Cage":0,"Meat on the Bone":5},{"Cracked Core":0,"Empty Cage":0,"Meat on the Bone":3},{"Cracked Core":0,"Empty Cage":0,"Meat on the Bone":12}],"Meat on the Bone":0},"card_choices":[{"not_picked":["BootSequence","Leap"],"picked":"Gash","floor":1},{"not_picked":["Fusion","Turbo"],"picked":"Steam","floor":2},{"not_picked":["Ball Lightning","Gash","Turbo"],"picked":"SKIP","floor":4}],"player_experience":60424,"relics_obtained":[],"event_choices":[{"damage_healed":0,"gold_gain":0,"player_choice":"Gave Potion","damage_taken":0,"relics_obtained":["Meat on the Bone"],"max_hp_gain":0,"max_hp_loss":0,"event_name":"WeMeetAgain","floor":5,"gold_loss":0}],"is_beta":false,"boss_relics":[],"items_purged_floors":[3],"is_endless":false,"potions_floor_spawned":[1,4],"killed_by":"Lagavulin","ascension_level":1}}