{"host":"kw4o7b3ro2ktmmbe","time":1608331632,"event":{"mods":["BaseMod","Minty Spire (QoL Compilation)","Robot Space Explorer","StSLib","Treasure Hunter"],"gold_per_floor":[117,134,84,100,115,115,450,466,490,501,516,516,516,536,536,659,659,678,693,693,703,406,406,417,429,456,456,486,101,101,148,148,268,268,293,311,311,154,166,166,178,215,261,273,305,360,372,401,413,427],"floor_reached":51,"playtime":5936,"items_purged":["Regret"],"score":846,"play_id":"f032875f-1425-4354-9bfd-41f54fdc5465","local_time":"20201219114712","is_ascension_mode":true,"campfire_choices":[{"data":"RobotSpaceExplorer:StarLightning","floor":6.0,"key":"SMITH"},{"data":"TH:ElvenBoots","floor":12.0,"key":"SMITH"},{"data":"RobotSpaceExplorer:Fix","floor":15.0,"key":"SMITH"},{"data":"RobotSpaceExplorer:HighVoltage","floor":23.0,"key":"SMITH"},{"data":"RobotSpaceExplorer:DroneSwarm","floor":27.0,"key":"SMITH"},{"data":"RobotSpaceExplorer:Discharger","floor":32.0,"key":"SMITH"},{"data":"TH:ElvenBoots","floor":40.0,"key":"SMITH"},{"data":"RobotSpaceExplorer:Multitool","floor":44,"key":"SMITH"},{"floor":47,"key":"REST"},{"data":"RobotSpaceExplorer:Blitz","floor":49,"key":"SMITH"}],"circlet_count":0,"master_deck":["RobotSpaceExplorer:Defend","RobotSpaceExplorer:Scan","RobotSpaceExplorer:MiniLasers","RobotSpaceExplorer:StarLightning+1","TH:ElvenBoots+1","TH:TreasureMap","RobotSpaceExplorer:HighVoltage+1","RobotSpaceExplorer:Fix+1","TH:TreasureMap","RobotSpaceExplorer:DroneSwarm+1","RobotSpaceExplorer:Discharger+1","RobotSpaceExplorer:RigExplosive+1","RobotSpaceExplorer:Discharger+1","TH:EnergyPotion","TH:CopperCoins","RobotSpaceExplorer:StarLightning+1","Bite","Bite+1","Bite","Bite","Bite","TH:TreasureMap","RobotSpaceExplorer:HighVoltage+1","TH:ElvenBoots+1","RobotSpaceExplorer:Multitool+1","RobotSpaceExplorer:Blitz+1","Madness","Madness","TH:DeckOfManyThings","TH:CopperCoins","RobotSpaceExplorer:Blitz+1","TH:TreasureMap"],"relics":["Velvet Choker","Old Coin","Oddly Smooth Stone","Cursed Key","Lee\u0027s Waffle","Toy Ornithopter","Regal Pillow","Happy Flower","Ancient Tea Set","Potion Belt","CeramicFish","Philosopher\u0027s Stone","Omamori","MawBank","Whetstone","Letter Opener"],"acts_visited":["Exordium","TheCity","TheBeyond"],"potions_floor_usage":[41,42,45,46,50,50,50,50,50],"damage_taken":[{"damage":0.0,"enemies":"Small Slimes","floor":1.0,"turns":3.0},{"damage":0.0,"enemies":"Cultist","floor":2.0,"turns":4.0},{"damage":0.0,"enemies":"2 Louse","floor":4.0,"turns":2.0},{"damage":0.0,"enemies":"Red Slaver","floor":5.0,"turns":3.0},{"damage":8.0,"enemies":"Lagavulin","floor":7.0,"turns":5.0},{"damage":0.0,"enemies":"2 Fungi Beasts","floor":8.0,"turns":2.0},{"damage":3.0,"enemies":"Exordium Wildlife","floor":10.0,"turns":5.0},{"damage":0.0,"enemies":"Exordium Thugs","floor":11.0,"turns":2.0},{"damage":2.0,"enemies":"2 Fungi Beasts","floor":14.0,"turns":2.0},{"damage":32.0,"enemies":"Slime Boss","floor":16.0,"turns":9.0},{"damage":12.0,"enemies":"Chosen","floor":18.0,"turns":6.0},{"damage":14.0,"enemies":"2 Thieves","floor":19.0,"turns":3.0},{"damage":32.0,"enemies":"Snake Plant","floor":21.0,"turns":4.0},{"damage":14.0,"enemies":"Cultist and Chosen","floor":24.0,"turns":5.0},{"damage":8.0,"enemies":"Centurion and Healer","floor":25.0,"turns":5.0},{"damage":25.0,"enemies":"Gremlin Leader","floor":28.0,"turns":5.0},{"damage":22.0,"enemies":"Book of Stabbing","floor":31.0,"turns":6.0},{"damage":31.0,"enemies":"Automaton","floor":33.0,"turns":7.0},{"damage":0.0,"enemies":"3 Shapes","floor":35.0,"turns":5.0},{"damage":0.0,"enemies":"Orb Walker","floor":39.0,"turns":3.0},{"damage":12,"enemies":"Spire Growth","floor":41,"turns":5},{"damage":18,"enemies":"Nemesis","floor":42,"turns":8},{"damage":21,"enemies":"3 Darklings","floor":45,"turns":2},{"damage":31,"enemies":"Reptomancer","floor":46,"turns":6},{"damage":6,"enemies":"4 Shapes","floor":48,"turns":4},{"damage":49,"enemies":"Time Eater","floor":50,"turns":13}],"seed_played":"4714155750795882021","potions_obtained":[{"floor":1.0,"key":"Ancient Potion"},{"floor":2.0,"key":"SkillPotion"},{"floor":7.0,"key":"Block Potion"},{"floor":8.0,"key":"DuplicationPotion"},{"floor":14.0,"key":"ColorlessPotion"},{"floor":19.0,"key":"BlessingOfTheForge"},{"floor":21.0,"key":"CultistPotion"},{"floor":25.0,"key":"Explosive Potion"},{"floor":31.0,"key":"Explosive Potion"},{"floor":33.0,"key":"FairyPotion"},{"floor":35.0,"key":"Energy Potion"},{"floor":42,"key":"Regen Potion"},{"floor":46,"key":"FearPotion"}],"is_trial":false,"path_per_floor":["M","M","?","M","M","R","E","M","T","M","M","R","?","M","R","B",null,"M","M","?","M","$","R","M","M","T","R","E","$","?","E","R","B",null,"M","?","?","$","M","R","M","E","T","R","M","E","R","M","R","B",null],"character_chosen":"RobotSpaceExplorer","items_purchased":["Lee\u0027s Waffle","Toy Ornithopter","Ancient Tea Set","Potion Belt","Omamori"],"campfire_rested":1,"item_purchase_floors":[22,22,29,29,38],"current_hp_per_floor":[75,75,75,75,75,75,67,67,67,64,64,64,64,66,66,40,75,69,61,61,35,82,82,73,76,76,76,66,66,57,57,57,32,57,57,50,50,50,55,55,57,57,57,57,43,28,57,57,57,46],"gold":439,"neow_bonus":"BOSS_RELIC","is_daily":false,"chose_seed":false,"campfire_upgraded":9,"win_rate":0.0,"timestamp":1608331632,"path_taken":["M","M","?","M","M","R","E","M","T","M","M","R","?","?","R","BOSS","M","?","?","M","$","R","M","?","T","R","E","$","?","E","R","BOSS","M","?","?","$","M","R","?","E","T","R","M","E","R","M","R","BOSS"],"items_purchased_type":["Relic","Relic","Relic","Relic","Relic"],"build_version":"2020-12-13","purchased_purges":1,"victory":true,"max_hp_per_floor":[75,75,75,75,75,75,75,75,75,75,75,75,75,75,75,75,75,75,75,75,75,82,82,82,82,82,82,82,82,57,57,57,57,57,57,57,57,57,57,57,57,57,57,57,57,57,57,57,57,57],"card_choices":[{"not_picked":["RobotSpaceExplorer:SurgingStrike","RobotSpaceExplorer:FranticSearch","RobotSpaceExplorer:GlueShot"],"picked":"SKIP","floor":1.0},{"not_picked":["RobotSpaceExplorer:ImprovisedAttack","RobotSpaceExplorer:StunGrenade","RobotSpaceExplorer:Probe"],"picked":"SKIP","floor":2.0},{"not_picked":["RobotSpaceExplorer:ScrapShield","RobotSpaceExplorer:LuckyStrike"],"picked":"RobotSpaceExplorer:StarLightning","floor":4.0},{"not_picked":["RobotSpaceExplorer:Probe","RobotSpaceExplorer:SurgingShield","RobotSpaceExplorer:ShovelStrike"],"picked":"SKIP","floor":5.0},{"not_picked":["TH:EnergyPotion"],"picked":"TH:ElvenBoots","floor":7.0},{"not_picked":["RobotSpaceExplorer:Calculate","RobotSpaceExplorer:Electropulse","RobotSpaceExplorer:ImprovisedAttack"],"picked":"SKIP","floor":7.0},{"not_picked":["RobotSpaceExplorer:Ammunition","RobotSpaceExplorer:PowerGlove","RobotSpaceExplorer:StunGrenade"],"picked":"SKIP","floor":8.0},{"not_picked":["TH:ArmorSpikes"],"picked":"TH:TreasureMap","floor":9.0},{"not_picked":["RobotSpaceExplorer:MakeshiftVolley","RobotSpaceExplorer:GlueSpray"],"picked":"RobotSpaceExplorer:HighVoltage","floor":10.0},{"not_picked":["RobotSpaceExplorer:Probe","RobotSpaceExplorer:SelfCleaning"],"picked":"RobotSpaceExplorer:Fix","floor":11.0},{"not_picked":["RobotSpaceExplorer:ImprovisedAttack","RobotSpaceExplorer:ScrapMissile","RobotSpaceExplorer:SelfCleaning"],"picked":"SKIP","floor":14.0},{"not_picked":["TH:ArmorSpikes"],"picked":"TH:TreasureMap","floor":16.0},{"not_picked":["RobotSpaceExplorer:Scanner","RobotSpaceExplorer:Wormhole"],"picked":"RobotSpaceExplorer:DroneSwarm","floor":16.0},{"not_picked":["RobotSpaceExplorer:ShovelStrike","RobotSpaceExplorer:SurgingShield+1"],"picked":"RobotSpaceExplorer:Discharger","floor":18.0},{"not_picked":["RobotSpaceExplorer:GlueShot+1","RobotSpaceExplorer:StunGrenade","RobotSpaceExplorer:Blitz"],"picked":"SKIP","floor":19.0},{"not_picked":["RobotSpaceExplorer:SurgingStrike","RobotSpaceExplorer:DualCore"],"picked":"RobotSpaceExplorer:RigExplosive+1","floor":21.0},{"not_picked":["RobotSpaceExplorer:SwiftStep","RobotSpaceExplorer:LuckyStrike"],"picked":"RobotSpaceExplorer:Discharger","floor":24.0},{"not_picked":["RobotSpaceExplorer:MiniDrones","RobotSpaceExplorer:Electroshield","RobotSpaceExplorer:Scanner"],"picked":"SKIP","floor":25.0},{"not_picked":["TH:CopperCoins"],"picked":"TH:EnergyPotion","floor":26.0},{"not_picked":["TH:CursedSword"],"picked":"TH:CopperCoins","floor":28.0},{"not_picked":["RobotSpaceExplorer:ScrapMissile","RobotSpaceExplorer:Pulsar+1"],"picked":"RobotSpaceExplorer:StarLightning+1","floor":28.0},{"not_picked":["TH:CursedSword"],"picked":"TH:TreasureMap","floor":31.0},{"not_picked":["RobotSpaceExplorer:DoubleFind+1","RobotSpaceExplorer:StunGrenade+1"],"picked":"RobotSpaceExplorer:HighVoltage","floor":31.0},{"not_picked":["TH:PixieDust"],"picked":"TH:ElvenBoots","floor":33.0},{"not_picked":["RobotSpaceExplorer:HighVoltage","RobotSpaceExplorer:ShockMissile"],"picked":"RobotSpaceExplorer:Multitool","floor":33.0},{"not_picked":["RobotSpaceExplorer:IronShell+1","RobotSpaceExplorer:Ammunition"],"picked":"RobotSpaceExplorer:Blitz+1","floor":35.0},{"not_picked":["RobotSpaceExplorer:Counterblock+1","RobotSpaceExplorer:ScrapMissile+1","RobotSpaceExplorer:DualCore"],"picked":"SKIP","floor":39.0},{"not_picked":["RobotSpaceExplorer:ShockKick","RobotSpaceExplorer:FreezingShield+1","RobotSpaceExplorer:ShovelStrike+1"],"picked":"SKIP","floor":41},{"not_picked":["TH:CopperCoins"],"picked":"TH:DeckOfManyThings","floor":42},{"not_picked":["RobotSpaceExplorer:Counterblock","RobotSpaceExplorer:MiniBoosters","RobotSpaceExplorer:SurgingStrike"],"picked":"SKIP","floor":42},{"not_picked":["TH:PixieDust"],"picked":"TH:CopperCoins","floor":43},{"not_picked":["RobotSpaceExplorer:ShockKick","RobotSpaceExplorer:GlueSpray+1"],"picked":"RobotSpaceExplorer:Blitz","floor":45},{"not_picked":["TH:CopperCoins"],"picked":"TH:TreasureMap","floor":46},{"not_picked":["RobotSpaceExplorer:Electroshield","RobotSpaceExplorer:SurgingShield","RobotSpaceExplorer:SwiftStep+1"],"picked":"SKIP","floor":46},{"not_picked":["RobotSpaceExplorer:LaserBurst","RobotSpaceExplorer:FrostMissile","RobotSpaceExplorer:GlueShot"],"picked":"SKIP","floor":48}],"player_experience":1767933,"relics_obtained":[{"floor":7.0,"key":"Old Coin"},{"floor":9.0,"key":"Oddly Smooth Stone"},{"floor":26.0,"key":"Regal Pillow"},{"floor":28.0,"key":"Happy Flower"},{"floor":31.0,"key":"CeramicFish"},{"floor":42,"key":"MawBank"},{"floor":43,"key":"Whetstone"},{"floor":46,"key":"Letter Opener"}],"event_choices":[{"cards_removed":["RobotSpaceExplorer:Defend"],"damage_healed":0.0,"max_hp_gain":0.0,"max_hp_loss":0.0,"gold_gain":0.0,"event_name":"The Cleric","player_choice":"Card Removal","floor":3.0,"gold_loss":50.0,"damage_taken":0.0},{"cards_removed":["RobotSpaceExplorer:Defend"],"damage_healed":0.0,"max_hp_gain":0.0,"max_hp_loss":0.0,"gold_gain":0.0,"event_name":"Wheel of Change","player_choice":"Card Removal","floor":13.0,"gold_loss":0.0,"damage_taken":0.0},{"damage_healed":0.0,"max_hp_gain":0.0,"max_hp_loss":0.0,"gold_gain":0.0,"event_name":"Upgrade Shrine","player_choice":"Upgraded","floor":20.0,"gold_loss":0.0,"damage_taken":0.0,"cards_upgraded":["RobotSpaceExplorer:Discharger"]},{"damage_healed":0.0,"max_hp_gain":0.0,"max_hp_loss":25.0,"gold_gain":0.0,"event_name":"Vampires","player_choice":"Became a vampire","floor":30.0,"gold_loss":0.0,"damage_taken":0.0,"cards_obtained":["Bite","Bite","Bite","Bite","Bite"]},{"damage_healed":0.0,"max_hp_gain":0.0,"max_hp_loss":0.0,"gold_gain":0.0,"event_name":"Winding Halls","player_choice":"Embrace Madness","floor":36.0,"gold_loss":0.0,"damage_taken":7.0,"cards_obtained":["Madness","Madness"]},{"cards_removed":["RobotSpaceExplorer:Defend"],"damage_healed":0.0,"max_hp_gain":0.0,"max_hp_loss":0.0,"gold_gain":0.0,"event_name":"Purifier","player_choice":"Purged","floor":37.0,"gold_loss":0.0,"damage_taken":0.0}],"is_beta":false,"boss_relics":[{"not_picked":["Astrolabe","Fusion Hammer"],"picked":"Cursed Key"},{"not_picked":["Snecko Eye","Runic Pyramid"],"picked":"Philosopher\u0027s Stone"}],"items_purged_floors":[29],"is_endless":false,"potions_floor_spawned":[1,2,7,8,14,19,21,25,31,33,35,39,42,46],"ascension_level":2}}