{"host":"hoz3ngw650fbea07","time":1608335988,"event":{"mods":["AchievementEnabler","BaseMod","Better Altar","Better Match","Better Note","Better Sensory Stone","Better Skull","Better Third Choice","BetterRewards","CCEM","Colored Map","Downfall","GifTheSpireLib","Highlight Path","Infinite Spire","Minty Spire (QoL Compilation)","Permanent Neow","StSLib","Unceasing Turn Reminder","Waifu the Spire","everything is the same but u backflip on backflip","slay the spire mod where everything is the same but ironclad has a cowboy hat"],"gold_per_floor":[117,133,408,422,422,422,449,465,465,5,30,30,57,72,72,175,175,186,111,121,121,131,165,165,200,200,200,212,247,247,262,262,363,363,374,374,53,53,64,94,94,94,94,94,113,147,158,158,158,259,259,271,196,168,168,184,192,192,216,240,251,251,263,287,294,294,396,446,457,475,475,475,491,513,513,523,523,550,565,565,588,607,607,689,689,700,711,711,706,706,718,718,717,717,746,746,775,775,775,775,848,848,865,647,662,662,676,702,702,713,713,737,751,757,757,783,783,873,873,886,886,904,814,820,849,849,864,864,876,910,910,937,948,948,1034,1034,1041,1051,1062,1063,1063,1092,1092,338,338,358,366,394,408,437,437,403,403],"floor_reached":152,"playtime":3842,"items_purged":["Regret","Shame","Strike_R","Berserk","Strike_R","Strike_R","infinitespire:FinalStrike","infinitespire:Starlight","infinitespire:FinalStrike"],"score":4411,"play_id":"1bf37601-cf80-4bf3-beb8-01e3a89e05e1","local_time":"20201218165948","is_ascension_mode":true,"campfire_choices":[{"data":"Pommel Strike","floor":6,"key":"SMITH"},{"data":"Searing Blow","floor":12,"key":"SMITH"},{"data":"Searing Blow+1","floor":15,"key":"SMITH"},{"floor":24,"key":"REST"},{"data":"Searing Blow+2","floor":27,"key":"SMITH"},{"floor":30,"key":"REST"},{"data":"Searing Blow+3","floor":32,"key":"SMITH"},{"data":"Searing Blow+4","floor":41,"key":"SMITH"},{"data":"Searing Blow+5","floor":44,"key":"SMITH"},{"data":"Searing Blow+6","floor":49,"key":"SMITH"},{"data":"Searing Blow+7","floor":58,"key":"SMITH"},{"data":"Searing Blow+9","floor":66,"key":"SMITH"},{"data":"Searing Blow+10","floor":75,"key":"SMITH"},{"data":"Searing Blow+11","floor":80,"key":"SMITH"},{"data":"Searing Blow+12","floor":83,"key":"SMITH"},{"data":"Searing Blow+13","floor":96,"key":"SMITH"},{"data":"Searing Blow+14","floor":98,"key":"SMITH"},{"data":"Searing Blow+15","floor":100,"key":"SMITH"},{"data":"Searing Blow+16","floor":115,"key":"SMITH"},{"data":"Searing Blow+17","floor":117,"key":"SMITH"},{"data":"Searing Blow+18","floor":126,"key":"SMITH"},{"data":"Searing Blow+19","floor":131,"key":"SMITH"},{"data":"Searing Blow+20","floor":134,"key":"SMITH"},{"floor":151,"key":"DIG"}],"circlet_count":0,"master_deck":["Strike_R","Strike_R","Defend_R","Defend_R","Bash","Anger+1","Anger","Pommel Strike+1","Searing Blow+21","Jack Of All Trades+1","Anger","Anger","Anger"],"relics":["Black Blood","CCEMRelics:Francisca","CCEMRelics:WarHorn","CCEMRelics:TinyMinotavrHorn","infinitespire:EmpoweringShard","Lee\u0027s Waffle","The Courier","Bag of Marbles","Busted Crown","Bottled Lightning","infinitespire:ShieldingShard","HornCleat","FossilizedHelix","Brimstone","Darkstone Periapt","CCEMRelics:OverlyComfyChair","Blood Vial","Calipers","Charon\u0027s Ashes","CCEMRelics:StainlessSteel","Mango","Whetstone","Tiny House","infinitespire:Magic Flask","Paper Frog","Red Skull","Red Mask","Pantograph","CCEMRelics:DerglesHeadphones","Dream Catcher","CCEMRelics:GrindingGear","Bag of Preparation","CCEMRelics:TechnogenicHelmet","Philosopher\u0027s Stone","Pen Nib","CCEMRelics:JestersCrown","StoneCalendar","Sundial","infinitespire:FocusingShard","Art of War","infinitespire:BottledMercury","DollysMirror","Happy Flower","Singing Bowl","Ornamental Fan","InkBottle","infinitespire:Beetle Shell","SlaversCollar","Shovel","Champion Belt","PreservedInsect","Gremlin Horn","MealTicket","infinitespire:CheckeredPen","Eternal Feather","Frozen Egg 2","Du-Vu Doll","Strawberry","Omamori"],"acts_visited":["Exordium","TheCity","TheBeyond","Exordium","TheCity","TheBeyond","Exordium","TheCity","TheBeyond"],"potions_floor_usage":[11,14,16,16,23,33,33,40,40,40,50,57,64,74,74,84,84,89,89,101,125,135,135,152,152],"damage_taken":[{"damage":2,"enemies":"2 Louse","floor":1,"turns":2},{"damage":0,"enemies":"Cultist","floor":2,"turns":2},{"damage":4,"enemies":"Small Slimes","floor":4,"turns":3},{"damage":8,"enemies":"Gremlin Nob","floor":7,"turns":3},{"damage":26,"enemies":"Exordium Thugs","floor":8,"turns":4},{"damage":27,"enemies":"3 Sentries","floor":11,"turns":5},{"damage":0,"enemies":"Lagavulin","floor":13,"turns":2},{"damage":0,"enemies":"Exordium Wildlife","floor":14,"turns":1},{"damage":0,"enemies":"Slime Boss","floor":16,"turns":4},{"damage":0,"enemies":"Spheric Guardian","floor":18,"turns":1},{"damage":12,"enemies":"Shell Parasite","floor":20,"turns":2},{"damage":16,"enemies":"Sentry and Sphere","floor":22,"turns":3},{"damage":56,"enemies":"Nightmare","floor":23,"turns":6},{"damage":0,"enemies":"Slavers","floor":25,"turns":4},{"damage":0,"enemies":"Cultist and Chosen","floor":28,"turns":4},{"damage":10,"enemies":"Gremlin Leader","floor":29,"turns":5},{"damage":0,"enemies":"Centurion and Healer","floor":31,"turns":3},{"damage":60,"enemies":"Champ","floor":33,"turns":8},{"damage":0,"enemies":"3 Shapes","floor":35,"turns":3},{"damage":0,"enemies":"3 Darklings","floor":39,"turns":3},{"damage":0,"enemies":"Nemesis","floor":40,"turns":3},{"damage":0,"enemies":"4 Shapes","floor":45,"turns":2},{"damage":12,"enemies":"Giant Head","floor":46,"turns":5},{"damage":0,"enemies":"Writhing Mass","floor":47,"turns":2},{"damage":82,"enemies":"Donu and Deca","floor":50,"turns":6},{"damage":0,"enemies":"Cultist","floor":52,"turns":1},{"damage":0,"enemies":"2 Louse","floor":56,"turns":1},{"damage":0,"enemies":"Nightmare","floor":57,"turns":4},{"damage":0,"enemies":"3 Sentries","floor":59,"turns":2},{"damage":0,"enemies":"Jaw Worm","floor":61,"turns":1},{"damage":0,"enemies":"Gremlin Gang","floor":63,"turns":1},{"damage":0,"enemies":"Gremlin Nob","floor":64,"turns":2},{"damage":0,"enemies":"Large Slime","floor":65,"turns":1},{"damage":0,"enemies":"Slime Boss","floor":67,"turns":1},{"damage":0,"enemies":"3 Byrds","floor":69,"turns":2},{"damage":0,"enemies":"Spheric Guardian","floor":70,"turns":1},{"damage":0,"enemies":"Centurion and Healer","floor":73,"turns":1},{"damage":0,"enemies":"Slavers","floor":74,"turns":2},{"damage":0,"enemies":"Cultist and Chosen","floor":76,"turns":2},{"damage":0,"enemies":"Book of Stabbing","floor":78,"turns":1},{"damage":0,"enemies":"Snake Plant","floor":79,"turns":1},{"damage":0,"enemies":"Masked Bandits","floor":81,"turns":1},{"damage":0,"enemies":"Gremlin Leader","floor":82,"turns":2},{"damage":0,"enemies":"Collector","floor":84,"turns":4},{"damage":0,"enemies":"3 Darklings","floor":86,"turns":2},{"damage":0,"enemies":"Orb Walker","floor":87,"turns":1},{"damage":0,"enemies":"Transient","floor":89,"turns":5},{"damage":0,"enemies":"Giant Head","floor":91,"turns":4},{"damage":19,"enemies":"3 Darklings","floor":93,"turns":4},{"damage":0,"enemies":"Reptomancer","floor":95,"turns":2},{"damage":0,"enemies":"Nemesis","floor":97,"turns":1},{"damage":39,"enemies":"Donu and Deca","floor":101,"turns":5},{"damage":0,"enemies":"Jaw Worm","floor":103,"turns":1},{"damage":0,"enemies":"2 Louse","floor":105,"turns":1},{"damage":0,"enemies":"Small Slimes","floor":107,"turns":1},{"damage":0,"enemies":"3 Sentries","floor":108,"turns":1},{"damage":0,"enemies":"Blue Slaver","floor":110,"turns":1},{"damage":0,"enemies":"Lagavulin","floor":112,"turns":1},{"damage":0,"enemies":"Large Slime","floor":113,"turns":1},{"damage":0,"enemies":"3 Louse","floor":114,"turns":1},{"damage":0,"enemies":"Gremlin Nob","floor":116,"turns":1},{"damage":0,"enemies":"Slime Boss","floor":118,"turns":1},{"damage":0,"enemies":"3 Byrds","floor":120,"turns":1},{"damage":0,"enemies":"Shell Parasite","floor":122,"turns":1},{"damage":0,"enemies":"Centurion and Healer","floor":124,"turns":1},{"damage":0,"enemies":"Nightmare","floor":125,"turns":1},{"damage":0,"enemies":"Gremlin Leader","floor":127,"turns":2},{"damage":0,"enemies":"Shelled Parasite and Fungi","floor":129,"turns":1},{"damage":0,"enemies":"Book of Stabbing","floor":130,"turns":1},{"damage":0,"enemies":"Slavers","floor":132,"turns":1},{"damage":0,"enemies":"3 Cultists","floor":133,"turns":1},{"damage":0,"enemies":"Collector","floor":135,"turns":3},{"damage":0,"enemies":"3 Shapes","floor":137,"turns":1},{"damage":0,"enemies":"Orb Walker","floor":138,"turns":1},{"damage":0,"enemies":"Writhing Mass","floor":139,"turns":1},{"damage":0,"enemies":"4 Shapes","floor":140,"turns":1},{"damage":0,"enemies":"Nemesis","floor":142,"turns":1},{"damage":0,"enemies":"Giant Head","floor":146,"turns":2},{"damage":0,"enemies":"Spire Growth","floor":147,"turns":1},{"damage":0,"enemies":"Nightmare","floor":148,"turns":1},{"damage":0,"enemies":"Writhing Mass","floor":149,"turns":1},{"damage":0,"enemies":"Reptomancer","floor":150,"turns":1},{"damage":273,"enemies":"infinitespire:LordOfFortification","floor":152,"turns":5}],"seed_played":"-4740848319285447602","potions_obtained":[{"floor":7,"key":"infinitespire:BlackPotion"},{"floor":8,"key":"Slimebound:ThreeZeroPotion"},{"floor":11,"key":"Fire Potion"},{"floor":14,"key":"DuplicationPotion"},{"floor":20,"key":"Dexterity Potion"},{"floor":22,"key":"PowerPotion"},{"floor":31,"key":"GamblersBrew"},{"floor":33,"key":"FearPotion"},{"floor":40,"key":"BlessingOfTheForge"},{"floor":50,"key":"Swift Potion"},{"floor":59,"key":"Energy Potion"},{"floor":63,"key":"ElixirPotion"},{"floor":68,"key":"BloodPotion"},{"floor":73,"key":"Fire Potion"},{"floor":76,"key":"Weak Potion"},{"floor":82,"key":"Strength Potion"},{"floor":84,"key":"ElixirPotion"},{"floor":87,"key":"Explosive Potion"},{"floor":93,"key":"Dexterity Potion"},{"floor":97,"key":"SteroidPotion"},{"floor":101,"key":"Weak Potion"},{"floor":125,"key":"ColorlessPotion"},{"floor":142,"key":"ColorlessPotion"},{"floor":147,"key":"ColorlessPotion"}],"is_trial":false,"path_per_floor":["M","M","?","M","?","R","E","M","T","$","E","R","E","M","R","B",null,"M","?","M","?","M","NM","R","E","T","R","M","E","R","M","R","B",null,"M","?","$","?","M","E","R","T","T","R","M","E","M","AVR","R","B",null,"M","?","?","?","M","NM","R","E","T","M","?","M","E","M","R","B",null,"M","M","?","?","M","E","R","M","T","E","M","R","?","E","R","B",null,"M","M","AVR","M","?","E","?","M","T","E","R","E","R","?","R","B",null,"M","$","M","AVR","M","E","?","M","T","E","M","M","R","E","R","B",null,"M","AVR","M","?","M","NM","R","E","T","M","E","R","E","M","R","B",null,"M","M","M","M","AVR","E","?","$","T","E","M","NM","M","E","R","B"],"character_chosen":"IRONCLAD","items_purchased":["infinitespire:EmpoweringShard","Lee\u0027s Waffle","Brimstone","DuplicationPotion","DuplicationPotion","Pen Nib","PreservedInsect","Gremlin Horn","MealTicket","infinitespire:CheckeredPen"],"campfire_rested":2,"item_purchase_floors":[10,10,37,37,37,104,144,144,144,144],"current_hp_per_floor":[80,80,80,80,80,80,78,58,58,87,66,66,72,78,78,84,87,87,87,81,81,71,21,47,53,53,53,59,55,81,87,87,33,87,87,83,83,83,83,83,83,83,83,83,83,83,83,83,83,13,83,83,83,83,65,79,83,83,97,97,97,73,87,97,97,97,97,102,102,102,102,102,102,102,102,102,102,102,102,102,102,102,102,102,102,102,102,102,102,97,97,97,90,90,97,97,97,97,97,97,97,97,97,97,97,97,97,97,97,97,97,97,97,97,97,97,97,97,97,97,97,97,97,97,97,97,99,99,101,103,103,105,107,107,109,109,111,113,115,117,117,119,119,119,119,121,123,127,129,138,138,0,0],"gold":403,"neow_bonus":"ONE_RARE_RELIC","is_daily":false,"chose_seed":false,"campfire_upgraded":21,"win_rate":0.0,"timestamp":1608335988,"path_taken":["M","M","?","?","?","R","E","M","T","$","E","R","E","M","R","BOSS","M","?","M","?","M","NM","R","E","T","R","M","E","R","M","R","BOSS","M","?","$","?","?","E","R","?","T","R","M","E","M","AVR","R","BOSS","M","?","?","?","M","NM","R","E","T","M","?","M","E","M","R","BOSS","M","M","?","?","?","E","R","M","T","E","M","R","?","E","R","BOSS","M","M","AVR","M","?","E","?","M","T","E","R","E","R","?","R","BOSS","M","$","M","AVR","M","E","?","M","T","E","M","?","R","E","R","BOSS","M","AVR","M","?","M","NM","R","E","T","?","E","R","E","?","R","BOSS","M","M","M","M","AVR","E","?","$","T","E","M","NM","M","E","R","BOSS"],"items_purchased_type":["Relic","Relic","Relic","Potion","Potion","Relic","Relic","Relic","Relic","Relic"],"build_version":"2020-12-13","purchased_purges":9,"victory":false,"max_hp_per_floor":[80,80,80,80,80,80,80,80,80,87,87,87,87,87,87,87,87,87,87,87,87,87,87,87,87,87,87,87,87,87,87,87,87,87,87,83,83,83,83,83,83,83,83,83,83,83,83,83,83,83,83,83,83,83,83,83,83,83,97,97,97,97,97,97,97,97,97,102,102,102,102,102,102,102,102,102,102,102,102,102,102,102,102,102,102,102,102,102,102,97,97,97,97,97,97,97,97,97,97,97,97,97,97,97,97,97,97,97,97,97,97,97,97,97,97,97,97,97,97,97,97,97,97,97,97,97,99,99,101,103,103,105,107,107,109,109,111,113,115,117,117,119,119,119,119,121,123,127,129,138,138,138,138],"card_choices":[{"not_picked":["Sentinel","Battle Trance"],"picked":"Anger","floor":1},{"not_picked":["True Grit","Bloodletting"],"picked":"Anger","floor":2},{"not_picked":["Shockwave","Twin Strike"],"picked":"Pommel Strike","floor":4},{"not_picked":["Shrug It Off","Disarm"],"picked":"Searing Blow","floor":7},{"not_picked":["True Grit","Body Slam","Seeing Red"],"picked":"SKIP","floor":8},{"not_picked":["Offering","Wild Strike"],"picked":"Anger","floor":11},{"not_picked":["Searing Blow","Evolve","True Grit"],"picked":"SKIP","floor":13},{"not_picked":["Flex","Armaments","Perfected Strike"],"picked":"SKIP","floor":14},{"not_picked":["Brutality","Offering"],"picked":"Berserk","floor":16},{"not_picked":["Flex"],"picked":"SKIP","floor":18},{"not_picked":[],"picked":"Demon Form","floor":19},{"not_picked":[],"picked":"Jack Of All Trades","floor":19},{"not_picked":["Blood for Blood"],"picked":"SKIP","floor":20},{"not_picked":["True Grit"],"picked":"SKIP","floor":22},{"not_picked":["Disarm+1"],"picked":"SKIP","floor":23},{"not_picked":["Pommel Strike"],"picked":"SKIP","floor":25},{"not_picked":["Thunderclap"],"picked":"SKIP","floor":28},{"not_picked":["Warcry"],"picked":"SKIP","floor":29},{"not_picked":["Iron Wave"],"picked":"SKIP","floor":31},{"not_picked":["True Grit"],"picked":"SKIP","floor":35},{"not_picked":["Clothesline"],"picked":"SKIP","floor":39},{"not_picked":["Flame Barrier+1"],"picked":"SKIP","floor":40},{"not_picked":["Burning Pact+1"],"picked":"SKIP","floor":45},{"not_picked":["Thunderclap+1"],"picked":"SKIP","floor":46},{"not_picked":["Sword Boomerang+1"],"picked":"SKIP","floor":47},{"not_picked":["Feel No Pain"],"picked":"SKIP","floor":52},{"not_picked":["Warcry"],"picked":"SKIP","floor":56},{"not_picked":["Wild Strike"],"picked":"SKIP","floor":57},{"not_picked":["Flex"],"picked":"SKIP","floor":59},{"not_picked":["Heavy Blade"],"picked":"SKIP","floor":61},{"not_picked":["infinitespire:Punishment","infinitespire:SevenWalls"],"picked":"infinitespire:Starlight","floor":62},{"not_picked":["Spot Weakness"],"picked":"SKIP","floor":63},{"not_picked":["Spot Weakness"],"picked":"SKIP","floor":63},{"not_picked":["Carnage"],"picked":"SKIP","floor":64},{"not_picked":["Cleave"],"picked":"SKIP","floor":65},{"not_picked":["infinitespire:Oblivion","infinitespire:FutureSight"],"picked":"infinitespire:FinalStrike","floor":67},{"not_picked":["Warcry+1"],"picked":"SKIP","floor":69},{"not_picked":["Clash"],"picked":"SKIP","floor":70},{"not_picked":["Sentinel"],"picked":"SKIP","floor":73},{"not_picked":["Combust"],"picked":"SKIP","floor":74},{"not_picked":["Armaments"],"picked":"SKIP","floor":76},{"not_picked":["Limit Break"],"picked":"SKIP","floor":78},{"not_picked":["Dark Embrace"],"picked":"SKIP","floor":79},{"not_picked":["Anger"],"picked":"SKIP","floor":82},{"not_picked":["Inflame"],"picked":"SKIP","floor":86},{"not_picked":["Flex"],"picked":"SKIP","floor":87},{"not_picked":["Rampage"],"picked":"SKIP","floor":89},{"not_picked":["Metallicize+1"],"picked":"SKIP","floor":91},{"not_picked":["Iron Wave"],"picked":"SKIP","floor":93},{"not_picked":["Havoc+1"],"picked":"SKIP","floor":95},{"not_picked":["Headbutt"],"picked":"SKIP","floor":97},{"not_picked":["Clothesline"],"picked":"SKIP","floor":103},{"not_picked":["Second Wind"],"picked":"SKIP","floor":105},{"not_picked":["Inflame"],"picked":"SKIP","floor":107},{"not_picked":["Fire Breathing"],"picked":"SKIP","floor":108},{"not_picked":["Second Wind"],"picked":"SKIP","floor":110},{"not_picked":["Barricade"],"picked":"SKIP","floor":112},{"not_picked":[],"picked":"Anger","floor":113},{"not_picked":["Carnage"],"picked":"SKIP","floor":114},{"not_picked":["Infernal Blade"],"picked":"SKIP","floor":116},{"not_picked":["Disarm"],"picked":"SKIP","floor":120},{"not_picked":["Rupture"],"picked":"SKIP","floor":122},{"not_picked":["Dark Embrace+1"],"picked":"SKIP","floor":124},{"not_picked":["Warcry"],"picked":"SKIP","floor":125},{"not_picked":["Perfected Strike+1"],"picked":"Singing Bowl","floor":127},{"not_picked":["Headbutt"],"picked":"Singing Bowl","floor":129},{"not_picked":["Dark Embrace"],"picked":"Singing Bowl","floor":130},{"not_picked":["Flex"],"picked":"Singing Bowl","floor":132},{"not_picked":["Entrench"],"picked":"Singing Bowl","floor":133},{"not_picked":["Immolate"],"picked":"Singing Bowl","floor":135},{"not_picked":["Flame Barrier"],"picked":"Singing Bowl","floor":137},{"not_picked":["Bloodletting+1"],"picked":"Singing Bowl","floor":138},{"not_picked":["Armaments+1"],"picked":"Singing Bowl","floor":139},{"not_picked":["Flex"],"picked":"Singing Bowl","floor":140},{"not_picked":["True Grit+1"],"picked":"Singing Bowl","floor":142},{"not_picked":["Clash"],"picked":"Singing Bowl","floor":146},{"not_picked":["Clash+1"],"picked":"Singing Bowl","floor":147},{"not_picked":["infinitespire:Fortify","infinitespire:TheBestDefense","infinitespire:SealOfDarkness+"],"picked":"Singing Bowl","floor":148},{"not_picked":["Iron Wave"],"picked":"Singing Bowl","floor":148},{"not_picked":["Pommel Strike"],"picked":"Singing Bowl","floor":149},{"not_picked":["Heavy Blade+1"],"picked":"Singing Bowl","floor":150}],"player_experience":111700,"relics_obtained":[{"floor":7,"key":"CCEMRelics:WarHorn"},{"floor":9,"key":"CCEMRelics:TinyMinotavrHorn"},{"floor":11,"key":"The Courier"},{"floor":13,"key":"Bag of Marbles"},{"floor":23,"key":"Bottled Lightning"},{"floor":25,"key":"infinitespire:ShieldingShard"},{"floor":26,"key":"HornCleat"},{"floor":29,"key":"FossilizedHelix"},{"floor":40,"key":"Darkstone Periapt"},{"floor":42,"key":"CCEMRelics:OverlyComfyChair"},{"floor":43,"key":"Blood Vial"},{"floor":46,"key":"Calipers"},{"floor":59,"key":"Mango"},{"floor":64,"key":"Whetstone"},{"floor":74,"key":"infinitespire:Magic Flask"},{"floor":77,"key":"Paper Frog"},{"floor":78,"key":"Red Skull"},{"floor":81,"key":"Red Mask"},{"floor":82,"key":"Pantograph"},{"floor":91,"key":"Dream Catcher"},{"floor":94,"key":"CCEMRelics:GrindingGear"},{"floor":95,"key":"Bag of Preparation"},{"floor":97,"key":"CCEMRelics:TechnogenicHelmet"},{"floor":108,"key":"StoneCalendar"},{"floor":111,"key":"infinitespire:FocusingShard"},{"floor":112,"key":"Art of War"},{"floor":116,"key":"infinitespire:BottledMercury"},{"floor":125,"key":"Happy Flower"},{"floor":127,"key":"Singing Bowl"},{"floor":128,"key":"Ornamental Fan"},{"floor":130,"key":"InkBottle"},{"floor":132,"key":"infinitespire:Beetle Shell"},{"floor":142,"key":"Champion Belt"},{"floor":145,"key":"Eternal Feather"},{"floor":146,"key":"Frozen Egg 2"},{"floor":148,"key":"Du-Vu Doll"},{"floor":150,"key":"Strawberry"},{"floor":151,"key":"Omamori"}],"event_choices":[{"damage_healed":0,"gold_gain":275,"player_choice":"Desecrate","damage_taken":0,"max_hp_gain":0,"max_hp_loss":0,"event_name":"Golden Shrine","floor":3,"gold_loss":0,"cards_obtained":["Regret"]},{"damage_healed":0,"gold_gain":0,"player_choice":"1","damage_taken":0,"max_hp_gain":0,"max_hp_loss":0,"event_name":"betterMatch:BetterMatch","floor":19,"gold_loss":0,"cards_obtained":["betterMatch:RareCard","betterMatch:ColorlessUncommonCard"]},{"damage_healed":0,"gold_gain":0,"player_choice":"Ignored","damage_taken":0,"max_hp_gain":0,"max_hp_loss":0,"event_name":"Vampires","floor":21,"gold_loss":0},{"damage_healed":0,"gold_gain":0,"player_choice":"Max HP","damage_taken":0,"max_hp_gain":0,"max_hp_loss":4,"event_name":"Winding Halls","floor":36,"gold_loss":0},{"damage_healed":0,"gold_gain":0,"player_choice":"Copied","damage_taken":0,"max_hp_gain":0,"max_hp_loss":0,"event_name":"Duplicator","floor":38,"gold_loss":0,"cards_obtained":["Anger"]},{"damage_healed":0,"gold_gain":0,"player_choice":"1","damage_taken":0,"max_hp_gain":0,"max_hp_loss":0,"event_name":"betterMatch:BetterMatch","floor":53,"gold_loss":0,"cards_obtained":[]},{"damage_healed":0,"gold_gain":0,"player_choice":"Left","damage_taken":0,"max_hp_gain":0,"max_hp_loss":0,"event_name":"betterThird:BetterGoop","floor":54,"gold_loss":28},{"damage_healed":0,"gold_gain":0,"player_choice":"Relic ","damage_taken":18,"max_hp_gain":0,"max_hp_loss":0,"event_name":"betterThird:BetterScrap","floor":55,"gold_loss":0,"cards_obtained":["Doppelganger"]},{"damage_healed":0,"gold_gain":0,"player_choice":"Ignored","damage_taken":0,"max_hp_gain":0,"max_hp_loss":0,"event_name":"Cursed Tome","floor":71,"gold_loss":0},{"damage_healed":0,"gold_gain":5,"player_choice":"1","damage_taken":0,"max_hp_gain":0,"max_hp_loss":0,"event_name":"betterStone:BetterStone","floor":72,"gold_loss":0},{"damage_healed":0,"gold_gain":0,"player_choice":"Fought Bandits","damage_taken":0,"max_hp_gain":0,"max_hp_loss":0,"event_name":"Masked Bandits","floor":81,"gold_loss":0},{"damage_healed":0,"gold_gain":0,"player_choice":"Max HP","damage_taken":0,"max_hp_gain":0,"max_hp_loss":5,"event_name":"Winding Halls","floor":90,"gold_loss":0},{"cards_removed":["Demon Form"],"damage_healed":0,"gold_gain":0,"player_choice":"Removed Power","damage_taken":0,"max_hp_gain":0,"max_hp_loss":0,"event_name":"Falling","floor":99,"gold_loss":0},{"cards_removed":["Anger"],"damage_healed":0,"gold_gain":0,"player_choice":"Gave Card","damage_taken":0,"relics_obtained":["Sundial"],"max_hp_gain":0,"max_hp_loss":0,"event_name":"WeMeetAgain","floor":109,"gold_loss":0},{"cards_removed":["Defend_R"],"damage_healed":0,"gold_gain":0,"player_choice":"Upgrade and Remove","damage_taken":0,"max_hp_gain":0,"max_hp_loss":0,"event_name":"Designer","floor":123,"gold_loss":90,"cards_upgraded":["Defend_R"]},{"cards_removed":["Defend_R"],"damage_healed":0,"gold_gain":0,"player_choice":"Removed Skill","damage_taken":0,"max_hp_gain":0,"max_hp_loss":0,"event_name":"Falling","floor":143,"gold_loss":0}],"is_beta":false,"boss_relics":[{"not_picked":["Velvet Choker","SacredBark"],"picked":"Busted Crown"},{"not_picked":["Runic Dome","infinitespire:Burning Sword"],"picked":"Black Blood"},{"not_picked":["Mark of Pain","CCEMRelics:GreenEgg","Pandora\u0027s Box"]},{"not_picked":["Pandora\u0027s Box","Fusion Hammer"],"picked":"Tiny House"},{"not_picked":["Cursed Key","Astrolabe","Coffee Dripper"]},{"not_picked":["Mark of Pain","infinitespire:Cupcake"],"picked":"Philosopher\u0027s Stone"},{"not_picked":["infinitespire:Cupcake","CCEMRelics:GreenEgg","Mark of Pain"]},{"not_picked":["Cursed Key","Pandora\u0027s Box"],"picked":"SlaversCollar"}],"items_purged_floors":[10,37,48,88,104,106,121,141,144],"is_endless":true,"potions_floor_spawned":[7,8,11,14,20,22,31,33,40,50,59,61,63,64,70,73,76,82,84,87,93,97,101,103,108,110,113,116,120,122,125,130,132,142,147,149,150],"killed_by":"infinitespire:LordOfFortification","ascension_level":1}}