{"host":"ml80p9p157c7xd90","time":1608331642,"event":{"mods":["2.2 Compatiblity","Act Like it!","Ascension Unlocker","Aspiration","BaseMod","Better Altar","Better Match","Better Note","Better Sensory Stone","Better Skull","Better Third Choice","CapriCore","Colored Map","Conspire","Friendly Minions","Gensokyo","Halation","Minty Spire (QoL Compilation)","Pale of the Ancients","Replay The Spire","StSLib","TheBandit","Wandering Minibosses"],"gold_per_floor":[116,287,298,311,4,30,30,57,57,57,89,108,137,6,6,84,84,99,99,278,25,40,40,70,70,70,70],"floor_reached":25,"playtime":1465,"items_purged":["Voices"],"score":609,"play_id":"a707341e-0935-4b59-859f-3480159d4813","local_time":"20201218154722","daily_mods":["Draft","DeadlyEvents","Elite Swarm","Terminal","Uncertain Future"],"is_ascension_mode":true,"campfire_choices":[{"data":"wariomod:BigUpgrade","floor":7,"key":"SMITH"},{"data":"wariomod:KeyFinisher","floor":10,"key":"SMITH"},{"data":"wariomod:KeyFinisher","floor":15,"key":"SMITH"},{"data":"wariomod:TrekTime","floor":23,"key":"SMITH"}],"circlet_count":0,"master_deck":["AscendersBane","wariomod:SmackSlam","wariomod:EndlessBlast","wariomod:DoubleDash","wariomod:SmackSlam","wariomod:BodyBlock","wariomod:DoubleDip","wariomod:DoubleDash","wariomod:TempestBlasts","wariomod:DoubleDash","wariomod:DeepDig","wariomod:DoubleDash","wariomod:CursedSpaces","wariomod:RacingSpeed","wariomod:Smackflip","wariomod:DisarmingMoves","wariomod:SmackSlam","wariomod:Immortalize","wariomod:BigUpgrade+1","wariomod:TrekTime+1","wariomod:BodyBlock","wariomod:DeadlyDash+1","wariomod:KeyFinisher+1","wariomod:DeadlyDash+1","wariomod:HappyHop","wariomod:KeyFinisher+1","wariomod:ImFeelingLucky","wariomod:HappyHop"],"relics":["wariomod:TheHat","Medical Kit","Incense Burner","Shuriken","Snack Pack","Replay:Baseball","The Courier","Replay:Bronze Core","ReplayTheSpireMod:Ring of Exchange","Ring of Fury","Guide Book","aspiration:Lifesprig"],"acts_visited":["Gensokyo:Gensokyo","Gensokyo:Gensokyoer"],"potions_floor_usage":[6,18,24],"damage_taken":[{"damage":0,"enemies":"Gensokyo:3_Fairies","floor":1,"turns":4},{"damage":0,"enemies":"Gensokyo:Python","floor":3,"turns":2},{"damage":12,"enemies":"Gensokyo:2_Kodama","floor":4,"turns":3},{"damage":0,"enemies":"Gensokyo:Cirno","floor":6,"turns":4},{"damage":0,"enemies":"Gensokyo:Mamizou","floor":8,"turns":6},{"damage":16,"enemies":"Gensokyo:Cirno","floor":11,"turns":6},{"damage":0,"enemies":"Gensokyo:Kitsune","floor":12,"turns":2},{"damage":0,"enemies":"Gensokyo:Aya","floor":13,"turns":5},{"damage":7,"enemies":"Gensokyo:Reimu","floor":16,"turns":5},{"damage":12,"enemies":"Gensokyo:CosmicMonolith","floor":18,"turns":2},{"damage":0,"enemies":"Gensokyo:3_Dogs","floor":22,"turns":4},{"damage":19,"enemies":"Gensokyo:Koishi","floor":24,"turns":4},{"damage":0,"enemies":"Gensokyo:Tenshi","floor":25,"turns":1}],"seed_played":"-1553176413451980196","potions_obtained":[{"floor":1,"key":"Toxic Potion"},{"floor":6,"key":"Death Potion"},{"floor":8,"key":"Elixir"},{"floor":12,"key":"SteroidPotion"},{"floor":18,"key":"DuplicationPotion"},{"floor":24,"key":"Venom Potion"}],"is_trial":true,"path_per_floor":["M","?","M","M","$","E","R","E","T","R","E","M","E","$","R","B",null,"M","?","?","$","M","R","E","E"],"character_chosen":"THE_BANDIT","items_purchased":["Medical Kit","wariomod:TrekTime","wariomod:BodyBlock","wariomod:ImFeelingLucky","wariomod:HappyHop","Guide Book","Regen Potion"],"campfire_rested":0,"item_purchase_floors":[5,5,5,14,14,21,21],"current_hp_per_floor":[65,45,45,33,33,33,33,33,33,33,21,25,29,29,29,34,50,38,38,21,21,25,25,10,10,10,10],"gold":70,"neow_bonus":"","is_daily":false,"chose_seed":false,"campfire_upgraded":4,"win_rate":0.0,"timestamp":1608331642,"path_taken":["M","?","M","M","$","E","R","E","T","R","?","?","E","?","R","BOSS","M","?","?","$","M","R","?","E"],"items_purchased_type":["Relic","Card","Card","Card","Card","Relic","Potion"],"build_version":"2020-12-13","purchased_purges":1,"victory":false,"max_hp_per_floor":[70,69,68,67,66,65,64,63,62,61,60,59,58,57,56,55,54,53,52,51,50,49,48,47,47,47,47],"card_choices":[{"not_picked":["wariomod:SelfImprison","wariomod:Hopshield"],"picked":"wariomod:SmackSlam","floor":0},{"not_picked":["wariomod:Goblast","wariomod:DanceDash"],"picked":"wariomod:EndlessBlast","floor":0},{"not_picked":["wariomod:Leapslam","wariomod:BoomBoom"],"picked":"wariomod:DoubleDash","floor":0},{"not_picked":["wariomod:TreasureDig","wariomod:DonateDraw"],"picked":"wariomod:SmackSlam","floor":0},{"not_picked":["wariomod:Bomblaster","wariomod:DisarmingMoves"],"picked":"wariomod:BodyBlock","floor":0},{"not_picked":["wariomod:PayItForwards","wariomod:Bombtime"],"picked":"wariomod:DoubleDip","floor":0},{"not_picked":["wariomod:f","wariomod:Goblast"],"picked":"wariomod:DoubleDash","floor":0},{"not_picked":["wariomod:Goblast","wariomod:DisarmingMoves"],"picked":"wariomod:TempestBlasts","floor":0},{"not_picked":["wariomod:EmptyMind","wariomod:Goblast"],"picked":"wariomod:DoubleDash","floor":0},{"not_picked":["wariomod:Goblast","wariomod:HappyHop"],"picked":"wariomod:DeepDig","floor":0},{"not_picked":["wariomod:DonateDraw","wariomod:Bombshield"],"picked":"wariomod:DoubleDash","floor":0},{"not_picked":["wariomod:HastyRush","wariomod:SmallSprint"],"picked":"wariomod:CursedSpaces","floor":0},{"not_picked":["wariomod:BlastDash","wariomod:PayItForwards"],"picked":"wariomod:RacingSpeed","floor":0},{"not_picked":["wariomod:Boomsmack","wariomod:SmallSprint"],"picked":"wariomod:Smackflip","floor":0},{"not_picked":["wariomod:Boomsmack","wariomod:AwfulLook"],"picked":"wariomod:DisarmingMoves","floor":0},{"not_picked":["wariomod:CursedSpaces","wariomod:SimpleShield"],"picked":"wariomod:SmackSlam","floor":1},{"not_picked":["wariomod:SmallSprint","wariomod:Boomsmack"],"picked":"wariomod:Immortalize","floor":3},{"not_picked":["wariomod:Game","wariomod:ImFeelingLucky"],"picked":"wariomod:BigUpgrade","floor":4},{"not_picked":["wariomod:KeyFinisher","wariomod:Enshrine"],"picked":"wariomod:DeadlyDash","floor":6},{"not_picked":["wariomod:PoisonBombs","wariomod:Enshrine"],"picked":"wariomod:KeyFinisher","floor":8},{"not_picked":["wariomod:ForbiddenMagic","wariomod:BoomForm"],"picked":"wariomod:DeadlyDash","floor":11},{"not_picked":["wariomod:DropBash","wariomod:SmackSlam"],"picked":"wariomod:HappyHop","floor":12},{"not_picked":["wariomod:PoisonBombs","wariomod:MassiveParty"],"picked":"wariomod:KeyFinisher","floor":13},{"not_picked":["wariomod:BlastDash","wariomod:Boomsmack","wariomod:AwfulLook"],"picked":"SKIP","floor":18},{"not_picked":["wariomod:DisarmingMoves","wariomod:SpikeSlash","wariomod:Leapslam"],"picked":"SKIP","floor":22},{"not_picked":["wariomod:GoAgain","wariomod:PoisonBombs","wariomod:VeryLongJump"],"picked":"SKIP","floor":24}],"player_experience":373632,"relics_obtained":[{"floor":6,"key":"Incense Burner"},{"floor":8,"key":"Shuriken"},{"floor":9,"key":"Snack Pack"},{"floor":11,"key":"Replay:Baseball"},{"floor":13,"key":"The Courier"},{"floor":19,"key":"ReplayTheSpireMod:Ring of Exchange"},{"floor":19,"key":"Ring of Fury"},{"floor":24,"key":"aspiration:Lifesprig"}],"event_choices":[{"damage_healed":0,"gold_gain":171,"player_choice":"GO GO ","damage_taken":22,"relics_obtained":[],"max_hp_gain":0,"max_hp_loss":0,"event_name":"betterSkull:BetterSkull","floor":2,"gold_loss":0,"cards_upgraded":[]},{"damage_healed":0,"gold_gain":179,"player_choice":"GO GO ","damage_taken":19,"relics_obtained":[],"max_hp_gain":0,"max_hp_loss":0,"event_name":"betterSkull:BetterSkull","floor":20,"gold_loss":0,"cards_upgraded":[]}],"is_beta":false,"boss_relics":[{"not_picked":["Velvet Choker","aspiration:SilentSkillbook"],"picked":"Replay:Bronze Core"}],"items_purged_floors":[21],"is_endless":false,"potions_floor_spawned":[1,6,8,12,13,18,24],"killed_by":"Gensokyo:Tenshi","ascension_level":20}}