{"host":"z26j60ycepuqi9th","time":1608298250,"event":{"mods":["Act Like it!","BaseMod","CapriCore","Card Filter","Card Forge","DeckTracker","Dota2Spire","Friendly Minions","Highlight Path","Mari Mod (Legacy)","Mari\u0027s V1 Patch","Minty Spire (QoL Compilation)","MostiFishMod","Permanent Neow","Quick Restart","Relic Stats","Robot Space Explorer","Shop Mod","Spicy Shops","StSLib","SuperFastMode","TestMod","The Alterego","The Dragon Tamer","TheWitcher","[地精首领爬塔]The Maniac","【遗物卡牌】REMEMod","篝火指南"],"gold_per_floor":[118,134,34,53,67,67,67,67,67,90,108,108,156,191,191,196,196],"floor_reached":16,"playtime":479,"items_purged":["Strike_R","Strike_R"],"score":158,"play_id":"54047849-7c2a-488f-94e1-cb3a6edfcc67","local_time":"20201218213050","is_ascension_mode":true,"campfire_choices":[{"data":"Seeing Red","floor":12.0,"key":"SMITH"},{"data":"MostiFishMod:KingOfFree","floor":15,"key":"SMITH"}],"circlet_count":0,"master_deck":["AscendersBane","Strike_R","Strike_R","Strike_R","Defend_R","Defend_R","Defend_R","Defend_R","Bash","MostiFishMod:KingOfFree+1","MostiFishMod:WingOfPhoenix","Seeing Red+1"],"relics":["Burning Blood","Hammer of Thor","Seething Fire","Anvil of the Gods","DaveBox","testmod-TestBox","REME_ComplimentaryCards","testmod-IntensifyImprint","DiscerningMonocle","Question Card","Vajra","Ying","OrangePellets","HornCleat","testmod-HeartOfDaVinci","Dota2Spire:MantaStyle","Pen Nib","Sundial"],"acts_visited":["Exordium"],"potions_floor_usage":[14,14],"damage_taken":[{"damage":16.0,"enemies":"Cultist","floor":1.0,"turns":4.0},{"damage":18.0,"enemies":"2 Louse","floor":2.0,"turns":4.0},{"damage":10.0,"enemies":"Small Slimes","floor":4.0,"turns":3.0},{"damage":22.0,"enemies":"Red Slaver","floor":5.0,"turns":4.0},{"damage":10.0,"enemies":"Exordium Wildlife","floor":10.0,"turns":5.0},{"damage":24.0,"enemies":"Exordium Thugs","floor":11.0,"turns":6.0},{"damage":15,"enemies":"Lagavulin","floor":14,"turns":5},{"damage":19,"enemies":"The Guardian","floor":16,"turns":10}],"seed_played":"660593342272602639","potions_obtained":[{"floor":5.0,"key":"Strength Potion"},{"floor":10.0,"key":"Swift Potion"}],"is_trial":false,"path_per_floor":["M","M","$","M","M","?","R","?","T","M","M","R","T","E","R","B"],"character_chosen":"IRONCLAD","items_purchased":["Vajra","Ying","OrangePellets","HornCleat"],"campfire_rested":0,"item_purchase_floors":[3,3,3,3],"current_hp_per_floor":[64,54,54,51,36,36,36,36,36,35,20,20,20,14,14,0,0],"gold":196,"neow_bonus":"ONE_RANDOM_RARE_CARD","is_daily":false,"chose_seed":false,"campfire_upgraded":2,"win_rate":0.0,"timestamp":1608298250,"path_taken":["M","?","$","M","M","?","R","?","T","M","?","R","?","E","R","BOSS"],"items_purchased_type":["Relic","Relic","Relic","Relic"],"build_version":"2020-12-13","purchased_purges":2,"victory":false,"max_hp_per_floor":[80,80,80,80,80,80,80,80,80,80,80,80,80,80,80,80,80],"relic_stats":{"OrangePellets":[0],"counters":[8,41],"Sundial":[4],"Pen Nib":[2],"Question Card":6,"obtain_stats":[{"testmod-IntensifyImprint":0,"Dota2Spire:MantaStyle":9,"testmod-TestBox":0,"Ying":3,"DaveBox":0,"DiscerningMonocle":0,"Vajra":3,"Hammer of Thor":0,"Pen Nib":13,"Seething Fire":0,"Question Card":1,"Burning Blood":0,"OrangePellets":3,"HornCleat":3,"Anvil of the Gods":0,"Sundial":14,"REME_ComplimentaryCards":0,"testmod-HeartOfDaVinci":6},{"testmod-IntensifyImprint":0,"Dota2Spire:MantaStyle":4,"testmod-TestBox":0,"Ying":2,"DaveBox":0,"DiscerningMonocle":0,"Vajra":2,"Hammer of Thor":0,"Pen Nib":6,"Seething Fire":0,"Question Card":1,"Burning Blood":0,"OrangePellets":2,"HornCleat":2,"Anvil of the Gods":0,"Sundial":7,"REME_ComplimentaryCards":0,"testmod-HeartOfDaVinci":4},{"testmod-IntensifyImprint":0,"Dota2Spire:MantaStyle":15,"testmod-TestBox":0,"Ying":8,"DaveBox":0,"DiscerningMonocle":0,"Vajra":8,"Hammer of Thor":0,"Pen Nib":26,"Seething Fire":0,"Question Card":4,"Burning Blood":0,"OrangePellets":8,"HornCleat":8,"Anvil of the Gods":0,"Sundial":31,"REME_ComplimentaryCards":0,"testmod-HeartOfDaVinci":15}],"Burning Blood":42},"card_choices":[{"not_picked":["REME_Cut","Shockwave"],"picked":"Seeing Red","floor":1.0},{"not_picked":["Burning Pact","Entrench","Iron Wave","Dropkick"],"picked":"SKIP","floor":2.0},{"not_picked":["Burning Pact","Dark Embrace","Reckless Charge","Carnage"],"picked":"SKIP","floor":4.0},{"not_picked":["Rupture","Second Wind","Warcry","True Grit"],"picked":"SKIP","floor":5.0},{"not_picked":["Blood for Blood","Cleave","Headbutt","Heavy Blade"],"picked":"SKIP","floor":10.0},{"not_picked":["Pummel","True Grit","Pommel Strike","Barricade"],"picked":"SKIP","floor":11.0},{"not_picked":["Inflame","Wild Strike","Thunderclap","Cleave"],"picked":"SKIP","floor":14}],"player_experience":117911,"relics_obtained":[{"floor":1.0,"key":"Question Card"},{"floor":9.0,"key":"Dota2Spire:MantaStyle"},{"floor":13.0,"key":"Pen Nib"},{"floor":14,"key":"Sundial"}],"event_choices":[{"damage_healed":0.0,"max_hp_gain":0.0,"max_hp_loss":0.0,"gold_gain":0.0,"event_name":"Big Fish","player_choice":"Box","floor":6.0,"gold_loss":0.0,"damage_taken":0.0,"relics_obtained":["testmod-HeartOfDaVinci"],"cards_obtained":["Regret"]},{"cards_removed":["Regret"],"damage_healed":0.0,"max_hp_gain":0.0,"max_hp_loss":0.0,"gold_gain":0.0,"event_name":"Fountain of Cleansing","player_choice":"Removed Curses","floor":8.0,"gold_loss":0.0,"damage_taken":0.0}],"is_beta":false,"boss_relics":[],"items_purged_floors":[3,3],"is_endless":false,"potions_floor_spawned":[5,10,11],"killed_by":"The Guardian","ascension_level":11}}