{"host":"l2821e3dgmq4sghh","time":1608328194,"event":{"mods":["BaseMod","Colored Powertips","Minty Spire (QoL Compilation)","StSLib"],"gold_per_floor":[115,115,132,151,151,151,176,176,249,249,277,289,316,241,241,341,341,353,3,3,3,3,3,3,35,58,68,68,68,21,47,47,151,151,171,22,22,37,53,53,53],"floor_reached":40,"playtime":5040,"items_purged":["Strike_B","Strike_B"],"score":462,"play_id":"8ec5e1ff-12ba-4949-9cd9-9532b99fd949","local_time":"20201218224954","is_ascension_mode":true,"campfire_choices":[{"data":"Streamline","floor":6,"key":"SMITH"},{"data":"Hologram","floor":8,"key":"SMITH"},{"data":"Ball Lightning","floor":15,"key":"SMITH"},{"data":"Zap","floor":23,"key":"SMITH"},{"data":"Sweeping Beam","floor":29,"key":"SMITH"},{"data":"Beam Cell","floor":32,"key":"SMITH"}],"circlet_count":0,"master_deck":["Strike_B","Defend_B","Defend_B","Defend_B","Defend_B","Zap+1","Dualcast","Ball Lightning","Streamline+1","Hologram+1","Ball Lightning+1","Leap","Hologram","Leap","Sweeping Beam+1","J.A.X.","Barrage+1","Conserve Battery","Beam Cell+1","Sweeping Beam+1","Gash","Madness","Madness","Gash+1","Beam Cell+1"],"relics":["Cracked Core","Du-Vu Doll","Sundial","Toy Ornithopter","Matryoshka","SlaversCollar","Runic Capacitor","DataDisk","Question Card","Potion Belt","Vajra","Unceasing Top","Inserter"],"acts_visited":["Exordium","TheCity","TheBeyond"],"potions_floor_usage":[0,5,11,13,18,31,33,33,33,33,38,38,39,40],"damage_taken":[{"damage":0,"enemies":"2 Louse","floor":1,"turns":1},{"damage":1,"enemies":"Cultist","floor":3,"turns":3},{"damage":2,"enemies":"Small Slimes","floor":4,"turns":3},{"damage":0,"enemies":"Exordium Thugs","floor":5,"turns":1},{"damage":13,"enemies":"Gremlin Nob","floor":7,"turns":3},{"damage":11,"enemies":"Lagavulin","floor":11,"turns":5},{"damage":7,"enemies":"Blue Slaver","floor":12,"turns":2},{"damage":9,"enemies":"3 Sentries","floor":13,"turns":4},{"damage":12,"enemies":"Hexaghost","floor":16,"turns":9},{"damage":1,"enemies":"Spheric Guardian","floor":18,"turns":3},{"damage":21,"enemies":"Book of Stabbing","floor":25,"turns":5},{"damage":0,"enemies":"Chosen","floor":27,"turns":3},{"damage":8,"enemies":"Gremlin Leader","floor":31,"turns":6},{"damage":41,"enemies":"Champ","floor":33,"turns":7},{"damage":27,"enemies":"3 Darklings","floor":35,"turns":3},{"damage":19,"enemies":"Orb Walker","floor":38,"turns":3},{"damage":35,"enemies":"Spire Growth","floor":39,"turns":4},{"damage":21,"enemies":"Nemesis","floor":40,"turns":2}],"seed_played":"-4137979399765137699","potions_obtained":[{"floor":0,"key":"Fruit Juice"},{"floor":0,"key":"Fire Potion"},{"floor":0,"key":"SmokeBomb"},{"floor":3,"key":"EntropicBrew"},{"floor":7,"key":"GamblersBrew"},{"floor":11,"key":"SteroidPotion"},{"floor":13,"key":"Explosive Potion"},{"floor":25,"key":"Dexterity Potion"},{"floor":35,"key":"EssenceOfSteel"}],"is_trial":false,"path_per_floor":["M","?","M","M","M","R","E","R","T","?","E","M","E","$","R","B",null,"M","$","?","?","?","R","$","E","T","M","?","R","$","E","R","B",null,"M","$","?","M","M","E"],"character_chosen":"DEFECT","items_purchased":["Runic Capacitor","DataDisk","Sweeping Beam","Conserve Battery","Gash"],"campfire_rested":0,"item_purchase_floors":[19,19,19,30,36],"current_hp_per_floor":[80,80,79,77,77,77,64,64,64,64,53,46,42,42,42,30,80,80,80,80,80,65,65,65,44,44,44,44,44,44,41,41,20,85,58,58,47,38,8,0,0],"gold":53,"neow_bonus":"THREE_SMALL_POTIONS","is_daily":false,"chose_seed":false,"campfire_upgraded":6,"win_rate":0.0,"timestamp":1608328194,"path_taken":["M","?","M","M","?","R","E","R","T","?","E","M","E","?","R","BOSS","M","$","?","?","?","R","$","E","T","?","?","R","$","E","R","BOSS","M","$","?","M","M","E"],"items_purchased_type":["Relic","Relic","Card","Card","Card"],"build_version":"2020-12-13","purchased_purges":2,"victory":false,"max_hp_per_floor":[80,80,80,80,80,80,80,80,80,80,80,80,80,80,80,80,80,80,80,80,80,85,85,85,85,85,85,85,85,85,85,85,85,85,85,85,85,85,85,85,85],"card_choices":[{"not_picked":["Turbo","Rip and Tear"],"picked":"Ball Lightning","floor":1},{"not_picked":["Stack","Glacier"],"picked":"Hologram","floor":3},{"not_picked":["Conserve Battery","Leap"],"picked":"Ball Lightning","floor":4},{"not_picked":["Amplify","Tempest","Consume"],"picked":"SKIP","floor":7},{"not_picked":["Undo","Darkness","Hello World"],"picked":"SKIP","floor":11},{"not_picked":["Redo","Barrage"],"picked":"Leap","floor":12},{"not_picked":["Beam Cell","Streamline"],"picked":"Hologram","floor":13},{"not_picked":["Rip and Tear","Heatsinks"],"picked":"Leap","floor":18},{"not_picked":["Gash","Ball Lightning"],"picked":"Barrage+1","floor":25},{"not_picked":["Ball Lightning","Blizzard","Rebound","Streamline"],"picked":"SKIP","floor":27},{"not_picked":["Leap","Streamline","Compile Driver+1"],"picked":"Beam Cell","floor":31},{"not_picked":["Rebound","Barrage","Chill+1"],"picked":"Sweeping Beam+1","floor":35},{"not_picked":["Streamline","Redo","Beam Cell"],"picked":"Gash+1","floor":38},{"not_picked":["Chill","Barrage","Darkness"],"picked":"Beam Cell+1","floor":39}],"player_experience":5326393,"relics_obtained":[{"floor":7,"key":"Du-Vu Doll"},{"floor":9,"key":"Sundial"},{"floor":11,"key":"Toy Ornithopter"},{"floor":13,"key":"Matryoshka"},{"floor":25,"key":"Question Card"},{"floor":26,"key":"Potion Belt"},{"floor":26,"key":"Vajra"},{"floor":31,"key":"Unceasing Top"}],"event_choices":[{"damage_healed":0,"gold_gain":0,"player_choice":"1 cards matched","damage_taken":0,"max_hp_gain":0,"max_hp_loss":0,"event_name":"Match and Keep!","floor":2,"gold_loss":0,"cards_obtained":["Streamline"]},{"damage_healed":0,"gold_gain":0,"player_choice":"1 cards matched","damage_taken":0,"max_hp_gain":0,"max_hp_loss":0,"event_name":"Match and Keep!","floor":2,"gold_loss":0,"cards_obtained":["Streamline"]},{"damage_healed":0,"gold_gain":0,"player_choice":"Ignored","damage_taken":0,"max_hp_gain":0,"max_hp_loss":0,"event_name":"NoteForYourself","floor":10,"gold_loss":0},{"damage_healed":0,"gold_gain":0,"player_choice":"Ignored","damage_taken":0,"max_hp_gain":0,"max_hp_loss":0,"event_name":"Vampires","floor":20,"gold_loss":0},{"damage_healed":0,"gold_gain":0,"player_choice":"Obtain J.A.X.","damage_taken":0,"max_hp_gain":0,"max_hp_loss":0,"event_name":"Drug Dealer","floor":21,"gold_loss":0,"cards_obtained":["J.A.X."]},{"damage_healed":0,"gold_gain":0,"player_choice":"Shed Blood","damage_taken":20,"max_hp_gain":5,"max_hp_loss":0,"event_name":"Forgotten Altar","floor":22,"gold_loss":0},{"cards_removed":["Strike_B"],"damage_healed":0,"gold_gain":0,"player_choice":"Purged","damage_taken":0,"max_hp_gain":0,"max_hp_loss":0,"event_name":"Purifier","floor":28,"gold_loss":0},{"damage_healed":0,"gold_gain":0,"player_choice":"Embrace Madness","damage_taken":11,"max_hp_gain":0,"max_hp_loss":0,"event_name":"Winding Halls","floor":37,"gold_loss":0,"cards_obtained":["Madness","Madness"]}],"is_beta":false,"boss_relics":[{"not_picked":["Philosopher\u0027s Stone","Runic Dome"],"picked":"SlaversCollar"},{"not_picked":["Sozu","Velvet Choker"],"picked":"Inserter"}],"items_purged_floors":[14,36],"is_endless":false,"potions_floor_spawned":[3,7,11,13,25,35],"killed_by":"Nemesis","ascension_level":1}}