{"host":"qvm8mnkwg7phaqzl","time":1608293216,"event":{"mods":["2.2 Compatiblity","A Magickal Journey","Act Like it!","Aspiration","Astrologer","Bard","BaseMod","Beaked The Cultist","Better Altar","Better Match","Better Note","Better Sensory Stone","Better Skull","Better Third Choice","CCEM","CatGirl Mod","Chen","Colored Map","Conspire","DeckTracker","Downfall","Elementarium","Friendly Minions","Gensokyo","GifTheSpireLib","Halation","Hubris","Koishi","Marisa（霧雨　魔理沙）","Mathematician","Minty Spire (QoL Compilation)","Onozuka Komachi Mod","Potionbrewer","Random Character Button","Rare Cards Sparkle","Reimu（博??梦）","Replay The Spire","Somnambulant","StSLib","The Accelerator","The Blackbeard","The Bladedancer","The Bug Knight","The Construct","The Cursed","The Disciple","The Druid","The Elementalist","The Factory","The Florist","The Forsaken","The Gatherer","The Hierophant","The Judge","The Juggle","The Jungle","The Mystic","The Necromancer","The Poker Player","The Problem Sleuth","The Runesmith","The Sage","The Servant 0.9.4","The Spell Scribe","The Valiant","The Witch","TheArtist","TheFirefly","Wandering Minibosses","Youmu（魂魄妖梦）","Yuyuko","vexMod","yUi"],"gold_per_floor":[99,111,111,111,96,111,159,69,80,110,122,133,157,42,52,155,155,5,23,57,57,57,57,57],"floor_reached":23,"playtime":3109,"items_purged":["Looming Evil","Slimebound:Defend_Slimebound"],"score":259,"play_id":"50870474-6bd7-4177-bcae-73d7b0bcd06f","local_time":"20201218060656","is_ascension_mode":false,"campfire_choices":[{"data":"ReplayTheSpireMod:Brewmster","floor":1.0,"key":"SMITH"},{"data":"Slimebound:MegaLick","floor":18,"key":"SMITH"},{"data":"Slimebound:CorrosiveSpit","floor":22,"key":"SMITH"}],"circlet_count":0,"master_deck":["Slimebound:Strike_Slimebound","Slimebound:Strike_Slimebound+1","Slimebound:Strike_Slimebound","Slimebound:Tackle","Slimebound:Defend_Slimebound","Slimebound:Defend_Slimebound","Slimebound:Defend_Slimebound","Slimebound:Split","Slimebound:CorrosiveSpit+1","ReplayTheSpireMod:Brewmster+1","Slimebound:LivingWall","theForsaken:FatRoll+1","Slimebound:LeechingTouch","Slimebound:GoopSpray","Slimebound:MegaLick+1","Slimebound:Gluttony","Slimebound:LeechingTouch","Slimebound:OozeBath+1","Slimebound:DuplicatedForm+1","Slimebound:LeechEnergy"],"relics":["Slimebound:AbsorbEndCombat","Golden Egg","Pet Ghost","aspiration:BardSkillbook","downfall:HeartBlessingGreen","downfall:HeartBlessingBlue","Slimebound:AggressiveSlimeRelic","Bloody Idol","Blood Vial"],"acts_visited":["Exordium","TheCity"],"potions_floor_usage":[6,8,8,8,9,10,10,10,10,10,11,11,12,12,12,14,14,14,15,16,16,16,16,17,20,20,20,23,23,23],"damage_taken":[{"damage":18.0,"enemies":"conspire:RoseBush","floor":2.0,"turns":6.0},{"damage":9.0,"enemies":"downfall:FleeingMerchant","floor":5.0,"turns":4.0},{"damage":5,"enemies":"Jaw Worm","floor":6,"turns":6},{"damage":23,"enemies":"downfall:FleeingMerchant","floor":8,"turns":4},{"damage":5,"enemies":"Cultist","floor":9,"turns":5},{"damage":27,"enemies":"Lagavulin","floor":10,"turns":8},{"damage":4,"enemies":"Gremlin Gang","floor":11,"turns":4},{"damage":15,"enemies":"Exordium Thugs","floor":12,"turns":4},{"damage":10,"enemies":"downfall:FleeingMerchant","floor":14,"turns":4},{"damage":4,"enemies":"Blue Slaver","floor":15,"turns":5},{"damage":4,"enemies":"downfall:Ironclad","floor":16,"turns":5},{"damage":23,"enemies":"Chosen","floor":19,"turns":6},{"damage":37,"enemies":"Gremlin Leader","floor":20,"turns":5},{"damage":35,"enemies":"Book of Stabbing","floor":23,"turns":3}],"seed_played":"-4556232565226505932","potions_obtained":[{"floor":2.0,"key":"Reflective Coating"},{"floor":9,"key":"hexamod:EctoCoolerPotion"},{"floor":12,"key":"SpeedPotion"},{"floor":15,"key":"sneckomod:MuddlingPotion"},{"floor":16,"key":"SteroidPotion"},{"floor":19,"key":"potionbrewer:ToxicPotion"}],"is_trial":false,"path_per_floor":["R","M","?","?","$","M","T","$","M","E","M","M","T","$","M","B",null,"R","M","E","?","R","E"],"character_chosen":"SLIMEBOUND","items_purchased":[],"campfire_rested":0,"item_purchase_floors":[],"current_hp_per_floor":[60,54,54,54,60,60,60,59,60,58,60,57,57,58,60,60,60,70,70,68,15,15,0,0],"gold":57,"neow_bonus":"RANDOM_COLORLESS_2","is_daily":false,"chose_seed":false,"campfire_upgraded":3,"win_rate":0.0,"timestamp":1608293216,"path_taken":["R","M","?","?","$","?","T","$","M","E","?","M","?","$","M","BOSS","R","M","E","?","R","E"],"items_purchased_type":[],"build_version":"2020-12-13","purchased_purges":2,"victory":false,"max_hp_per_floor":[60,60,60,60,60,60,60,60,60,60,60,60,60,60,60,60,60,70,70,70,70,70,70,70],"card_choices":[{"not_picked":["Transmutation","Panache"],"picked":"ReplayTheSpireMod:Brewmster","floor":0.0},{"not_picked":["Slimebound:RollThrough","Slimebound:GrowthPunch"],"picked":"Slimebound:LivingWall","floor":2.0},{"not_picked":["Slimebound:PressTheAttack","Slimebound:AcidTongue"],"picked":"Slimebound:LeechingTouch","floor":5},{"not_picked":["Slimebound:ViciousTackle","Slimebound:SplitLeeching"],"picked":"Slimebound:GoopSpray","floor":6},{"not_picked":["Slimebound:LeechEnergy","Slimebound:ServeAndProtect"],"picked":"Slimebound:MegaLick","floor":8},{"not_picked":["Slimebound:FlameTackle","Slimebound:DivideAndConquer","Slimebound:SplitLeeching"],"picked":"SKIP","floor":9},{"not_picked":["Slimebound:MinionMaster","Slimebound:FormOfPuddle","Slimebound:SplitAcid"],"picked":"SKIP","floor":10},{"not_picked":["Slimebound:PressTheAttack","Slimebound:SplitAcid"],"picked":"Slimebound:Gluttony","floor":11},{"not_picked":["Slimebound:ViciousTackle","Slimebound:SplitAcid"],"picked":"Slimebound:LeechingTouch","floor":12},{"not_picked":["Slimebound:FinishingTackle","Slimebound:TongueLash","Slimebound:Schlurp"],"picked":"SKIP","floor":14},{"not_picked":["Slimebound:Nibble","Slimebound:FinishingTackle"],"picked":"Slimebound:OozeBath","floor":15},{"not_picked":["Slimebound:Overexert","Slimebound:OozeBath"],"picked":"Slimebound:DuplicatedForm","floor":16},{"not_picked":["bard:LingeringPerformance","bard:Shout","Slimebound:PressTheAttack"],"picked":"Slimebound:LeechEnergy","floor":19},{"not_picked":["bard:CuttingWords","Slimebound:SplitAcid","bard:Doot","bard:FaerieFire"],"picked":"SKIP","floor":20}],"player_experience":586254,"relics_obtained":[{"floor":10,"key":"Golden Egg"},{"floor":13,"key":"Pet Ghost"},{"floor":20,"key":"Slimebound:AggressiveSlimeRelic"}],"event_choices":[{"cards_removed":["ReplayTheSpireMod:Brewmster"],"damage_healed":0.0,"max_hp_gain":0.0,"max_hp_loss":0.0,"gold_gain":0.0,"event_name":"betterNote:BetterNote","player_choice":"Take \u0026 Give","floor":4.0,"gold_loss":0.0,"damage_taken":0.0,"cards_obtained":["theForsaken:FatRoll"]},{"damage_healed":0,"gold_gain":0,"player_choice":" Idol Vial ","damage_taken":53,"relics_obtained":["Bloody Idol","Blood Vial"],"max_hp_gain":68,"max_hp_loss":15,"event_name":"betterAltar:BetterAltar","floor":21,"potions_obtained":[],"relics_lost":[],"gold_loss":0}],"is_beta":false,"boss_relics":[{"not_picked":["hubris:CrackedHourglass","CCEMRelics:TransientCore"],"picked":"aspiration:BardSkillbook"}],"items_purged_floors":[8,14],"is_endless":false,"potions_floor_spawned":[2,9,12,15,16,19,20],"killed_by":"Book of Stabbing","ascension_level":0}}