{"host":"4amcrcg6ktw8dbzk","time":1608295229,"event":{"mods":["BaseMod","Dota2Spire","Minty Spire (QoL Compilation)","MostiFishMod","Robot Space Explorer","Spicy Shops","StSLib","Waifu the Spire"],"gold_per_floor":[111,122,141,161,180,214,233,267,314,314,328,354,354,373,373,450,450,464,492,502,130,146,146,171,171,224,224,264,264,179,206,206,314,314,333,15,237,287,287,313,313,374,374,425,480,507,507,550,550,580,580,580,71,101,131],"floor_reached":56,"playtime":2797,"items_purged":["Strike_B","Strike_B","Defend_B"],"score":2720,"play_id":"da5fd4bd-5dac-4002-845e-fbdd1f34458c","local_time":"20201218204029","is_ascension_mode":true,"campfire_choices":[{"data":"MostiFishMod:STOP","floor":10.0,"key":"SMITH"},{"data":"Coolheaded","floor":15.0,"key":"SMITH"},{"data":"Coolheaded","floor":23.0,"key":"SMITH"},{"data":"Coolheaded","floor":29,"key":"SMITH"},{"data":"Defragment","floor":32,"key":"SMITH"},{"data":"MostiFishMod:SephirahHod","floor":41,"key":"SMITH"},{"floor":47,"key":"RECALL"},{"data":"Capacitor","floor":49,"key":"SMITH"},{"data":"Defend_B","floor":52,"key":"SMITH"}],"circlet_count":0,"master_deck":["AscendersBane","Strike_B","Defend_B+1","Defend_B","Defend_B","Zap","Dualcast","Ball Lightning","Conserve Battery","Coolheaded+1","Coolheaded+1","MostiFishMod:GatherIntelligence+1","MostiFishMod:STOP+1","Skim","Glacier","Coolheaded+1","Gash+1","MostiFishMod:STOP+1","Hologram+1","Defragment+1","Gash+1","Capacitor","Core Surge+1","Fusion","MostiFishMod:IntelligentEquipment","MostiFishMod:SephirahHod+1","Hologram","MostiFishMod:GatherIntelligence+1","Multi-Cast","Madness","Madness","MostiFishMod:ATRI","Capacitor+1","Coolheaded","Defragment"],"relics":["Cracked Core","DaveBox","xbg","Question Card","Meat on the Bone","Molten Egg 2","Dota2Spire:PhaseBoots","Dota2Spire:HeartOfTarrasque","Eternal Feather","ImportantClient","SlaversCollar","Red Mask","Membership Card","Dota2Spire:BattleFury","Technique","Akabeko","Dota2Spire:HandOfMidas","Darkstone Periapt","Dota2Spire:Dagon","MostiFishMod:Hod","DollysMirror","Singing Bowl","WingedGreaves","Torii","Dota2Spire:Satanic","Regal Pillow","Pear","Runic Capacitor","Dota2Spire:BladeMail","Kunai","SynthV","Boot","Letter Opener"],"acts_visited":["Exordium","TheCity","TheBeyond","TheEnding"],"potions_floor_usage":[],"damage_taken":[{"damage":1.0,"enemies":"Cultist","floor":1.0,"turns":3.0},{"damage":7.0,"enemies":"Jaw Worm","floor":2.0,"turns":3.0},{"damage":7.0,"enemies":"2 Louse","floor":3.0,"turns":2.0},{"damage":2.0,"enemies":"Looter","floor":4.0,"turns":4.0},{"damage":0.0,"enemies":"Large Slime","floor":5.0,"turns":5.0},{"damage":4.0,"enemies":"3 Sentries","floor":6.0,"turns":7.0},{"damage":6.0,"enemies":"3 Louse","floor":7.0,"turns":2.0},{"damage":12.0,"enemies":"Lagavulin","floor":8.0,"turns":6.0},{"damage":0.0,"enemies":"Exordium Thugs","floor":11.0,"turns":4.0},{"damage":2.0,"enemies":"3 Sentries","floor":12.0,"turns":4.0},{"damage":0.0,"enemies":"Exordium Wildlife","floor":14.0,"turns":4.0},{"damage":0.0,"enemies":"Hexaghost","floor":16.0,"turns":8.0},{"damage":26.0,"enemies":"2 Thieves","floor":18.0,"turns":4.0},{"damage":28.0,"enemies":"Masked Bandits","floor":19.0,"turns":5.0},{"damage":0.0,"enemies":"Spheric Guardian","floor":20.0,"turns":3.0},{"damage":0.0,"enemies":"Centurion and Healer","floor":22.0,"turns":3.0},{"damage":0.0,"enemies":"Book of Stabbing","floor":24.0,"turns":4.0},{"damage":0,"enemies":"Snake Plant","floor":28,"turns":3},{"damage":14,"enemies":"Slavers","floor":31,"turns":4},{"damage":8,"enemies":"Champ","floor":33,"turns":7},{"damage":3,"enemies":"3 Darklings","floor":35,"turns":3},{"damage":4,"enemies":"3 Shapes","floor":38,"turns":2},{"damage":0,"enemies":"Giant Head","floor":40,"turns":4},{"damage":0,"enemies":"Nemesis","floor":42,"turns":3},{"damage":1,"enemies":"2 Orb Walkers","floor":44,"turns":3},{"damage":0,"enemies":"Reptomancer","floor":45,"turns":3},{"damage":0,"enemies":"Nemesis","floor":46,"turns":4},{"damage":0,"enemies":"Sphere and 2 Shapes","floor":48,"turns":2},{"damage":0,"enemies":"Awakened One","floor":50,"turns":6},{"damage":0,"enemies":"Shield and Spear","floor":54,"turns":3},{"damage":15,"enemies":"The Heart","floor":55,"turns":4}],"seed_played":"-2646730009178500353","potions_obtained":[{"floor":3.0,"key":"Explosive Potion"},{"floor":7.0,"key":"PowerPotion"},{"floor":12.0,"key":"Dexterity Potion"},{"floor":16.0,"key":"FearPotion"},{"floor":20.0,"key":"DuplicationPotion"}],"is_trial":false,"path_per_floor":["M","M","M","M","M","E","M","E","T","R","M","E","?","M","R","B",null,"M","?","M","$","M","R","E","?","T","?","M","R","?","E","R","B",null,"M","$","?","M","?","E","R","E","T","?","E","E","R","M","R","B",null,"R","$","E","B",null],"character_chosen":"DEFECT","items_purchased":["Membership Card","Dota2Spire:BattleFury","Gash+1","Technique","DollysMirror","Singing Bowl","Multi-Cast","Runic Capacitor","Dota2Spire:BladeMail","Defragment","Kunai","PotionOfCapacity","SynthV","Boot"],"campfire_rested":0,"item_purchase_floors":[21,21,21,21,36,36,36,53,53,53,53,53,53,53],"current_hp_per_floor":[63,56,49,47,47,43,37,37,37,37,37,55,29,45,57,77,79,53,37,49,49,49,61,65,65,65,65,65,79,79,65,79,79,79,76,76,76,74,59,65,83,85,85,86,86,97,97,97,97,97,97,97,97,99,84],"gold":131,"neow_bonus":"REMOVE_CARD","is_daily":false,"chose_seed":false,"campfire_upgraded":8,"win_rate":0.0,"timestamp":1608295229,"path_taken":["M","M","M","M","M","E","M","E","T","R","M","E","?","M","R","BOSS","M","?","M","$","M","R","E","?","T","?","M","R","?","E","R","BOSS","M","$","?","M","?","E","R","E","T","?","E","E","R","?","R","BOSS","R","$","E","BOSS"],"items_purchased_type":["Relic","Relic","Card","Relic","Relic","Relic","Card","Relic","Relic","Card","Relic","Potion","Relic","Relic"],"build_version":"2020-12-13","purchased_purges":3,"victory":true,"max_hp_per_floor":[71,71,71,71,71,71,71,71,71,71,71,79,79,79,79,79,79,79,79,79,79,79,79,79,79,79,79,79,79,79,79,79,79,79,79,79,79,81,81,83,83,85,85,87,87,97,97,97,97,97,97,97,97,99,99],"card_choices":[{"not_picked":["Undo","Turbo"],"picked":"Ball Lightning","floor":1.0},{"not_picked":["Hello World","Sweeping Beam","Rebound"],"picked":"Conserve Battery","floor":2.0},{"not_picked":["Sweeping Beam","Redo","Aggregate"],"picked":"Coolheaded","floor":3.0},{"not_picked":["Hologram","Gash","Cold Snap"],"picked":"Coolheaded","floor":4.0},{"not_picked":["Blizzard","Streamline","Reinforced Body"],"picked":"MostiFishMod:GatherIntelligence","floor":5.0},{"not_picked":["Cold Snap","Genetic Algorithm","Leap"],"picked":"MostiFishMod:STOP","floor":6.0},{"not_picked":["Leap","Reinforced Body","Streamline"],"picked":"Skim","floor":7.0},{"not_picked":["Tempest","Undo","Compile Driver+1"],"picked":"Glacier","floor":8.0},{"not_picked":["Doom and Gloom+1","Static Discharge","Stack"],"picked":"Coolheaded","floor":11.0},{"not_picked":["Thunder Strike+1","Scrape+1","Conserve Battery","Stack"],"picked":"SKIP","floor":12.0},{"not_picked":["Stack","Turbo","Capacitor"],"picked":"Gash+1","floor":14.0},{"not_picked":["Echo Form","MostiFishMod:PushDownKick+1","Hyperbeam+1"],"picked":"MostiFishMod:STOP","floor":16.0},{"not_picked":["Beam Cell+1","Stack","Turbo","Leap"],"picked":"SKIP","floor":18.0},{"not_picked":["Turbo","Barrage+1","Steam+1"],"picked":"Hologram+1","floor":19.0},{"not_picked":["Capacitor","Sunder+1","Aggregate"],"picked":"Defragment","floor":20.0},{"not_picked":["Glacier","Static Discharge","Turbo"],"picked":"Capacitor","floor":22.0},{"not_picked":["Genetic Algorithm+1","Redo","Undo","Storm"],"picked":"SKIP","floor":24.0},{"not_picked":["Redo","MostiFishMod:IceShield","Turbo"],"picked":"Fusion","floor":28},{"not_picked":["Barrage+1","Turbo","Gash+1","Reprogram"],"picked":"SKIP","floor":31},{"not_picked":["Buffer","Core Surge+1","MostiFishMod:Hijack"],"picked":"MostiFishMod:IntelligentEquipment","floor":33},{"not_picked":["Turbo+1","Go for the Eyes+1","Stack"],"picked":"Hologram","floor":35},{"not_picked":["Streamline+1","Rebound+1","Gash+1","Barrage+1"],"picked":"Singing Bowl","floor":38},{"not_picked":["MostiFishMod:Exploitation","Ball Lightning+1","Cold Snap+1","Go for the Eyes+1"],"picked":"Singing Bowl","floor":40},{"not_picked":["Doom and Gloom+1","Compile Driver+1","Aggregate","Auto Shields"],"picked":"Singing Bowl","floor":42},{"not_picked":["Reprogram+1","Hologram","Rebound+1","Steam+1"],"picked":"Singing Bowl","floor":44},{"not_picked":["Genetic Algorithm+1","Hello World+1","Lockon+1"],"picked":"MostiFishMod:ATRI","floor":45},{"not_picked":["Loop","Beam Cell+1","Coolheaded+1"],"picked":"Capacitor","floor":46},{"not_picked":["Compile Driver+1","Streamline+1","Ball Lightning+1"],"picked":"Coolheaded","floor":48},{"not_picked":["Go for the Eyes+1","Biased Cognition","Barrage+1","Sweeping Beam+1"],"picked":"Singing Bowl","floor":54}],"player_experience":263531,"relics_obtained":[{"floor":1.0,"key":"Question Card"},{"floor":6.0,"key":"Meat on the Bone"},{"floor":8.0,"key":"Molten Egg 2"},{"floor":9.0,"key":"Dota2Spire:PhaseBoots"},{"floor":12.0,"key":"Dota2Spire:HeartOfTarrasque"},{"floor":16.0,"key":"ImportantClient"},{"floor":19.0,"key":"Red Mask"},{"floor":24.0,"key":"Akabeko"},{"floor":26,"key":"Dota2Spire:HandOfMidas"},{"floor":31,"key":"Dota2Spire:Dagon"},{"floor":40,"key":"WingedGreaves"},{"floor":42,"key":"Torii"},{"floor":44,"key":"Dota2Spire:Satanic"},{"floor":45,"key":"Regal Pillow"},{"floor":46,"key":"Pear"},{"floor":54,"key":"Letter Opener"}],"event_choices":[{"damage_healed":0.0,"max_hp_gain":0.0,"max_hp_loss":0.0,"gold_gain":0.0,"event_name":"Scrap Ooze","player_choice":"Success","floor":13.0,"gold_loss":0.0,"damage_taken":26.0,"relics_obtained":["Eternal Feather"]},{"damage_healed":0.0,"max_hp_gain":0.0,"max_hp_loss":0.0,"gold_gain":0.0,"event_name":"Masked Bandits","player_choice":"Fought Bandits","floor":19.0,"gold_loss":0.0,"damage_taken":0.0},{"damage_healed":0,"gold_gain":0,"player_choice":"Ignored","damage_taken":0,"max_hp_gain":0,"max_hp_loss":0,"event_name":"The Mausoleum","floor":25,"gold_loss":0},{"damage_healed":0,"gold_gain":0,"player_choice":"Read","damage_taken":0,"max_hp_gain":0,"max_hp_loss":0,"event_name":"The Library","floor":27,"gold_loss":0,"cards_obtained":["Core Surge"]},{"damage_healed":0,"gold_gain":0,"player_choice":"Obtained Relic","damage_taken":0,"relics_obtained":["Darkstone Periapt"],"max_hp_gain":0,"max_hp_loss":0,"event_name":"Addict","floor":30,"gold_loss":85},{"damage_healed":0,"gold_gain":222,"player_choice":"Wore Mask","damage_taken":0,"max_hp_gain":0,"max_hp_loss":0,"event_name":"Tomb of Lord Red Mask","floor":37,"gold_loss":0},{"damage_healed":0,"gold_gain":0,"player_choice":"Embrace Madness","damage_taken":15,"max_hp_gain":0,"max_hp_loss":0,"event_name":"Winding Halls","floor":39,"gold_loss":0,"cards_obtained":["Madness","Madness"]},{"damage_healed":0,"gold_gain":0,"player_choice":"Fight","damage_taken":0,"max_hp_gain":0,"max_hp_loss":0,"event_name":"Mysterious Sphere","floor":44,"gold_loss":0}],"is_beta":false,"boss_relics":[{"not_picked":["TakeMeEscape","FixedStarFall"],"picked":"SlaversCollar"},{"not_picked":["EE1DDrone","Tiny House"],"picked":"MostiFishMod:Hod"}],"items_purged_floors":[21,36,53],"is_endless":false,"potions_floor_spawned":[3,7,12,16,20,22,24,31,40,44,45,48,54],"ascension_level":16}}