{"host":"ml80p9p157c7xd90","time":1608329111,"event":{"mods":["2.2 Compatiblity","Act Like it!","Ascension Unlocker","Aspiration","BaseMod","Better Altar","Better Match","Better Note","Better Sensory Stone","Better Skull","Better Third Choice","CapriCore","Colored Map","Conspire","Friendly Minions","Gensokyo","Halation","Minty Spire (QoL Compilation)","Pale of the Ancients","Replay The Spire","StSLib","TheBandit","Wandering Minibosses"],"gold_per_floor":[110,130,130,151,151,151,193,193,193,68,68,68,43,6,6,18,18,18],"floor_reached":16,"playtime":733,"items_purged":[],"score":182,"play_id":"d3329e6d-df8f-40b9-9e5c-e71b55041ca1","local_time":"20201218150511","is_ascension_mode":true,"campfire_choices":[{"data":"wariomod:ImFeelingLucky","floor":6,"key":"SMITH"},{"data":"wariomod:GodlyGift","floor":8,"key":"SMITH"},{"data":"wariomod:WhirlwindBurst","floor":15,"key":"SMITH"}],"circlet_count":0,"master_deck":["AscendersBane","wariomod:Strike","wariomod:Strike","wariomod:Strike","wariomod:Strike","wariomod:Defend","wariomod:Defend+1","wariomod:Defend","wariomod:Defend","wariomod:Step","wariomod:Leap","wariomod:HappyHit","wariomod:ImFeelingLucky+1","wariomod:BigUpgrade+1","wariomod:GodlyGift+1","ReplayUltimateDefense+1","wariomod:ChargeForth+1","wariomod:DoubleDash","wariomod:WhirlwindBurst+1"],"relics":["wariomod:TheHat","NeowsBlessing","Replay:Bandana","War Paint","Replay:Wax Seal","aspiration:FrozenJewel","Replay:Ringing Soul"],"acts_visited":["Gensokyo:Gensokyo"],"potions_floor_usage":[],"damage_taken":[{"damage":0,"enemies":"Gensokyo:2_Kodama","floor":1,"turns":1},{"damage":4,"enemies":"Gensokyo:3_Fairies","floor":2,"turns":2},{"damage":0,"enemies":"Gensokyo:Gryphon","floor":4,"turns":1},{"damage":31,"enemies":"Gensokyo:Cirno","floor":7,"turns":7},{"damage":13,"enemies":"Gensokyo:Reimu","floor":16,"turns":8}],"seed_played":"-1737992649120043702","potions_obtained":[{"floor":1,"key":"Elixir"},{"floor":2,"key":"Venom Potion"},{"floor":7,"key":"SteroidPotion"}],"is_trial":false,"path_per_floor":["M","M","?","M","T","R","E","R","T","?","$","T","$","$","R","B"],"character_chosen":"THE_BANDIT","items_purchased":["wariomod:DoubleDash","wariomod:WhirlwindBurst"],"campfire_rested":0,"item_purchase_floors":[13,14],"current_hp_per_floor":[65,61,44,44,44,44,13,13,13,13,13,13,16,19,19,6,6,6],"gold":18,"neow_bonus":"THREE_ENEMY_KILL","is_daily":false,"chose_seed":false,"campfire_upgraded":3,"win_rate":0.0,"timestamp":1608329111,"path_taken":["M","?","?","?","?","R","E","R","T","?","$","?","?","$","R","BOSS"],"items_purchased_type":["Card","Card"],"build_version":"2020-12-13","purchased_purges":0,"victory":false,"max_hp_per_floor":[72,72,72,72,72,72,72,72,72,72,72,72,75,78,78,78,78,78],"card_choices":[{"not_picked":["wariomod:RacingSpeed","wariomod:BoomBoom"],"picked":"wariomod:HappyHit","floor":1},{"not_picked":["wariomod:BoomBoom","wariomod:Game"],"picked":"wariomod:ImFeelingLucky","floor":2},{"not_picked":["wariomod:HastyRush","wariomod:DiceyMove"],"picked":"wariomod:BigUpgrade","floor":4},{"not_picked":["wariomod:Hopshield","wariomod:HastyRush"],"picked":"wariomod:GodlyGift","floor":7},{"not_picked":["Secret Weapon+1","Metamorphosis+1"],"picked":"ReplayUltimateDefense+1","floor":10},{"not_picked":["wariomod:Goblast+1","wariomod:BoomBoom+1"],"picked":"wariomod:ChargeForth+1","floor":10}],"player_experience":371919,"relics_obtained":[{"floor":5,"key":"War Paint"},{"floor":7,"key":"Replay:Wax Seal"},{"floor":9,"key":"aspiration:FrozenJewel"},{"floor":12,"key":"Replay:Ringing Soul"}],"event_choices":[{"damage_healed":0,"gold_gain":0,"player_choice":"RE ","damage_taken":19,"relics_obtained":["Replay:Bandana"],"max_hp_gain":0,"max_hp_loss":0,"event_name":"betterSkull:BetterSkull","floor":3,"gold_loss":0,"cards_upgraded":[]},{"damage_healed":0,"gold_gain":0,"player_choice":"2","damage_taken":0,"max_hp_gain":0,"max_hp_loss":0,"event_name":"betterMatch:BetterMatch","floor":10,"gold_loss":0,"cards_obtained":["betterMatch:ColorlessRareCard","betterMatch:CommonCard"]}],"is_beta":false,"boss_relics":[],"items_purged_floors":[],"is_endless":false,"potions_floor_spawned":[1,2,7],"killed_by":"Gensokyo:Reimu","ascension_level":20}}