{"host":"qwttrqaysb380yri","time":1608323884,"event":{"mods":["BaseMod","Custom Start","Minty Spire (QoL Compilation)","Permanent Neow","Puzzle Mod","Relic Stats","StSLib","The Cursed","The Hierophant"],"gold_per_floor":[118,146,69,88,88,88,102,102,102,130,148,28,49,99,99,168,168,180,198,189,189,229,229],"floor_reached":22,"playtime":740,"items_purged":[],"score":340,"play_id":"d1068a5b-83ef-467d-a38b-6134d2890232","local_time":"20201218213804","is_ascension_mode":true,"campfire_choices":[{"data":"Enlightenment","floor":6,"key":"SMITH"},{"data":"hierophant:ChurchCoffers","floor":8,"key":"SMITH"},{"floor":15,"key":"REST"}],"circlet_count":0,"master_deck":["AscendersBane","hierophant:Strike_Hierophant","hierophant:Strike_Hierophant","hierophant:Strike_Hierophant","hierophant:Defend_Hierophant","hierophant:Defend_Hierophant","hierophant:Defend_Hierophant","hierophant:Defend_Hierophant","hierophant:ChurchCoffers+1","Enlightenment+1","hierophant:Doubloon","hierophant:Remorse","hierophant:Shelter","hierophant:SolarFlare","hierophant:MorningPrayer","hierophant:Zeal","hierophant:FlamingChariot","hierophant:Embezzle","hierophant:SolarFlare","hierophant:Sermon","hierophant:Zeal","hierophant:Batter","hierophant:Encroach","hierophant:Doubloon","hierophant:ConvertCurrency","hierophant:Smite+1"],"relics":["hierophant:PropheticMaskRelic","White Beast Statue","Art of War","Kunai","Empty Cage","Red Mask"],"acts_visited":["Exordium","TheCity"],"potions_floor_usage":[11,13,16,19,20,22],"damage_taken":[{"damage":0,"enemies":"2 Louse","floor":1,"turns":1},{"damage":2,"enemies":"Jaw Worm","floor":2,"turns":4},{"damage":1,"enemies":"Cultist","floor":4,"turns":3},{"damage":35,"enemies":"3 Sentries","floor":7,"turns":11},{"damage":2,"enemies":"3 Louse","floor":10,"turns":2},{"damage":0,"enemies":"Red Slaver","floor":11,"turns":3},{"damage":12,"enemies":"Gremlin Nob","floor":13,"turns":3},{"damage":12,"enemies":"The Guardian","floor":16,"turns":11},{"damage":12,"enemies":"Shell Parasite","floor":18,"turns":3},{"damage":34,"enemies":"Masked Bandits","floor":19,"turns":5},{"damage":11,"enemies":"Chosen","floor":20,"turns":6},{"damage":0,"enemies":"Centurion and Healer","floor":22,"turns":1}],"seed_played":"3699133185592657868","potions_obtained":[{"floor":2,"key":"BlessingOfTheForge"},{"floor":10,"key":"Fire Potion"},{"floor":11,"key":"GamblersBrew"},{"floor":13,"key":"SkillPotion"},{"floor":16,"key":"PowerPotion"},{"floor":18,"key":"LiquidBronze"},{"floor":19,"key":"Weak Potion"},{"floor":20,"key":"PowerPotion"}],"is_trial":false,"path_per_floor":["M","M","$","M","?","R","E","R","T","M","M","$","E","?","R","B",null,"M","?","M","?","M"],"character_chosen":"HIEROPHANT","items_purchased":["hierophant:SolarFlare","hierophant:SolarFlare","hierophant:Sermon"],"campfire_rested":1,"item_purchase_floors":[3,12,12],"current_hp_per_floor":[68,66,66,65,65,65,30,30,30,28,28,28,16,16,38,26,63,51,17,6,6,6,6],"gold":229,"neow_bonus":"RANDOM_COLORLESS","is_daily":false,"chose_seed":false,"campfire_upgraded":2,"win_rate":0.0,"timestamp":1608323884,"path_taken":["M","M","$","M","?","R","E","R","T","M","M","$","E","?","R","BOSS","M","?","M","?","?"],"items_purchased_type":["Card","Card","Card"],"build_version":"2020-12-13","purchased_purges":0,"victory":false,"max_hp_per_floor":[75,75,75,75,75,75,75,75,75,75,75,75,75,75,75,75,75,75,75,75,75,75,75],"relic_stats":{"counters":[12,53],"Art of War":[7],"Kunai":[9],"obtain_stats":[{"hierophant:PropheticMaskRelic":0,"Art of War":9,"Red Mask":19,"Kunai":13,"Empty Cage":17,"White Beast Statue":7},{"hierophant:PropheticMaskRelic":0,"Art of War":4,"Red Mask":10,"Kunai":7,"Empty Cage":8,"White Beast Statue":4},{"hierophant:PropheticMaskRelic":0,"Art of War":19,"Red Mask":46,"Kunai":27,"Empty Cage":38,"White Beast Statue":19}]},"card_choices":[{"not_picked":["Impatience","Jack Of All Trades"],"picked":"Enlightenment","floor":0},{"not_picked":["hierophant:HolyVerse","hierophant:DisplayOfPower"],"picked":"hierophant:Remorse","floor":1},{"not_picked":["hierophant:AuricShield","hierophant:Repentance"],"picked":"hierophant:Shelter","floor":2},{"not_picked":["hierophant:Encroach","hierophant:Exaltation"],"picked":"hierophant:MorningPrayer","floor":4},{"not_picked":["hierophant:Flagellation","hierophant:Determination"],"picked":"hierophant:Zeal","floor":7},{"not_picked":["hierophant:Community","hierophant:AuricShield"],"picked":"hierophant:FlamingChariot","floor":10},{"not_picked":["hierophant:Alms","hierophant:AuricBeam"],"picked":"hierophant:Embezzle","floor":11},{"not_picked":["hierophant:Community","hierophant:MirrorShield"],"picked":"hierophant:Zeal","floor":13},{"not_picked":["hierophant:WrathOfGod","hierophant:Levitation"],"picked":"hierophant:Batter","floor":16},{"not_picked":["hierophant:ThreeLashes","hierophant:AuricBeam"],"picked":"hierophant:Encroach","floor":18},{"not_picked":["hierophant:RepressedViolence+1","hierophant:HolyVerse"],"picked":"hierophant:ConvertCurrency","floor":19},{"not_picked":["hierophant:Zeal","hierophant:SecretStash"],"picked":"hierophant:Smite+1","floor":20}],"player_experience":1880175,"relics_obtained":[{"floor":7,"key":"White Beast Statue"},{"floor":9,"key":"Art of War"},{"floor":13,"key":"Kunai"},{"floor":19,"key":"Red Mask"}],"event_choices":[{"damage_healed":0,"gold_gain":0,"player_choice":"Leave","damage_taken":0,"max_hp_gain":0,"max_hp_loss":0,"event_name":"The Cleric","floor":5,"gold_loss":0},{"damage_healed":0,"gold_gain":50,"player_choice":"Pray","damage_taken":0,"max_hp_gain":0,"max_hp_loss":0,"event_name":"Golden Shrine","floor":14,"gold_loss":0},{"damage_healed":0,"gold_gain":0,"player_choice":"Fought Bandits","damage_taken":0,"max_hp_gain":0,"max_hp_loss":0,"event_name":"Masked Bandits","floor":19,"gold_loss":0},{"damage_healed":0,"gold_gain":0,"player_choice":"Got Potions","damage_taken":0,"max_hp_gain":0,"max_hp_loss":0,"event_name":"Lab","floor":21,"gold_loss":0}],"is_beta":false,"boss_relics":[{"not_picked":["Runic Dome","Busted Crown"],"picked":"Empty Cage"}],"items_purged_floors":[],"is_endless":false,"potions_floor_spawned":[2,10,11,13,16,18,19,20],"killed_by":"Centurion and Healer","ascension_level":15}}