{"host":"wg33yb1rgt3nbe17","time":1608261585,"event":{"mods":["AchievementEnabler","BaseMod","Colored Map","Minty Spire (QoL Compilation)","Permanent Neow","Relic Stats","StSLib"],"gold_per_floor":[111,123,137,17,17,52,52,68,68,78,78,92,109,65,65,168,168,180,180,199,217,237,237,267,282,329,254,254,254,268,42,42,137,137,152,152,165,165,181,181,181,181,181,34,45,45,45,71,71,71],"floor_reached":51,"playtime":1696,"items_purged":["Parasite"],"score":1009,"play_id":"6c8e6f2b-4473-4b24-a375-f5da3ce6c995","local_time":"20201217221945","is_ascension_mode":true,"campfire_choices":[{"data":"Catalyst","floor":7,"key":"SMITH"},{"floor":11,"key":"REST"},{"floor":15,"key":"REST"},{"data":"Adrenaline","floor":23,"key":"SMITH"},{"floor":29,"key":"REST"},{"floor":32,"key":"REST"},{"floor":40,"key":"REST"},{"data":"Catalyst","floor":42,"key":"SMITH"},{"data":"Wraith Form v2","floor":49,"key":"SMITH"}],"circlet_count":0,"master_deck":["Strike_G","Strike_G","Strike_G","Defend_G+1","Defend_G","Defend_G","Defend_G","Survivor","Neutralize","Catalyst+1","Bane","Well Laid Plans","Backflip","Cloak And Dagger+1","Corpse Explosion","Deadly Poison","Bane","Bouncing Flask","Prepared","Adrenaline+1","Tactician","Doppelganger","Footwork","Acrobatics","Concentrate","Deadly Poison+1","Backflip","Noxious Fumes+1","Concentrate","Wraith Form v2+1","Catalyst+1","Noxious Fumes+1","Catalyst+1","Backflip+1","Catalyst","Crippling Poison+1","Blur+1"],"relics":["Ring of the Snake","Question Card","Bottled Tornado","Runic Pyramid","War Paint","Snake Skull","Nunchaku","Bag of Preparation","HoveringKite","Bag of Marbles"],"acts_visited":["Exordium","TheCity","TheBeyond"],"potions_floor_usage":[10,13,13,18,21,24,25,30,48,50],"damage_taken":[{"damage":1,"enemies":"2 Louse","floor":1,"turns":2},{"damage":1,"enemies":"Jaw Worm","floor":2,"turns":4},{"damage":11,"enemies":"Cultist","floor":3,"turns":5},{"damage":26,"enemies":"Lagavulin","floor":6,"turns":6},{"damage":3,"enemies":"Looter","floor":8,"turns":2},{"damage":0,"enemies":"3 Louse","floor":10,"turns":1},{"damage":9,"enemies":"Blue Slaver","floor":12,"turns":3},{"damage":16,"enemies":"Exordium Thugs","floor":13,"turns":2},{"damage":6,"enemies":"The Guardian","floor":16,"turns":6},{"damage":10,"enemies":"3 Byrds","floor":18,"turns":3},{"damage":5,"enemies":"Spheric Guardian","floor":20,"turns":3},{"damage":4,"enemies":"Snecko","floor":21,"turns":3},{"damage":10,"enemies":"3 Cultists","floor":22,"turns":3},{"damage":32,"enemies":"Gremlin Leader","floor":24,"turns":4},{"damage":1,"enemies":"Snake Plant","floor":25,"turns":3},{"damage":8,"enemies":"Centurion and Healer","floor":30,"turns":4},{"damage":37,"enemies":"Automaton","floor":33,"turns":8},{"damage":18,"enemies":"3 Shapes","floor":35,"turns":2},{"damage":0,"enemies":"3 Darklings","floor":37,"turns":2},{"damage":0,"enemies":"Writhing Mass","floor":39,"turns":3},{"damage":0,"enemies":"Spire Growth","floor":45,"turns":3},{"damage":0,"enemies":"Reptomancer","floor":48,"turns":3},{"damage":7,"enemies":"Time Eater","floor":50,"turns":4}],"seed_played":"-2941731653526438890","potions_obtained":[{"floor":1,"key":"Explosive Potion"},{"floor":8,"key":"ColorlessPotion"},{"floor":12,"key":"AttackPotion"},{"floor":16,"key":"ColorlessPotion"},{"floor":20,"key":"Regen Potion"},{"floor":22,"key":"Energy Potion"},{"floor":24,"key":"Swift Potion"},{"floor":25,"key":"GamblersBrew"},{"floor":37,"key":"Dexterity Potion"},{"floor":45,"key":"PowerPotion"},{"floor":48,"key":"GhostInAJar"}],"is_trial":false,"path_per_floor":["M","M","M","$","?","E","R","M","T","M","R","M","M","?","R","B",null,"M","?","M","M","M","R","E","M","T","?","?","R","M","$","R","B",null,"M","?","M","?","M","R","?","R","T","$","M","?","?","E","R","B",null],"character_chosen":"THE_SILENT","items_purchased":["Poisoned Stab","Backflip","Cloak And Dagger","Bag of Preparation","Concentrate","Catalyst"],"campfire_rested":5,"item_purchase_floors":[4,4,4,31,31,44],"current_hp_per_floor":[62,61,50,50,50,24,24,21,21,21,42,33,17,17,38,32,61,51,51,46,54,44,44,12,11,11,11,11,32,24,24,45,8,55,37,37,37,37,37,58,58,58,58,58,58,58,58,58,58,51],"gold":71,"neow_bonus":"REMOVE_CARD","is_daily":false,"chose_seed":false,"campfire_upgraded":4,"win_rate":0.0,"timestamp":1608261585,"path_taken":["M","M","M","$","?","E","R","M","T","M","R","M","M","?","R","BOSS","M","?","?","M","M","R","E","M","T","?","?","R","M","$","R","BOSS","M","?","M","?","?","R","?","R","T","$","M","?","?","E","R","BOSS"],"items_purchased_type":["Card","Card","Card","Relic","Card","Card"],"build_version":"2020-12-13","purchased_purges":1,"victory":true,"max_hp_per_floor":[70,70,70,70,70,70,70,70,70,70,70,70,70,70,70,70,70,70,70,70,70,70,70,70,70,70,70,70,70,70,70,70,70,70,70,70,70,70,70,70,70,70,70,67,67,64,64,64,64,64],"relic_stats":{"Nunchaku":[2],"counters":[23,79],"HoveringKite":[13],"Snake Skull":[64],"Bag of Preparation":[14],"War Paint":["Cloak And Dagger","Defend_G"],"Question Card":18,"obtain_stats":[{"Nunchaku":28,"HoveringKite":34,"Snake Skull":26,"Bag of Preparation":31,"Bag of Marbles":48,"Bottled Tornado":9,"War Paint":24,"Question Card":6,"Ring of the Snake":0,"Runic Pyramid":17},{"Nunchaku":15,"HoveringKite":17,"Snake Skull":15,"Bag of Preparation":16,"Bag of Marbles":22,"Bottled Tornado":5,"War Paint":14,"Question Card":4,"Ring of the Snake":0,"Runic Pyramid":9},{"Nunchaku":50,"HoveringKite":62,"Snake Skull":50,"Bag of Preparation":54,"Bag of Marbles":75,"Bottled Tornado":19,"War Paint":47,"Question Card":17,"Ring of the Snake":0,"Runic Pyramid":31}],"Ring of the Snake":[46]},"card_choices":[{"not_picked":["Predator","Tactician"],"picked":"Catalyst","floor":1},{"not_picked":["Acrobatics","Choke"],"picked":"Bane","floor":2},{"not_picked":["Sucker Punch","Accuracy"],"picked":"Well Laid Plans","floor":3},{"not_picked":["Flying Knee","Catalyst"],"picked":"Corpse Explosion","floor":6},{"not_picked":["Endless Agony","Crippling Poison","Blade Dance"],"picked":"Deadly Poison","floor":8},{"not_picked":["Blade Dance","Backflip","Grand Finale"],"picked":"Bane","floor":10},{"not_picked":["Expertise","Dagger Spray","Dodge and Roll"],"picked":"Bouncing Flask","floor":12},{"not_picked":["PiercingWail","Dagger Spray","Blade Dance"],"picked":"Prepared","floor":13},{"not_picked":["Bullet Time","Corpse Explosion","Glass Knife"],"picked":"Adrenaline","floor":16},{"not_picked":["Dagger Spray","Poisoned Stab","Blade Dance"],"picked":"Tactician","floor":18},{"not_picked":["Slice","Noxious Fumes+1","Calculated Gamble"],"picked":"Footwork","floor":20},{"not_picked":["Slice+1","Dagger Spray","Flying Knee"],"picked":"Acrobatics","floor":21},{"not_picked":["Blur+1","Deadly Poison","Choke"],"picked":"Concentrate","floor":22},{"not_picked":["Outmaneuver+1","A Thousand Cuts","Noxious Fumes"],"picked":"Deadly Poison+1","floor":24},{"not_picked":["Cloak And Dagger","Tactician+1","Poisoned Stab"],"picked":"Backflip","floor":25},{"not_picked":["Bane","Concentrate","Choke"],"picked":"Noxious Fumes+1","floor":30},{"not_picked":["Envenom","Unload","A Thousand Cuts"],"picked":"Wraith Form v2","floor":33},{"not_picked":["Quick Slash","Prepared","Endless Agony"],"picked":"Catalyst","floor":35},{"not_picked":["Cloak And Dagger+1","Expertise+1","Prepared"],"picked":"Noxious Fumes+1","floor":37},{"not_picked":["Flechettes+1","Die Die Die","Finisher+1"],"picked":"Backflip+1","floor":39},{"not_picked":["Dodge and Roll+1","Underhanded Strike","Backflip"],"picked":"Crippling Poison+1","floor":45},{"not_picked":["Tactician","Backflip+1","Dagger Throw+1"],"picked":"Blur+1","floor":48}],"player_experience":514583,"relics_obtained":[{"floor":6,"key":"Question Card"},{"floor":9,"key":"Bottled Tornado"},{"floor":24,"key":"War Paint"},{"floor":26,"key":"Snake Skull"},{"floor":48,"key":"Bag of Marbles"}],"event_choices":[{"damage_healed":0,"gold_gain":0,"player_choice":"Grow","damage_taken":0,"max_hp_gain":0,"max_hp_loss":0,"event_name":"Living Wall","floor":5,"gold_loss":0,"cards_upgraded":["Poisoned Stab"]},{"damage_healed":0,"gold_gain":0,"player_choice":"Left Gold","damage_taken":0,"max_hp_gain":0,"max_hp_loss":0,"event_name":"World of Goop","floor":14,"gold_loss":44},{"damage_healed":0,"gold_gain":0,"cards_transformed":["Strike_G"],"player_choice":"Transformed","damage_taken":0,"max_hp_gain":0,"max_hp_loss":0,"event_name":"Transmorgrifier","floor":19,"gold_loss":0,"cards_obtained":["Doppelganger"]},{"cards_removed":["Strike_G"],"damage_healed":0,"gold_gain":0,"player_choice":"Gave Gold","damage_taken":0,"max_hp_gain":0,"max_hp_loss":0,"event_name":"Beggar","floor":27,"gold_loss":75},{"damage_healed":0,"gold_gain":0,"player_choice":"Opened","damage_taken":0,"relics_obtained":["Nunchaku"],"max_hp_gain":0,"max_hp_loss":0,"event_name":"The Mausoleum","floor":28,"gold_loss":0},{"damage_healed":0,"gold_gain":0,"player_choice":"Ignored","damage_taken":0,"max_hp_gain":0,"max_hp_loss":0,"event_name":"Mysterious Sphere","floor":36,"gold_loss":0},{"damage_healed":0,"gold_gain":0,"player_choice":"Copied","damage_taken":0,"max_hp_gain":0,"max_hp_loss":0,"event_name":"Duplicator","floor":38,"gold_loss":0,"cards_obtained":["Catalyst"]},{"damage_healed":0,"gold_gain":0,"player_choice":"Ignored","damage_taken":0,"max_hp_gain":0,"max_hp_loss":0,"event_name":"Tomb of Lord Red Mask","floor":41,"gold_loss":0},{"damage_healed":0,"gold_gain":0,"player_choice":"Max HP","damage_taken":0,"max_hp_gain":0,"max_hp_loss":3,"event_name":"Winding Halls","floor":46,"gold_loss":0},{"cards_removed":["Poisoned Stab"],"damage_healed":0,"gold_gain":0,"player_choice":"Removed Attack","damage_taken":0,"max_hp_gain":0,"max_hp_loss":0,"event_name":"Falling","floor":47,"gold_loss":0}],"is_beta":false,"boss_relics":[{"not_picked":["Astrolabe","Ectoplasm"],"picked":"Runic Pyramid"},{"not_picked":["Philosopher\u0027s Stone","Velvet Choker"],"picked":"HoveringKite"}],"items_purged_floors":[44],"is_endless":false,"potions_floor_spawned":[1,8,12,16,20,22,24,25,37,45,48],"ascension_level":6}}