{"host":"y89x8uui45kcjy42","time":1608334784,"event":{"mods":["2.2 Compatiblity","BaseMod","CapriCore","Colored Map","Colored Powertips","Custom Start","Friendly Minions","Highlight Path","Keyboard Shortcuts","Minty Spire (QoL Compilation)","Relic Stats","Slay the Relics Exporter","StSLib","SuperFastMode","Waifu the Spire"],"gold_per_floor":[112,123,133,149,224,224,224,242,242,253,65,65,128,145,145,224,224,237,237,237,237],"floor_reached":20,"playtime":520,"items_purged":["Strike_G"],"score":332,"play_id":"e39628fd-d919-4a6b-a0ed-e23d646ad9af","local_time":"20201219083944","is_ascension_mode":true,"campfire_choices":[{"data":"Envenom","floor":7,"key":"SMITH"},{"data":"Neutralize","floor":12,"key":"SMITH"},{"floor":15,"key":"REST"}],"circlet_count":0,"master_deck":["AscendersBane","Strike_G","Strike_G","Strike_G","Defend_G","Defend_G","Defend_G","Defend_G","Survivor","Neutralize+1","Backstab","Blade Dance","Choke","Envenom+1","Die Die Die","Blade Dance","Infinite Blades","Escape Plan","After Image","Pain"],"relics":["Ring of the Snake","NeowsBlessing","Question Card","Toy Ornithopter","Empty Cage","WarpedTongs"],"acts_visited":["Exordium","TheCity"],"potions_floor_usage":[4,13,20],"damage_taken":[{"damage":0,"enemies":"Cultist","floor":1,"turns":1},{"damage":0,"enemies":"2 Louse","floor":2,"turns":1},{"damage":0,"enemies":"Small Slimes","floor":3,"turns":1},{"damage":0,"enemies":"Looter","floor":4,"turns":4},{"damage":4,"enemies":"Red Slaver","floor":8,"turns":3},{"damage":0,"enemies":"3 Louse","floor":10,"turns":2},{"damage":30,"enemies":"Gremlin Nob","floor":13,"turns":4},{"damage":7,"enemies":"Exordium Wildlife","floor":14,"turns":3},{"damage":20,"enemies":"The Guardian","floor":16,"turns":13},{"damage":30,"enemies":"Spheric Guardian","floor":18,"turns":5},{"damage":27,"enemies":"Shell Parasite","floor":20,"turns":4}],"seed_played":"270420312414954809","potions_obtained":[{"floor":1,"key":"GamblersBrew"},{"floor":4,"key":"SneckoOil"},{"floor":8,"key":"Ancient Potion"},{"floor":14,"key":"Energy Potion"}],"is_trial":false,"path_per_floor":["M","M","M","M","?","?","R","M","T","M","$","R","?","M","R","B",null,"M","?","M"],"character_chosen":"THE_SILENT","items_purchased":["Blade Dance","Infinite Blades"],"campfire_rested":1,"item_purchase_floors":[11,11],"current_hp_per_floor":[59,59,59,59,48,48,48,44,44,44,44,44,14,7,26,6,51,21,21,0,0],"gold":237,"neow_bonus":"THREE_ENEMY_KILL","is_daily":false,"chose_seed":false,"campfire_upgraded":2,"win_rate":0.0,"timestamp":1608334784,"path_taken":["M","M","M","M","?","?","R","?","T","M","?","R","?","M","R","BOSS","M","?","?"],"items_purchased_type":["Card","Card"],"build_version":"2020-12-13","purchased_purges":1,"victory":false,"max_hp_per_floor":[66,66,66,66,66,66,66,66,66,66,66,66,66,66,66,66,66,66,66,66,66],"relic_stats":{"counters":[11,41],"Question Card":5,"obtain_stats":[{"NeowsBlessing":0,"Question Card":9,"Empty Cage":17,"Toy Ornithopter":13,"Ring of the Snake":0,"WarpedTongs":19},{"NeowsBlessing":0,"Question Card":5,"Empty Cage":9,"Toy Ornithopter":7,"Ring of the Snake":0,"WarpedTongs":10},{"NeowsBlessing":0,"Question Card":10,"Empty Cage":32,"Toy Ornithopter":16,"Ring of the Snake":0,"WarpedTongs":37}],"Toy Ornithopter":5,"Ring of the Snake":[22],"WarpedTongs":[4]},"card_choices":[{"not_picked":["Caltrops","Quick Slash"],"picked":"Backstab","floor":1},{"not_picked":["Heel Hook","Riddle With Holes","Outmaneuver"],"picked":"SKIP","floor":2},{"not_picked":["Predator","Skewer"],"picked":"Blade Dance","floor":3},{"not_picked":["Escape Plan","Poisoned Stab"],"picked":"Choke","floor":4},{"not_picked":["Dagger Spray","Cloak And Dagger"],"picked":"Die Die Die","floor":8},{"not_picked":["PiercingWail","Underhanded Strike","Cloak And Dagger","Deflect"],"picked":"SKIP","floor":10},{"not_picked":["Night Terror","Dodge and Roll","Quick Slash"],"picked":"Escape Plan","floor":14},{"not_picked":["Doppelganger","Phantasmal Killer","Die Die Die"],"picked":"After Image","floor":16},{"not_picked":["Outmaneuver","All Out Attack","Dagger Throw","Prepared"],"picked":"SKIP","floor":18}],"player_experience":503924,"relics_obtained":[{"floor":9,"key":"Question Card"},{"floor":13,"key":"Toy Ornithopter"}],"event_choices":[{"damage_healed":0,"gold_gain":75,"player_choice":"Gather Gold","damage_taken":11,"max_hp_gain":0,"max_hp_loss":0,"event_name":"World of Goop","floor":5,"gold_loss":0},{"damage_healed":0,"gold_gain":0,"player_choice":"1 cards matched","damage_taken":0,"max_hp_gain":0,"max_hp_loss":0,"event_name":"Match and Keep!","floor":6,"gold_loss":0,"cards_obtained":["Envenom"]},{"damage_healed":0,"gold_gain":30,"player_choice":"Searched \u00273\u0027 times","damage_taken":0,"max_hp_gain":0,"max_hp_loss":0,"event_name":"Dead Adventurer","floor":13,"gold_loss":0},{"damage_healed":0,"gold_gain":0,"player_choice":"Rummage","damage_taken":0,"relics_obtained":["WarpedTongs"],"max_hp_gain":0,"max_hp_loss":0,"event_name":"Accursed Blacksmith","floor":19,"gold_loss":0,"cards_obtained":["Pain"]}],"is_beta":false,"boss_relics":[{"not_picked":["Snecko Eye","Ring of the Serpent"],"picked":"Empty Cage"}],"items_purged_floors":[11],"is_endless":false,"potions_floor_spawned":[1,4,8,14,16,18],"killed_by":"Shell Parasite","ascension_level":20}}