{"host":"e87rn453naquue3h","time":1608330949,"event":{"mods":["AchievementEnabler","BaseMod","Downfall","Minty Spire (QoL Compilation)","StSLib"],"gold_per_floor":[349,378,378,378,144,154,181,198,214,240,302,322,12,24,41,142,142,142,161,161,161,188,202,202,202,202,228,244,260,273,111,128,225,225,225,239,259,284,295,295,321,346,346,363,76,76,99,118,131,131],"floor_reached":51,"playtime":5947,"items_purged":["Slimebound:Defend_Slimebound","Slimebound:Strike_Slimebound"],"score":861,"play_id":"2dce70d3-56db-4cde-bf43-91fd593aa7ad","local_time":"20201218173549","is_ascension_mode":false,"campfire_choices":[{"data":"Slimebound:Split","floor":1,"key":"SMITH"},{"floor":3,"key":"REST"},{"data":"Slimebound:SlimeSlap","floor":18,"key":"SMITH"},{"data":"Slimebound:RallyTheTroops","floor":20,"key":"SMITH"},{"data":"Slimebound:RainOfGoop","floor":26,"key":"SMITH"},{"data":"Slimebound:DouseInSlime","floor":35,"key":"SMITH"},{"data":"Slimebound:ForwardTackle","floor":40,"key":"SMITH"},{"data":"Slimebound:SamplingLick","floor":43,"key":"SMITH"}],"circlet_count":0,"master_deck":["Slimebound:Strike_Slimebound","Slimebound:Tackle","Slimebound:Defend_Slimebound","Slimebound:Split+1","Slimebound:CorrosiveSpit","Slimebound:SamplingLick+1","Slimebound:RainOfGoop+1","Slimebound:SlimeBarrage","Slimebound:LevelUp","Slimebound:LivingWall","Slimebound:SplitMire","Slimebound:RallyTheTroops+1","Slimebound:ComboTackle","Slimebound:Gluttony","Slimebound:ForwardTackle+1","Slimebound:SlimeSlap+1","Slimebound:SlimeSlap+1","Slimebound:TongueLash+1","Slimebound:DouseInSlime+1","Slimebound:Grow+1","Slimebound:FinishingTackle+1","Slimebound:MegaLick+1","Slimebound:SlimeTap+1","Slimebound:SplitBruiser+1","Slimebound:RainOfGoop+1","Slimebound:RainOfGoop+1"],"relics":["Slimebound:AbsorbEndCombat","Darkstone Periapt","Pear","Bag of Marbles","HornCleat","Orichalcum","Incense Burner","Slimebound:TarBlob","Nilry\u0027s Codex","Singing Bowl","Dead Branch","Lizard Tail","Letter Opener","Lee\u0027s Waffle","Astrolabe","Gremlin Horn","Anchor","Happy Flower","Mango","Smiling Mask"],"acts_visited":["Exordium","TheCity","TheBeyond"],"potions_floor_usage":[10,10,11,11,15,16,19,22,27,31,38,50],"damage_taken":[{"damage":42,"enemies":"Gremlin Nob","floor":2,"turns":4},{"damage":13,"enemies":"downfall:FleeingMerchant","floor":5,"turns":4},{"damage":11,"enemies":"Cultist","floor":6,"turns":3},{"damage":17,"enemies":"Jaw Worm","floor":8,"turns":3},{"damage":10,"enemies":"2 Louse","floor":9,"turns":2},{"damage":12,"enemies":"Lagavulin","floor":10,"turns":4},{"damage":15,"enemies":"Lagavulin Event","floor":11,"turns":3},{"damage":15,"enemies":"Lots of Slimes","floor":12,"turns":4},{"damage":15,"enemies":"downfall:FleeingMerchant","floor":13,"turns":4},{"damage":26,"enemies":"Large Slime","floor":14,"turns":3},{"damage":7,"enemies":"Exordium Thugs","floor":15,"turns":3},{"damage":50,"enemies":"downfall:Watcher","floor":16,"turns":7},{"damage":29,"enemies":"3 Byrds","floor":19,"turns":4},{"damage":28,"enemies":"Gremlin Leader","floor":22,"turns":5},{"damage":25,"enemies":"Shell Parasite","floor":23,"turns":3},{"damage":23,"enemies":"Book of Stabbing","floor":27,"turns":5},{"damage":25,"enemies":"Chosen and Byrds","floor":28,"turns":4},{"damage":17,"enemies":"Centurion and Healer","floor":29,"turns":3},{"damage":17,"enemies":"Snake Plant","floor":30,"turns":3},{"damage":24,"enemies":"downfall:FleeingMerchant","floor":31,"turns":4},{"damage":31,"enemies":"Chosen and Byrds","floor":32,"turns":4},{"damage":33,"enemies":"downfall:Ironclad","floor":33,"turns":5},{"damage":3,"enemies":"3 Darklings","floor":36,"turns":2},{"damage":31,"enemies":"3 Shapes","floor":37,"turns":4},{"damage":24,"enemies":"Giant Head","floor":38,"turns":6},{"damage":21,"enemies":"Sphere and 2 Shapes","floor":39,"turns":3},{"damage":18,"enemies":"Reptomancer","floor":42,"turns":3},{"damage":1,"enemies":"4 Shapes","floor":44,"turns":2},{"damage":27,"enemies":"Maw","floor":48,"turns":4},{"damage":12,"enemies":"Writhing Mass","floor":49,"turns":2},{"damage":55,"enemies":"downfall:Defect","floor":50,"turns":4}],"seed_played":"-6320514117223737660","potions_obtained":[{"floor":6,"key":"EntropicBrew"},{"floor":8,"key":"PowerPotion"},{"floor":9,"key":"Fire Potion"},{"floor":14,"key":"Fruit Juice"},{"floor":15,"key":"DistilledChaos"},{"floor":22,"key":"Ancient Potion"},{"floor":23,"key":"PowerPotion"},{"floor":28,"key":"champ:CounterPotion"},{"floor":30,"key":"DuplicationPotion"},{"floor":32,"key":"sneckomod:MuddlingPotion"},{"floor":37,"key":"ColorlessPotion"},{"floor":42,"key":"DistilledChaos"}],"is_trial":false,"path_per_floor":["R","E","R","?","$","M","T","M","M","E","?","M","$","M","M","B",null,"R","M","R","?","E","M","T","?","R","E","M","M","M","$","M","B",null,"R","M","M","E","M","R","T","E","R","M","$","?","T","M","M","B",null],"character_chosen":"SLIMEBOUND","items_purchased":["Slimebound:SlimeBarrage","Slimebound:LevelUp","Incense Burner","Letter Opener","Lee\u0027s Waffle","Mango"],"campfire_rested":1,"item_purchase_floors":[5,5,13,31,31,45],"current_hp_per_floor":[54,27,43,46,49,52,52,45,41,47,50,49,58,48,52,30,69,69,64,64,48,69,73,73,73,73,75,77,77,66,88,89,69,90,90,90,92,87,93,93,93,96,96,98,112,112,112,111,112,85],"gold":131,"neow_bonus":"TWO_FIFTY_GOLD","is_daily":false,"chose_seed":false,"campfire_upgraded":7,"win_rate":0.0,"timestamp":1608330949,"path_taken":["R","E","R","?","$","M","T","M","M","E","?","M","?","M","M","BOSS","R","M","R","?","E","M","T","?","R","E","?","M","M","$","M","BOSS","R","M","M","E","M","R","T","E","R","M","$","?","?","M","M","BOSS"],"items_purchased_type":["Card","Card","Relic","Relic","Relic","Relic"],"build_version":"2020-12-13","purchased_purges":2,"victory":true,"max_hp_per_floor":[54,54,54,64,64,64,64,64,64,64,64,64,64,64,69,69,69,69,69,69,69,71,73,73,73,73,75,77,77,79,88,90,90,90,90,90,92,94,96,96,96,96,96,98,112,112,112,112,112,112],"card_choices":[{"not_picked":["Slimebound:Nibble","Slimebound:LeechingTouch"],"picked":"Slimebound:SamplingLick","floor":2},{"not_picked":["Slimebound:TongueLash","Slimebound:LeadByExample"],"picked":"Slimebound:RainOfGoop","floor":5},{"not_picked":["Slimebound:GrowthPunch","Slimebound:ViciousTackle"],"picked":"Slimebound:LivingWall","floor":6},{"not_picked":["Slimebound:ViciousTackle","Slimebound:BestDefense"],"picked":"Slimebound:SplitMire","floor":8},{"not_picked":["Slimebound:LeechingTouch","Slimebound:ViciousTackle","Slimebound:Replication"],"picked":"SKIP","floor":9},{"not_picked":["Slimebound:LivingWall","Slimebound:Chomp"],"picked":"Slimebound:RallyTheTroops","floor":10},{"not_picked":["Slimebound:SamplingLick","Slimebound:ViciousTackle"],"picked":"Slimebound:ComboTackle","floor":11},{"not_picked":["Slimebound:SplitAcid","Slimebound:FinishingTackle","Slimebound:ViciousTackle"],"picked":"SKIP","floor":12},{"not_picked":["Slimebound:LeechEnergy","Slimebound:SamplingLick","Slimebound:ViciousTackle"],"picked":"SKIP","floor":13},{"not_picked":["Slimebound:SelfFormingGoo","Slimebound:GrowthPunch"],"picked":"Slimebound:Gluttony","floor":14},{"not_picked":["Slimebound:SplitAcid","Slimebound:Chomp"],"picked":"Slimebound:ForwardTackle","floor":15},{"not_picked":["Slimebound:Teamwork","Slimebound:SelfFormingGoo"],"picked":"Slimebound:SlimeSlap","floor":16},{"not_picked":["Slimebound:FinishingTackle+1","Slimebound:MegaLick","Slimebound:SplitBruiser"],"picked":"SKIP","floor":19},{"not_picked":["Slimebound:LeadByExample+1","Slimebound:FirmFortitude","Slimebound:Replication+1"],"picked":"Singing Bowl","floor":22},{"not_picked":["Slimebound:SpikyOuterGoop","Slimebound:TongueLash","Slimebound:PressTheAttack"],"picked":"Singing Bowl","floor":23},{"not_picked":["Slimebound:LeadByExample+1","Slimebound:SplitAcid+1","Slimebound:SplitLeeching"],"picked":"Singing Bowl","floor":27},{"not_picked":["Slimebound:LeadByExample","Slimebound:Grow","Slimebound:ComboTackle"],"picked":"Singing Bowl","floor":28},{"not_picked":["Slimebound:SplitBruiser","Slimebound:Schlurp+1"],"picked":"Slimebound:TongueLash+1","floor":29},{"not_picked":["Slimebound:SpikyOuterGoop","Slimebound:SplitBruiser+1","Slimebound:SplitAcid+1"],"picked":"Singing Bowl","floor":30},{"not_picked":["Slimebound:Nibble+1","Slimebound:Teamwork","Slimebound:Schlurp"],"picked":"Singing Bowl","floor":31},{"not_picked":["Slimebound:HauntingLick","Slimebound:SplitAcid","Slimebound:FinishingTackle+1"],"picked":"Singing Bowl","floor":32},{"not_picked":["Slimebound:RallyTheTroops","Slimebound:SelfFormingGoo"],"picked":"Slimebound:DouseInSlime","floor":33},{"not_picked":["Slimebound:FinishingTackle","Slimebound:GrowthPunch+1"],"picked":"Slimebound:SlimeTap+1","floor":36},{"not_picked":["Slimebound:PressTheAttack","Slimebound:GoopTackle","Slimebound:GoopSpray"],"picked":"Singing Bowl","floor":37},{"not_picked":["Slimebound:SlimeBarrage+1","Slimebound:LeechEnergy","Slimebound:RollThrough+1"],"picked":"Singing Bowl","floor":38},{"not_picked":["Slimebound:FinishingTackle+1","Slimebound:SplitLeeching+1","Slimebound:RollThrough"],"picked":"Singing Bowl","floor":39},{"not_picked":["Slimebound:Grow+1","Slimebound:BestDefense+1"],"picked":"Slimebound:SplitBruiser+1","floor":42},{"not_picked":["Slimebound:ViciousTackle+1","Slimebound:ForwardTackle","Slimebound:SlimeSpikes"],"picked":"Singing Bowl","floor":44},{"not_picked":["Slimebound:RollThrough+1","Slimebound:SlimeSpikes+1"],"picked":"Slimebound:RainOfGoop+1","floor":48},{"not_picked":["Slimebound:SamplingLick","Slimebound:Gluttony+1"],"picked":"Slimebound:RainOfGoop+1","floor":49}],"player_experience":2310568,"relics_obtained":[{"floor":2,"key":"Darkstone Periapt"},{"floor":7,"key":"Bag of Marbles"},{"floor":10,"key":"HornCleat"},{"floor":11,"key":"Orichalcum"},{"floor":21,"key":"Nilry\u0027s Codex"},{"floor":22,"key":"Singing Bowl"},{"floor":24,"key":"Dead Branch"},{"floor":27,"key":"Lizard Tail"},{"floor":38,"key":"Gremlin Horn"},{"floor":41,"key":"Anchor"},{"floor":42,"key":"Happy Flower"},{"floor":47,"key":"Smiling Mask"}],"event_choices":[{"damage_healed":0,"gold_gain":0,"player_choice":"Success","damage_taken":7,"relics_obtained":["Pear"],"max_hp_gain":0,"max_hp_loss":0,"event_name":"Scrap Ooze","floor":4,"gold_loss":0},{"damage_healed":0,"gold_gain":0,"player_choice":"Copied","damage_taken":0,"max_hp_gain":0,"max_hp_loss":0,"event_name":"Duplicator","floor":25,"gold_loss":0,"cards_obtained":["Slimebound:SlimeSlap"]}],"is_beta":false,"boss_relics":[{"not_picked":["Ectoplasm","Velvet Choker"],"picked":"Slimebound:TarBlob"},{"not_picked":["Tiny House","Runic Dome"],"picked":"Astrolabe"}],"items_purged_floors":[5,31],"is_endless":false,"potions_floor_spawned":[6,8,9,14,15,22,23,28,30,32,37,42,48],"ascension_level":0}}