{"host":"jegehu1t82aiec5j","time":1608309843,"event":{"mods":["BaseMod","Colored Map","Filter the Spire","Minty Spire (QoL Compilation)","Relic Stats","StSLib"],"gold_per_floor":[115,125,125,200,224,224,72,72,72,72,72,97,47,63,63,182,182,198,198,113,131,41,41,54,131,179,200,200,234,252,267,267,397,397,412,435,454,454,474,474,494,494,544,544,579,603,603,628,628,628],"floor_reached":51,"playtime":799,"items_purged":[],"score":1141,"play_id":"6f93d5ac-b13f-45d5-b695-24538ac6cf01","local_time":"20201218114403","daily_mods":["SealedDeck","Heirloom","Time Dilation"],"is_ascension_mode":false,"campfire_choices":[{"data":"Body Slam","floor":6,"key":"SMITH"},{"data":"Body Slam","floor":8,"key":"SMITH"},{"data":"Body Slam","floor":11,"key":"SMITH"},{"data":"Flex","floor":15,"key":"SMITH"},{"data":"Flex","floor":23,"key":"SMITH"},{"data":"Flex","floor":28,"key":"SMITH"},{"data":"Clash","floor":32,"key":"SMITH"},{"data":"Rage","floor":40,"key":"SMITH"},{"floor":42,"key":"REST"},{"floor":44,"key":"REST"},{"floor":49,"key":"REST"}],"circlet_count":0,"master_deck":["Body Slam+1","Body Slam+1","Body Slam+1","Anger+1","Flex+1","Flex+1","Flex+1","Clash+1","Rage+1","Body Slam+1"],"relics":["Unceasing Top","Bird Faced Urn","Golden Idol","Lee\u0027s Waffle","HornCleat","Runic Pyramid","Strawberry","Singing Bowl","Happy Flower","Akabeko","Empty Cage","Blood Vial","Eternal Feather"],"acts_visited":["Exordium","TheCity","TheBeyond"],"potions_floor_usage":[50],"damage_taken":[{"damage":0,"enemies":"Cultist","floor":1,"turns":2},{"damage":5,"enemies":"Jaw Worm","floor":2,"turns":3},{"damage":0,"enemies":"Small Slimes","floor":5,"turns":2},{"damage":4,"enemies":"2 Fungi Beasts","floor":12,"turns":2},{"damage":0,"enemies":"Exordium Thugs","floor":14,"turns":1},{"damage":0,"enemies":"The Guardian","floor":16,"turns":2},{"damage":0,"enemies":"Chosen","floor":18,"turns":1},{"damage":0,"enemies":"Shell Parasite","floor":21,"turns":1},{"damage":0,"enemies":"Snecko","floor":24,"turns":1},{"damage":0,"enemies":"Chosen and Byrds","floor":27,"turns":1},{"damage":0,"enemies":"Gremlin Leader","floor":29,"turns":1},{"damage":0,"enemies":"Snake Plant","floor":30,"turns":1},{"damage":0,"enemies":"Centurion and Healer","floor":31,"turns":1},{"damage":0,"enemies":"Automaton","floor":33,"turns":1},{"damage":0,"enemies":"3 Darklings","floor":35,"turns":1},{"damage":0,"enemies":"3 Shapes","floor":36,"turns":1},{"damage":0,"enemies":"Sphere and 2 Shapes","floor":37,"turns":1},{"damage":9,"enemies":"4 Shapes","floor":39,"turns":1},{"damage":0,"enemies":"Maw","floor":41,"turns":1},{"damage":0,"enemies":"Reptomancer","floor":45,"turns":1},{"damage":0,"enemies":"Sphere and 2 Shapes","floor":46,"turns":1},{"damage":0,"enemies":"Writhing Mass","floor":48,"turns":1},{"damage":0,"enemies":"Donu and Deca","floor":50,"turns":1}],"seed_played":"-6381408496239404389","potions_obtained":[{"floor":14,"key":"Swift Potion"},{"floor":18,"key":"SteroidPotion"},{"floor":24,"key":"GamblersBrew"}],"is_trial":true,"path_per_floor":["M","M","?","?","M","R","$","R","T","?","R","M","?","M","R","B",null,"M","?","?","M","?","R","M","T","T","M","R","E","M","M","R","B",null,"M","M","M","?","M","R","M","R","T","R","E","M","?","M","R","B",null],"character_chosen":"IRONCLAD","items_purchased":["Lee\u0027s Waffle"],"campfire_rested":3,"item_purchase_floors":[7],"current_hp_per_floor":[80,75,55,44,46,46,87,87,87,80,80,78,78,78,78,78,87,87,87,94,94,94,94,94,94,94,94,94,96,96,98,98,100,100,100,102,104,106,99,99,101,110,110,110,112,114,114,116,116,116],"gold":628,"neow_bonus":"","is_daily":false,"chose_seed":false,"campfire_upgraded":8,"win_rate":0.0,"timestamp":1608309843,"path_taken":["M","?","?","?","M","R","$","R","T","?","R","M","?","?","R","BOSS","M","?","?","M","?","R","?","?","T","M","R","E","M","?","R","BOSS","M","M","M","?","M","R","M","R","T","R","E","M","?","?","R","BOSS"],"items_purchased_type":["Relic"],"build_version":"2020-12-13","purchased_purges":0,"victory":true,"max_hp_per_floor":[80,80,80,80,80,80,87,87,87,87,87,87,87,87,87,87,87,87,87,94,94,94,94,94,94,94,94,94,96,96,98,98,100,100,100,102,104,106,108,108,110,110,110,110,112,114,114,116,116,116],"relic_stats":{"Blood Vial":0,"Lee\u0027s Waffle":41,"Singing Bowl":22,"Happy Flower":[4],"counters":[23,29],"Golden Idol":154,"Bird Faced Urn":[4],"Eternal Feather":0,"obtain_stats":[{"Lee\u0027s Waffle":7,"Singing Bowl":25,"Happy Flower":26,"Golden Idol":3,"Eternal Feather":45,"Empty Cage":34,"Akabeko":29,"Blood Vial":43,"HornCleat":9,"Bird Faced Urn":0,"Strawberry":20,"Unceasing Top":0,"Runic Pyramid":17},{"Lee\u0027s Waffle":3,"Singing Bowl":9,"Happy Flower":9,"Golden Idol":2,"Eternal Feather":20,"Empty Cage":14,"Akabeko":11,"Blood Vial":19,"HornCleat":3,"Bird Faced Urn":0,"Strawberry":7,"Unceasing Top":0,"Runic Pyramid":6},{"Lee\u0027s Waffle":7,"Singing Bowl":15,"Happy Flower":15,"Golden Idol":5,"Eternal Feather":26,"Empty Cage":20,"Akabeko":17,"Blood Vial":25,"HornCleat":7,"Bird Faced Urn":0,"Strawberry":13,"Unceasing Top":0,"Runic Pyramid":12}],"Unceasing Top":[146]},"card_choices":[{"not_picked":["Anger","Wild Strike"],"picked":"Flex","floor":1},{"not_picked":["Seeing Red","Iron Wave","Intimidate"],"picked":"SKIP","floor":2},{"not_picked":["Bludgeon","Pummel"],"picked":"Flex","floor":5},{"not_picked":["True Grit","Armaments","Rupture"],"picked":"SKIP","floor":12},{"not_picked":["Body Slam","Warcry"],"picked":"Flex","floor":14},{"not_picked":["Warcry+1","Headbutt","Hemokinesis"],"picked":"SKIP","floor":18},{"not_picked":["Headbutt","Uppercut"],"picked":"Clash","floor":21},{"not_picked":["Pommel Strike","Flame Barrier","Sever Soul"],"picked":"SKIP","floor":24},{"not_picked":["Sentinel","Shrug It Off"],"picked":"Seeing Red+1","floor":27},{"not_picked":["Sever Soul","Fire Breathing","Uppercut"],"picked":"Singing Bowl","floor":29},{"not_picked":["Searing Blow","Carnage"],"picked":"Rage","floor":30},{"not_picked":["Pummel","Searing Blow+1","Uppercut"],"picked":"Singing Bowl","floor":31},{"not_picked":["Brutality","Immolate","Double Tap"],"picked":"Singing Bowl","floor":33},{"not_picked":["Headbutt+1","Dual Wield+1"],"picked":"Body Slam+1","floor":35},{"not_picked":["Wild Strike+1","Flame Barrier+1","Shockwave"],"picked":"Singing Bowl","floor":36},{"not_picked":["Searing Blow+1","Inflame+1","Combust"],"picked":"Singing Bowl","floor":37},{"not_picked":["Master of Strategy","Secret Technique","Sadistic Nature"],"picked":"Singing Bowl","floor":38},{"not_picked":["Pommel Strike","Battle Trance","Armaments+1"],"picked":"Singing Bowl","floor":39},{"not_picked":["Spot Weakness+1","Rage+1","Rampage+1"],"picked":"Singing Bowl","floor":41},{"not_picked":["Bloodletting","True Grit+1","Heavy Blade"],"picked":"Singing Bowl","floor":45},{"not_picked":["Entrench+1","Perfected Strike+1","Sword Boomerang"],"picked":"Singing Bowl","floor":46},{"not_picked":["Shrug It Off","Twin Strike","Iron Wave+1"],"picked":"Singing Bowl","floor":48}],"player_experience":2533048,"relics_obtained":[{"floor":9,"key":"HornCleat"},{"floor":25,"key":"Singing Bowl"},{"floor":26,"key":"Happy Flower"},{"floor":29,"key":"Akabeko"},{"floor":43,"key":"Blood Vial"},{"floor":45,"key":"Eternal Feather"}],"event_choices":[{"damage_healed":0,"gold_gain":0,"player_choice":"Take Damage","damage_taken":20,"relics_obtained":["Golden Idol"],"max_hp_gain":0,"max_hp_loss":0,"event_name":"Golden Idol","floor":3,"gold_loss":0},{"damage_healed":0,"gold_gain":75,"player_choice":"Gather Gold","damage_taken":11,"max_hp_gain":0,"max_hp_loss":0,"event_name":"World of Goop","floor":4,"gold_loss":0},{"cards_removed":["Armaments"],"damage_healed":0,"gold_gain":0,"player_choice":"Card Removal","damage_taken":7,"max_hp_gain":0,"max_hp_loss":0,"event_name":"Golden Wing","floor":10,"gold_loss":0},{"cards_removed":["Feel No Pain"],"damage_healed":0,"gold_gain":0,"player_choice":"Card Removal","damage_taken":0,"max_hp_gain":0,"max_hp_loss":0,"event_name":"The Cleric","floor":13,"gold_loss":50},{"cards_removed":["Havoc"],"damage_healed":0,"gold_gain":0,"player_choice":"Elegance","damage_taken":0,"max_hp_gain":0,"max_hp_loss":0,"event_name":"Back to Basics","floor":19,"gold_loss":0},{"damage_healed":0,"gold_gain":0,"player_choice":"Obtained Relic","damage_taken":0,"relics_obtained":["Strawberry"],"max_hp_gain":0,"max_hp_loss":0,"event_name":"Addict","floor":20,"gold_loss":85},{"cards_removed":["Havoc"],"damage_healed":0,"gold_gain":0,"player_choice":"Upgrade and Remove","damage_taken":0,"max_hp_gain":0,"max_hp_loss":0,"event_name":"Designer","floor":22,"gold_loss":90,"cards_upgraded":["Anger"]},{"damage_healed":0,"gold_gain":0,"player_choice":"Memory 1","damage_taken":0,"max_hp_gain":0,"max_hp_loss":0,"event_name":"SensoryStone","floor":38,"gold_loss":0},{"cards_removed":["Seeing Red"],"damage_healed":0,"gold_gain":0,"player_choice":"Purged","damage_taken":0,"max_hp_gain":0,"max_hp_loss":0,"event_name":"Purifier","floor":47,"gold_loss":0}],"is_beta":false,"boss_relics":[{"not_picked":["Runic Dome","Velvet Choker"],"picked":"Runic Pyramid"},{"not_picked":["Snecko Eye","Tiny House"],"picked":"Empty Cage"}],"items_purged_floors":[],"is_endless":false,"potions_floor_spawned":[14,18,24,30,31,41,45,48],"ascension_level":0}}