{"host":"ds3v42j7tpaaz1mg","time":1608324643,"event":{"mods":["AchievementEnabler","Aspiration","BaseMod","Bestiary","Better Altar","Better Note","Better Sensory Stone","BetterRewards","Block Reminder","Colored Powertips","Conspire","Downfall","Energized Spire","Halation","Hermit","Highlight Path","Hubris","Infinite Spire","Jorbs\u0027s Wanderer Trilogy","Minty Spire (QoL Compilation)","Relic Stats","Replay The Spire","StSLib","The Elementalist","The Servant 0.9.4","vexMod"],"gold_per_floor":[367,381,381,381,65,90,90,108,108,121,121,171,181,391,391,496,496,516,547,497,497,513,513,543,96,143,174,208,208,243,275,275,375,375,390,410,43,61,87,87,87],"floor_reached":40,"playtime":1940,"items_purged":["hubris:Envy","hermit:Strike_Hermit","hermit:BigShot+1"],"score":457,"play_id":"8c39f85d-c960-4ba9-9437-e58fdb096c71","local_time":"20201218155043","is_ascension_mode":false,"campfire_choices":[{"data":"hubris:EnhanceAbility","floor":7.0,"key":"SMITH"},{"data":"hermit:DeadOrAlive","floor":23.0,"key":"SMITH"},{"floor":32.0,"key":"REST"}],"circlet_count":0,"master_deck":["hermit:Strike_Hermit","hermit:Strike_Hermit","hermit:Strike_Hermit","hermit:Strike_Hermit","hermit:Defend_Hermit+1","hermit:Defend_Hermit+1","hermit:Defend_Hermit","hermit:Defend_Hermit","hermit:Snapshot","hermit:Covet","hermit:Manifest","hubris:EnhanceAbility+1","hermit:ShadowCloak+1","hermit:ShadowCloak+1","hermit:Glare","Parasite","hermit:SprayPray","hermit:Misfire","hermit:DeadOrAlive+1","hermit:Horror","hermit:HighNoon+1","hermit:TakeAim+1","hermit:SprayPray+1","hermit:Gestalt","hermit:Gestalt","hermit:Reprieve","hermit:TakeCover","Replay:Parry","hermit:FinalCanter","hermit:Deadeye+1","hermit:Manifest+1","hermit:Misfire"],"relics":["hermit:Momento","Frozen Egg 2","vexMod:Dragonfruit","War Paint","hubris:MobiusCoin","Ring of Chaos","Quantum Egg","energizedSpire:HugeHouse","infinitespire:EmpoweringShard","Blue Doll","Pear","Replay:Baseball","SlaversCollar","Membership Card","Orichalcum"],"acts_visited":["Exordium","TheCity","TheBeyond"],"potions_floor_usage":[40],"damage_taken":[{"damage":0.0,"enemies":"2 Louse","floor":1.0,"turns":3.0},{"damage":5.0,"enemies":"Small Slimes","floor":2.0,"turns":4.0},{"damage":13.0,"enemies":"Gremlin Nob","floor":6.0,"turns":5.0},{"damage":0.0,"enemies":"Cultist","floor":8.0,"turns":3.0},{"damage":10.0,"enemies":"Large Slime","floor":10.0,"turns":7.0},{"damage":6.0,"enemies":"2 Fungi Beasts","floor":13.0,"turns":3.0},{"damage":24.0,"enemies":"Blue Slaver","floor":14.0,"turns":3.0},{"damage":19.0,"enemies":"The Guardian","floor":16.0,"turns":7.0},{"damage":5.0,"enemies":"Chosen","floor":18.0,"turns":5.0},{"damage":19.0,"enemies":"Shell Parasite","floor":19.0,"turns":7.0},{"damage":23.0,"enemies":"Centurion and Healer","floor":22.0,"turns":6.0},{"damage":3.0,"enemies":"Snecko","floor":24.0,"turns":3.0},{"damage":4.0,"enemies":"conspire:Head Lice","floor":27.0,"turns":6.0},{"damage":0.0,"enemies":"Snake Plant","floor":28.0,"turns":4.0},{"damage":4.0,"enemies":"conspire:SneckoGhost","floor":30.0,"turns":7.0},{"damage":3.0,"enemies":"3 Cultists","floor":31.0,"turns":5.0},{"damage":34.0,"enemies":"hubris:MusketHawk","floor":33.0,"turns":10.0},{"damage":1.0,"enemies":"Orb Walker","floor":35.0,"turns":4.0},{"damage":38.0,"enemies":"3 Shapes","floor":36.0,"turns":4.0},{"damage":2.0,"enemies":"Maw","floor":38.0,"turns":7.0},{"damage":51.0,"enemies":"4 Shapes","floor":39.0,"turns":7.0},{"damage":19,"enemies":"R_Hoarder","floor":40,"turns":8}],"seed_played":"7151603573322146583","potions_obtained":[{"floor":1.0,"key":"Swift Potion"},{"floor":10.0,"key":"SpeedPotion"},{"floor":13.0,"key":"sneckomod:MuddlingPotion"},{"floor":15.0,"key":"infinitespire:BlackPotion"},{"floor":15.0,"key":"hermit:BlackBile"},{"floor":16.0,"key":"Swift Potion"},{"floor":18.0,"key":"Weak Potion"},{"floor":22.0,"key":"SpeedPotion"},{"floor":30.0,"key":"Dexterity Potion"},{"floor":33.0,"key":"Swift Potion"},{"floor":35.0,"key":"Energy Potion"}],"is_trial":false,"path_per_floor":["M","M","?","?","$","E","R","M","T","M","?","?","M","M","R","B",null,"M","M","AVR","?","M","R","M","$","T","E","M","?","E","M","R","B",null,"M","M","$","M","M","E"],"character_chosen":"HERMIT","items_purchased":["vexMod:Dragonfruit","infinitespire:EmpoweringShard","hermit:Gestalt","hermit:Reprieve","Membership Card","hermit:Tonic","Block Potion","PowerPotion","hermit:BigShot+1","Orichalcum","hermit:Manifest+1"],"campfire_rested":1,"item_purchase_floors":[5,25,25,25,37,37,37,37,37,37,37],"current_hp_per_floor":[75,70,70,70,75,62,62,62,62,52,72,72,66,42,42,23,80,75,56,56,56,33,33,30,30,30,44,52,27,27,24,49,19,85,84,50,50,52,13,0,0],"gold":87,"neow_bonus":"TWO_FIFTY_GOLD","is_daily":false,"chose_seed":false,"campfire_upgraded":2,"win_rate":0.0,"timestamp":1608324643,"path_taken":["M","M","?","?","$","E","R","M","T","?","?","?","M","M","R","BOSS","M","M","AVR","?","M","R","M","$","T","E","M","?","E","M","R","BOSS","M","M","$","M","M","E"],"items_purchased_type":["Relic","Relic","Card","Card","Relic","Potion","Potion","Potion","Card","Relic","Card"],"build_version":"2020-12-13","purchased_purges":3,"victory":false,"max_hp_per_floor":[75,75,75,75,80,80,80,80,80,80,80,80,80,80,80,80,80,80,80,75,75,75,75,75,75,75,85,85,85,85,85,85,85,85,85,85,85,85,85,85,85],"relic_stats":{"counters":[22,118],"War Paint":["hermit:Defend_Hermit","hermit:Defend_Hermit"],"Orichalcum":[24],"obtain_stats":[{"hubris:MobiusCoin":9,"Pear":27,"Quantum Egg":20,"Blue Doll":26,"Ring of Chaos":17,"Frozen Egg 2":4,"War Paint":6,"Orichalcum":37,"vexMod:Dragonfruit":5,"SlaversCollar":34,"Replay:Baseball":30,"energizedSpire:HugeHouse":20,"infinitespire:EmpoweringShard":25,"Membership Card":37,"hermit:Momento":0},{"hubris:MobiusCoin":4,"Pear":13,"Quantum Egg":10,"Blue Doll":12,"Ring of Chaos":8,"Frozen Egg 2":2,"War Paint":3,"Orichalcum":19,"vexMod:Dragonfruit":2,"SlaversCollar":17,"Replay:Baseball":15,"energizedSpire:HugeHouse":10,"infinitespire:EmpoweringShard":12,"Membership Card":19,"hermit:Momento":0},{"hubris:MobiusCoin":15,"Pear":62,"Quantum Egg":47,"Blue Doll":56,"Ring of Chaos":35,"Frozen Egg 2":7,"War Paint":12,"Orichalcum":96,"vexMod:Dragonfruit":7,"SlaversCollar":88,"Replay:Baseball":73,"energizedSpire:HugeHouse":47,"infinitespire:EmpoweringShard":56,"Membership Card":96,"hermit:Momento":0}]},"card_choices":[{"not_picked":["hermit:BodyArmor","hermit:Headshot"],"picked":"hermit:PistolWhip","floor":1.0},{"not_picked":["hermit:Misfire","hermit:HoleUp"],"picked":"hermit:Manifest","floor":2.0},{"not_picked":["Specialist","expansioncontent:Collect"],"picked":"hubris:EnhanceAbility","floor":3.0},{"not_picked":["hermit:TakeCover","hermit:Vantage"],"picked":"hermit:ShadowCloak+1","floor":6.0},{"not_picked":["hermit:Grudge","hermit:Vantage"],"picked":"hermit:ShadowCloak+1","floor":8.0},{"not_picked":["hermit:Malice","hermit:Manifest"],"picked":"hermit:Glare","floor":10.0},{"not_picked":["hermit:Coalescence","hermit:Feint"],"picked":"hermit:SprayPray","floor":13.0},{"not_picked":["hermit:Magnum","hermit:Manifest"],"picked":"hermit:Misfire","floor":14.0},{"not_picked":["hermit:Gambit","hermit:Adapt+1"],"picked":"hermit:DeadOrAlive","floor":16.0},{"not_picked":["hermit:Roulette+1","hermit:FullyLoaded+1"],"picked":"hermit:Horror","floor":18.0},{"not_picked":["hermit:CalledShot","hermit:Showdown","hermit:PistolWhip"],"picked":"SKIP","floor":19.0},{"not_picked":["hermit:Quickdraw","hermit:HoleUp+1"],"picked":"hermit:TakeAim+1","floor":22.0},{"not_picked":["hermit:Brawl+1","hermit:Roulette"],"picked":"hermit:SprayPray+1","floor":24.0},{"not_picked":["hermit:HighNoon+1","hermit:Manifest","hermit:TrackingShot"],"picked":"SKIP","floor":27.0},{"not_picked":["hermit:WideOpen","hermit:LuckOfTheDraw"],"picked":"hermit:TakeCover","floor":28.0},{"not_picked":["hermit:Coalescence","hermit:ItchyTrigger","hermit:OverwhelmingPower+1"],"picked":"SKIP","floor":30.0},{"not_picked":["hermit:HoleUp","hermit:LowProfile+1","hermit:Malice"],"picked":"SKIP","floor":31.0},{"not_picked":["hermit:Roughhouse","hermit:Gambit"],"picked":"hermit:FinalCanter","floor":33.0},{"not_picked":["hermit:LoneWolf","hermit:Roulette+1"],"picked":"hermit:Deadeye+1","floor":35.0},{"not_picked":["hermit:Showdown","hermit:BodyArmor+1","hermit:Desperado+1"],"picked":"SKIP","floor":36.0},{"not_picked":["hermit:BodyArmor+1","hermit:Feint","hermit:Midnight"],"picked":"SKIP","floor":38.0},{"not_picked":["hermit:Glare+1","hermit:ShadowCloak+1"],"picked":"hermit:Misfire","floor":39.0}],"player_experience":551083,"relics_obtained":[{"floor":6.0,"key":"War Paint"},{"floor":9.0,"key":"hubris:MobiusCoin"},{"floor":26.0,"key":"Blue Doll"},{"floor":27.0,"key":"Pear"},{"floor":30.0,"key":"Replay:Baseball"}],"event_choices":[{"damage_healed":0.0,"max_hp_gain":0.0,"max_hp_loss":0.0,"gold_gain":1.0,"event_name":"betterStone:BetterStone","player_choice":"1","floor":3.0,"gold_loss":0.0,"damage_taken":0.0},{"damage_healed":0.0,"max_hp_gain":0.0,"max_hp_loss":0.0,"gold_gain":0.0,"event_name":"WeMeetAgain","player_choice":"Gave Potion","floor":4.0,"gold_loss":0.0,"damage_taken":0.0,"relics_obtained":["Frozen Egg 2"]},{"damage_healed":20.0,"max_hp_gain":0.0,"max_hp_loss":0.0,"gold_gain":0.0,"event_name":"Mushrooms","player_choice":"Healed and dodged fight","floor":11.0,"gold_loss":0.0,"damage_taken":0.0,"cards_obtained":["Parasite"]},{"cards_removed":["ReplayTheSpireMod:Echoes of Time"],"damage_healed":5.0,"max_hp_gain":0.0,"max_hp_loss":0.0,"gold_gain":0.0,"event_name":"Bonfire Elementals","player_choice":"Offered Special","floor":21.0,"gold_loss":0.0,"damage_taken":0.0},{"damage_healed":0.0,"max_hp_gain":0.0,"max_hp_loss":0.0,"gold_gain":0.0,"event_name":"Knowing Skull","player_choice":"CARD POTION POTION ","floor":29.0,"potions_obtained":["sneckomod:MuddlingPotion","Toxic Potion"],"gold_loss":0.0,"damage_taken":25.0,"cards_obtained":["Replay:Parry"]}],"is_beta":false,"boss_relics":[{"not_picked":["aspiration:RitualDagger","hubris:Stopwatch"],"picked":"Ring of Chaos"},{"not_picked":["energizedSpire:EnergizedDie","hubris:HollowSoul"],"picked":"SlaversCollar"}],"items_purged_floors":[5,20,37],"is_endless":false,"potions_floor_spawned":[1,10,13,16,18,19,22,30,33,35],"killed_by":"R_Hoarder","ascension_level":0}}