{"host":"rt0td7aa3g170xdl","time":1608308725,"event":{"mods":["2.2 Compatiblity","AchievementEnabler","BaseMod","Colored Map","DeckTracker","Keyboard Shortcuts","Minty Spire (QoL Compilation)","Permanent Neow","Quick Restart","SuperFastMode","everything is the same but u backflip on backflip"],"gold_per_floor":[110,130,230,155,55,82,82,96,121,121,145,173,173,48,48,160,187,205,205,205,304,330,358,370,382,394,406,446,478,490,113,113,225,225,242,257,0,10,22,22,22],"floor_reached":40,"playtime":4084,"items_purged":["Strike_G","Strike_G","Defend_G","Setup+1"],"score":485,"play_id":"22f9cf7c-eedf-4751-9887-108e57fcf7f9","local_time":"20201219012525","is_ascension_mode":true,"campfire_choices":[{"data":"Malaise","floor":7.0,"key":"SMITH"},{"data":"Infinite Blades","floor":10.0,"key":"SMITH"},{"data":"Calculated Gamble","floor":13.0,"key":"SMITH"},{"floor":15.0,"key":"REST"},{"data":"Adrenaline","floor":25.0,"key":"SMITH"},{"data":"Neutralize","floor":27.0,"key":"SMITH"},{"floor":30.0,"key":"REST"},{"data":"Choke","floor":32.0,"key":"SMITH"}],"circlet_count":0,"master_deck":["Defend_G","Defend_G","Defend_G","Survivor","Neutralize+1","Malaise+1","Dagger Throw","Blade Dance","Infinite Blades+1","Poisoned Stab","Calculated Gamble+1","Adrenaline+1","Footwork+1","Endless Agony+1","Flying Knee+1","Dagger Spray","Choke+1","Die Die Die"],"relics":["Ring of the Snake","Blood Vial","Nunchaku","CeramicFish","Astrolabe","MawBank","Bird Faced Urn","Letter Opener","SlaversCollar","Kunai"],"acts_visited":["Exordium","TheCity","TheBeyond"],"potions_floor_usage":[40],"damage_taken":[{"damage":7.0,"enemies":"Jaw Worm","floor":1.0,"turns":7.0},{"damage":0.0,"enemies":"Cultist","floor":2.0,"turns":3.0},{"damage":28.0,"enemies":"Lagavulin","floor":6.0,"turns":10.0},{"damage":6.0,"enemies":"Small Slimes","floor":8.0,"turns":3.0},{"damage":10.0,"enemies":"Exordium Thugs","floor":12.0,"turns":6.0},{"damage":14.0,"enemies":"Hexaghost","floor":16.0,"turns":11.0},{"damage":8.0,"enemies":"Shell Parasite","floor":18.0,"turns":4.0},{"damage":6.0,"enemies":"3 Byrds","floor":22.0,"turns":5.0},{"damage":32.0,"enemies":"Book of Stabbing","floor":23.0,"turns":7.0},{"damage":15.0,"enemies":"Centurion and Healer","floor":28.0,"turns":7.0},{"damage":27.0,"enemies":"Sentry and Sphere","floor":29.0,"turns":6.0},{"damage":52.0,"enemies":"Collector","floor":33.0,"turns":12.0},{"damage":15.0,"enemies":"3 Shapes","floor":35.0,"turns":3.0},{"damage":29.0,"enemies":"3 Darklings","floor":36.0,"turns":4.0},{"damage":10.0,"enemies":"Maw","floor":38.0,"turns":8.0},{"damage":33.0,"enemies":"Spire Growth","floor":39.0,"turns":5.0},{"damage":12,"enemies":"Giant Head","floor":40,"turns":5}],"seed_played":"1992134436837141615","potions_obtained":[{"floor":6.0,"key":"FairyPotion"},{"floor":8.0,"key":"EssenceOfSteel"},{"floor":23.0,"key":"Fruit Juice"},{"floor":24.0,"key":"GhostInAJar"},{"floor":24.0,"key":"DistilledChaos"},{"floor":33.0,"key":"Energy Potion"},{"floor":36.0,"key":"GhostInAJar"},{"floor":38.0,"key":"DistilledChaos"}],"is_trial":false,"path_per_floor":["M","M","?","$","$","E","R","M","T","R","T","M","R","$","R","B",null,"M","?","?","?","M","E","?","R","T","R","M","M","R","$","R","B",null,"M","M","$","M","M","E"],"character_chosen":"THE_SILENT","items_purchased":["Letter Opener","Kunai"],"campfire_rested":2,"item_purchase_floors":[31,37],"current_hp_per_floor":[63,63,63,63,63,35,35,31,31,31,31,23,23,23,44,32,70,62,62,62,62,58,33,33,33,33,33,24,3,25,25,25,18,75,60,37,37,33,6,0,0],"gold":22,"neow_bonus":"TRANSFORM_CARD","is_daily":false,"chose_seed":false,"campfire_upgraded":6,"win_rate":0.0,"timestamp":1608308725,"path_taken":["M","M","?","?","$","E","R","?","T","R","?","M","R","$","R","BOSS","M","?","?","?","M","E","?","R","T","R","?","M","R","$","R","BOSS","M","M","$","M","M","E"],"items_purchased_type":["Relic","Relic"],"build_version":"2020-12-13","purchased_purges":4,"victory":false,"max_hp_per_floor":[70,70,70,70,70,70,70,70,70,70,70,70,70,70,70,70,70,70,70,70,70,70,75,75,75,75,75,75,75,75,75,75,75,75,75,75,75,75,75,75,75],"card_choices":[{"not_picked":["Sucker Punch","Reflex"],"picked":"Dagger Throw","floor":1.0},{"not_picked":["Sucker Punch","Deflect"],"picked":"Blade Dance","floor":2.0},{"not_picked":["Prepared","Bullet Time"],"picked":"Infinite Blades","floor":6.0},{"not_picked":["Prepared","Quick Slash"],"picked":"Poisoned Stab","floor":8.0},{"not_picked":["Backflip","Deadly Poison"],"picked":"Calculated Gamble","floor":12.0},{"not_picked":["Venomology","Bullet Time"],"picked":"Adrenaline","floor":16.0},{"not_picked":["Masterful Stab","Heel Hook","Poisoned Stab"],"picked":"SKIP","floor":18.0},{"not_picked":["Deadly Poison+1","Underhanded Strike"],"picked":"Flying Knee+1","floor":22.0},{"not_picked":["Deflect+1","Heel Hook","Sucker Punch"],"picked":"SKIP","floor":23.0},{"not_picked":["Well Laid Plans","Setup"],"picked":"Dagger Spray","floor":28.0},{"not_picked":["PiercingWail","Quick Slash"],"picked":"Choke","floor":29.0},{"not_picked":["Tools of the Trade","Doppelganger"],"picked":"Die Die Die","floor":33.0},{"not_picked":["Underhanded Strike+1","Noxious Fumes","Distraction"],"picked":"SKIP","floor":35.0},{"not_picked":["Eviscerate","Poisoned Stab","Noxious Fumes+1"],"picked":"SKIP","floor":36.0},{"not_picked":["Flying Knee+1","Outmaneuver","Night Terror"],"picked":"SKIP","floor":38.0},{"not_picked":["Catalyst","Dagger Throw+1","Deflect+1"],"picked":"SKIP","floor":39.0}],"player_experience":281697,"relics_obtained":[{"floor":6.0,"key":"Blood Vial"},{"floor":9.0,"key":"Nunchaku"},{"floor":11.0,"key":"CeramicFish"},{"floor":23.0,"key":"MawBank"},{"floor":26.0,"key":"Bird Faced Urn"}],"event_choices":[{"damage_healed":0.0,"max_hp_gain":0.0,"max_hp_loss":0.0,"gold_gain":100.0,"event_name":"Golden Shrine","player_choice":"Pray","floor":3.0,"gold_loss":0.0,"damage_taken":0.0},{"damage_healed":0.0,"max_hp_gain":0.0,"max_hp_loss":0.0,"gold_gain":0.0,"event_name":"Ghosts","player_choice":"Ignored","floor":19.0,"gold_loss":0.0,"damage_taken":0.0},{"damage_healed":0.0,"max_hp_gain":0.0,"max_hp_loss":0.0,"gold_gain":0.0,"event_name":"Vampires","player_choice":"Ignored","floor":20.0,"gold_loss":0.0,"damage_taken":0.0},{"damage_healed":0.0,"max_hp_gain":0.0,"max_hp_loss":0.0,"gold_gain":99.0,"event_name":"Nest","player_choice":"Stole From Cult","floor":21.0,"gold_loss":0.0,"damage_taken":0.0},{"damage_healed":0.0,"max_hp_gain":0.0,"max_hp_loss":0.0,"gold_gain":0.0,"event_name":"Lab","player_choice":"Got Potions","floor":24.0,"gold_loss":0.0,"damage_taken":0.0}],"is_beta":false,"boss_relics":[{"not_picked":["HoveringKite","Velvet Choker"],"picked":"Astrolabe"},{"not_picked":["Cursed Key","Fusion Hammer"],"picked":"SlaversCollar"}],"items_purged_floors":[4,5,14,31],"is_endless":false,"potions_floor_spawned":[6,8,23,29,33,36,38],"killed_by":"Giant Head","ascension_level":4}}