{"host":"f14d6hm2349s9jse","time":1608301348,"event":{"mods":["2.2 Compatiblity","BaseMod","Minty Spire (QoL Compilation)","StSLib","The Death Knight"],"gold_per_floor":[109,122,138,313,331,365,365,437,437,437,455,469,486,499,499,600,600,618,618,618,618],"floor_reached":20,"playtime":1388,"items_purged":[],"score":178,"play_id":"a19c542f-75aa-45bb-ab56-a7ca56afa30c","local_time":"20201218092228","is_ascension_mode":false,"campfire_choices":[{"floor":7.0,"key":"REST"},{"floor":15,"key":"REST"}],"circlet_count":0,"master_deck":["DeathKnight:Strike_DeathKnight","DeathKnight:Strike_DeathKnight","DeathKnight:Strike_DeathKnight","DeathKnight:Strike_DeathKnight","DeathKnight:Defend_DeathKnight","DeathKnight:Defend_DeathKnight","DeathKnight:Defend_DeathKnight","DeathKnight:Defend_DeathKnight","DeathKnight:RuneTap","DeathKnight:RuneStrike","Shame","DeathKnight:DancingRuneblade","DeathKnight:FrosPresence","DeathKnight:FrostStrike","DeathKnight:DeathStrike","DeathKnight:BludPresence","Doubt","DeathKnight:DeathRune","DeathKnight:Hysteria","Parasite","DeathKnight:DancingRuneblade","DeathKnight:DeathsAdvance","DeathKnight:Lichborne","DeathKnight:DancingRuneblade","DeathKnight:Simulacrum"],"relics":["DeathKnight:BrokenRuneblade","Lizard Tail","StoneCalendar","Philosopher\u0027s Stone"],"acts_visited":["Exordium","TheCity"],"potions_floor_usage":[16,18],"damage_taken":[{"damage":8.0,"enemies":"Small Slimes","floor":1.0,"turns":4.0},{"damage":14.0,"enemies":"Jaw Worm","floor":2.0,"turns":5.0},{"damage":2.0,"enemies":"2 Louse","floor":3.0,"turns":5.0},{"damage":29.0,"enemies":"Lots of Slimes","floor":5.0,"turns":6.0},{"damage":35.0,"enemies":"Lagavulin","floor":6.0,"turns":9.0},{"damage":16,"enemies":"3 Louse","floor":11,"turns":6},{"damage":17,"enemies":"Looter","floor":12,"turns":5},{"damage":35,"enemies":"Exordium Thugs","floor":13,"turns":6},{"damage":19,"enemies":"2 Fungi Beasts","floor":14,"turns":6},{"damage":35,"enemies":"Slime Boss","floor":16,"turns":7},{"damage":34,"enemies":"3 Byrds","floor":18,"turns":6},{"damage":6,"enemies":"Shell Parasite","floor":20,"turns":2}],"seed_played":"5637456776516938544","potions_obtained":[{"floor":2.0,"key":"SpeedPotion"},{"floor":11,"key":"Dexterity Potion"},{"floor":12,"key":"DistilledChaos"},{"floor":16,"key":"DeathKnight:RimePotion"},{"floor":19,"key":"AttackPotion"},{"floor":19,"key":"Explosive Potion"}],"is_trial":false,"path_per_floor":["M","M","M","?","M","E","R","?","T","?","M","M","M","M","R","B",null,"M","?","M"],"character_chosen":"DEATH_KNIGHT","items_purchased":[],"campfire_rested":2,"item_purchase_floors":[],"current_hp_per_floor":[67,53,58,58,36,8,30,30,30,48,32,15,33,21,43,8,75,48,48,42,42],"gold":618,"neow_bonus":"TRANSFORM_TWO_CARDS","is_daily":false,"chose_seed":false,"campfire_upgraded":0,"win_rate":0.0,"timestamp":1608301348,"path_taken":["M","M","M","?","M","E","R","?","T","?","M","M","M","M","R","BOSS","M","?","?"],"items_purchased_type":[],"build_version":"2020-12-13","purchased_purges":0,"victory":false,"max_hp_per_floor":[75,75,75,75,75,75,75,75,75,75,75,75,75,75,75,75,75,75,75,75,75],"card_choices":[{"not_picked":["DeathKnight:DeathCoil","DeathKnight:RuneShock"],"picked":"DeathKnight:FrostStrike","floor":1.0},{"not_picked":["DeathKnight:Runeguard","DeathKnight:BladedArmor"],"picked":"DeathKnight:DeathStrike","floor":2.0},{"not_picked":["DeathKnight:DeathCoil","DeathKnight:Ossuary"],"picked":"DeathKnight:BludPresence","floor":3.0},{"not_picked":["DeathKnight:BoneSpear","DeathKnight:HartStrike"],"picked":"DeathKnight:DeathRune","floor":5.0},{"not_picked":["DeathKnight:VampiricBlood","DeathKnight:Razorice"],"picked":"DeathKnight:Hysteria","floor":6.0},{"not_picked":["DeathKnight:BludPresence","DeathKnight:IcyTouch"],"picked":"DeathKnight:DancingRuneblade","floor":11},{"not_picked":["DeathKnight:DeathAndDecay","DeathKnight:AntiMagicShell"],"picked":"DeathKnight:DeathsAdvance","floor":12},{"not_picked":["DeathKnight:BoneSpear","DeathKnight:RaiseAlly"],"picked":"DeathKnight:Lichborne","floor":13},{"not_picked":["DeathKnight:Rot","DeathKnight:BloodTap"],"picked":"DeathKnight:DancingRuneblade","floor":14},{"not_picked":["DeathKnight:UnholyExperiment","DeathKnight:RunicDetonation"],"picked":"DeathKnight:Simulacrum","floor":16},{"not_picked":["DeathKnight:RunicCorruption+1","DeathKnight:BloodEchoes","DeathKnight:RuneShock"],"picked":"SKIP","floor":18}],"player_experience":2467381,"relics_obtained":[{"floor":6.0,"key":"Lizard Tail"},{"floor":9.0,"key":"StoneCalendar"}],"event_choices":[{"damage_healed":0.0,"max_hp_gain":0.0,"max_hp_loss":0.0,"gold_gain":175.0,"event_name":"Liars Game","player_choice":"AGREE","floor":4.0,"gold_loss":0.0,"damage_taken":0.0,"cards_obtained":["Doubt"]},{"damage_healed":0.0,"max_hp_gain":0.0,"max_hp_loss":0.0,"gold_gain":72.0,"event_name":"Golden Wing","player_choice":"Gained Gold","floor":8.0,"gold_loss":0.0,"damage_taken":0.0},{"damage_healed":18,"gold_gain":0,"player_choice":"Healed and dodged fight","damage_taken":0,"max_hp_gain":0,"max_hp_loss":0,"event_name":"Mushrooms","floor":10,"gold_loss":0,"cards_obtained":["Parasite"]},{"damage_healed":0,"gold_gain":0,"player_choice":"Got Potions","damage_taken":0,"max_hp_gain":0,"max_hp_loss":0,"event_name":"Lab","floor":19,"gold_loss":0}],"is_beta":false,"boss_relics":[{"not_picked":["Runic Dome","Busted Crown"],"picked":"Philosopher\u0027s Stone"}],"items_purged_floors":[],"is_endless":false,"potions_floor_spawned":[2,11,12,14,16],"killed_by":"Shell Parasite","ascension_level":0}}