{"host":"haozahzn9om5c7l8","time":1608260628,"event":{"mods":["Act Like it!","Alarm Clock","BaseMod","Better-Laid Plans","Colored Powertips","Minty Spire (QoL Compilation)","Quick Restart","Relic Stats","Replay The Spire","Spicy Shops","StSLib","The Poker Player","UnlockEverythingMod","óô»ðÖ¸ÄÏ"],"gold_per_floor":[109,5,15,25,25,51,51,1,1,176,176,176,214,234,80,204,204,228,248,248,337,337,380,394,394,394,394,418,434,478,498,255,271,271,271,271],"floor_reached":35,"playtime":1738,"items_purged":[],"score":330,"play_id":"a7c91ca5-a1fa-4389-8a7f-a873e38fcca7","local_time":"20201218110348","is_ascension_mode":false,"campfire_choices":[{"floor":7.0,"key":"REST"},{"floor":12.0,"key":"RECALL"},{"floor":25.0,"key":"REST"}],"circlet_count":0,"master_deck":["Strike_R+1","Strike_R+1","Strike_R+1","Strike_R+1","Strike_R+1","Defend_R+1","Defend_R+1","Defend_R+1","Defend_R+1","Bash","Thunderclap","Cleave","Flame Barrier","ReplayTheSpireMod:Corrosion Curse","Anger","Pummel","Injury","Infernal Blade","Carnage","Feed","Flex","Disarm","Anger","Inflame","ReplayTheSpireMod:Stacked","Dual Wield+1","Reaper","Rampage","Parasite","Combust","Infernal Blade+1","CommonCold"],"relics":["Burning Blood","Champion Belt","ReplayTheSpireMod:Lightbulb","Pantograph","Golden Idol","Bronze Scales","King of Hearts","Black Star","Replay:Rubber Ducky","Simple Rune","Du-Vu Doll","Tiny Chest","Bag of Preparation","Pet Ghost","ReplayTheSpireMod:Spearhead","Orichalcum","Lee\u0027s Waffle"],"acts_visited":["Exordium","TheCity"],"potions_floor_usage":[35,35],"damage_taken":[{"damage":0.0,"enemies":"Cultist","floor":1.0,"turns":4.0},{"damage":6.0,"enemies":"2 Louse","floor":3.0,"turns":2.0},{"damage":0.0,"enemies":"Small Slimes","floor":4.0,"turns":4.0},{"damage":29.0,"enemies":"Replay:BlueRogue","floor":6.0,"turns":7.0},{"damage":31.0,"enemies":"Lagavulin","floor":13.0,"turns":10.0},{"damage":0.0,"enemies":"Looter","floor":14.0,"turns":4.0},{"damage":41.0,"enemies":"Fading Forest","floor":16.0,"turns":11.0},{"damage":5.0,"enemies":"3 Byrds","floor":18.0,"turns":4.0},{"damage":2.0,"enemies":"Chosen","floor":19.0,"turns":4.0},{"damage":64.0,"enemies":"Slavers","floor":23.0,"turns":7.0},{"damage":5.0,"enemies":"Snake Plant","floor":24.0,"turns":3.0},{"damage":0.0,"enemies":"Chosen and Byrds","floor":29.0,"turns":5.0},{"damage":6.0,"enemies":"Replay:Snechameleon","floor":30.0,"turns":8.0},{"damage":0.0,"enemies":"3 Cultists","floor":31.0,"turns":4.0},{"damage":6,"enemies":"Snake Plant","floor":33,"turns":3},{"damage":119,"enemies":"Champ","floor":35,"turns":12}],"seed_played":"1568183270305475161","potions_obtained":[{"floor":4.0,"key":"Swift Potion"},{"floor":6.0,"key":"Milkshake"},{"floor":13.0,"key":"ColorlessPotion"},{"floor":18.0,"key":"ElixirPotion"},{"floor":19.0,"key":"Fruit Juice"},{"floor":21.0,"key":"LifebloodPotion"}],"is_trial":false,"path_per_floor":["M","$","M","M","?","E","R","?","T","?","?","R","E","M","R","B",null,"M","M","?","?","?","E","M","R","PTL","PTL","T","M","E","M","$","M","R","B"],"character_chosen":"IRONCLAD","items_purchased":["Flame Barrier","King of Hearts","Orichalcum","Combust","Lee\u0027s Waffle"],"campfire_rested":2,"item_purchase_floors":[2,15,32,32,32],"current_hp_per_floor":[80,80,80,80,80,57,80,80,80,80,80,80,55,61,61,55,80,80,88,88,88,88,30,31,57,57,57,57,66,66,75,101,101,101,0,0],"gold":271,"neow_bonus":"THREE_CARDS","is_daily":false,"chose_seed":false,"campfire_upgraded":0,"win_rate":0.0,"timestamp":1608260628,"path_taken":["M","$","?","M","?","E","R","?","T","?","?","R","E","M","R","BOSS","M","M","?","?","?","E","M","R","PTL","PTL","T","M","E","?","$","M","R","BOSS"],"items_purchased_type":["Card","Relic","Relic","Card","Relic"],"build_version":"2020-12-13","purchased_purges":0,"victory":false,"max_hp_per_floor":[80,80,80,80,80,80,80,80,80,80,80,80,80,80,80,80,80,80,88,88,88,88,88,88,88,88,88,88,91,91,94,101,101,101,101,101],"relic_stats":{"Lee\u0027s Waffle":26,"counters":[16,92],"Golden Idol":95,"Pantograph":19,"Bronze Scales":[232],"Tiny Chest":0,"Black Star":2,"Bag of Preparation":[10],"Champion Belt":[31],"Orichalcum":[42],"obtain_stats":[{"Lee\u0027s Waffle":32,"Golden Idol":11,"King of Hearts":15,"Bag of Preparation":28,"Orichalcum":32,"Burning Blood":0,"Pet Ghost":30,"Replay:Rubber Ducky":21,"Du-Vu Doll":23,"ReplayTheSpireMod:Spearhead":30,"Pantograph":9,"Bronze Scales":13,"Simple Rune":22,"Tiny Chest":23,"Black Star":17,"Champion Belt":5,"ReplayTheSpireMod:Lightbulb":6},{"Lee\u0027s Waffle":14,"Golden Idol":4,"King of Hearts":6,"Bag of Preparation":11,"Orichalcum":14,"Burning Blood":0,"Pet Ghost":13,"Replay:Rubber Ducky":9,"Du-Vu Doll":10,"ReplayTheSpireMod:Spearhead":13,"Pantograph":4,"Bronze Scales":5,"Simple Rune":9,"Tiny Chest":10,"Black Star":7,"Champion Belt":3,"ReplayTheSpireMod:Lightbulb":4},{"Lee\u0027s Waffle":77,"Golden Idol":17,"King of Hearts":31,"Bag of Preparation":60,"Orichalcum":77,"Burning Blood":0,"Pet Ghost":73,"Replay:Rubber Ducky":50,"Du-Vu Doll":57,"ReplayTheSpireMod:Spearhead":73,"Pantograph":17,"Bronze Scales":27,"Simple Rune":50,"Tiny Chest":57,"Black Star":42,"Champion Belt":10,"ReplayTheSpireMod:Lightbulb":17}],"Burning Blood":73},"card_choices":[{"not_picked":["Heavy Blade","Spot Weakness"],"picked":"Thunderclap","floor":0.0},{"not_picked":["Pommel Strike","Burning Pact"],"picked":"Cleave","floor":1.0},{"not_picked":["Shrug It Off","Burning Pact"],"picked":"ReplayTheSpireMod:Corrosion Curse","floor":3.0},{"not_picked":["Shrug It Off","True Grit"],"picked":"Anger","floor":4.0},{"not_picked":["Iron Wave","Thunderclap"],"picked":"Pummel","floor":6.0},{"not_picked":["Iron Wave","Armaments"],"picked":"Infernal Blade","floor":13.0},{"not_picked":["Cleave","Replay:Undeath\u0027s Touch"],"picked":"Carnage","floor":14.0},{"not_picked":["Berserk","Hemogenesis"],"picked":"Feed","floor":16.0},{"not_picked":["Pummel","Infernal Blade"],"picked":"Flex","floor":18.0},{"not_picked":["ReplayTheSpireMod:Muscle Training","Battle Trance"],"picked":"Disarm","floor":19.0},{"not_picked":["Warcry","Wild Strike"],"picked":"Anger","floor":21.0},{"not_picked":["Heavy Blade","Shrug It Off"],"picked":"Inflame","floor":23.0},{"not_picked":["ReplayTheSpireMod:LeadingStrike","ReplayTheSpireMod:Strike From Hell"],"picked":"ReplayTheSpireMod:Stacked","floor":24.0},{"not_picked":["Run Through","Wild Strike"],"picked":"Dual Wield+1","floor":29.0},{"not_picked":["Rampage","Twin Strike"],"picked":"Reaper","floor":30.0},{"not_picked":["Replay:Undeath\u0027s Touch","Fire Breathing+1"],"picked":"Rampage","floor":31.0},{"not_picked":["Spot Weakness+1","Replay:Undeath\u0027s Touch"],"picked":"Infernal Blade+1","floor":33}],"player_experience":7775,"relics_obtained":[{"floor":6.0,"key":"ReplayTheSpireMod:Lightbulb"},{"floor":9.0,"key":"Pantograph"},{"floor":13.0,"key":"Bronze Scales"},{"floor":21.0,"key":"Replay:Rubber Ducky"},{"floor":22.0,"key":"Simple Rune"},{"floor":23.0,"key":"Du-Vu Doll"},{"floor":23.0,"key":"Tiny Chest"},{"floor":28.0,"key":"Bag of Preparation"},{"floor":30.0,"key":"Pet Ghost"},{"floor":30.0,"key":"ReplayTheSpireMod:Spearhead"}],"event_choices":[{"damage_healed":0.0,"max_hp_gain":0.0,"max_hp_loss":0.0,"gold_gain":0.0,"event_name":"Big Fish","player_choice":"Box","floor":5.0,"gold_loss":0.0,"damage_taken":0.0,"relics_obtained":["Champion Belt"],"cards_obtained":["Regret"]},{"cards_removed":["Regret"],"damage_healed":0.0,"max_hp_gain":0.0,"max_hp_loss":0.0,"gold_gain":0.0,"event_name":"The Cleric","player_choice":"Card Removal","floor":8.0,"gold_loss":50.0,"damage_taken":0.0},{"damage_healed":0.0,"max_hp_gain":0.0,"max_hp_loss":0.0,"gold_gain":175.0,"event_name":"Liars Game","player_choice":"AGREE","floor":10.0,"gold_loss":0.0,"damage_taken":0.0,"cards_obtained":["Doubt"]},{"damage_healed":0.0,"max_hp_gain":0.0,"max_hp_loss":0.0,"gold_gain":0.0,"event_name":"Golden Idol","player_choice":"Take Wound","floor":11.0,"gold_loss":0.0,"damage_taken":0.0,"relics_obtained":["Golden Idol"],"cards_obtained":["Injury"]},{"damage_healed":0.0,"max_hp_gain":0.0,"max_hp_loss":0.0,"gold_gain":0.0,"event_name":"Back to Basics","player_choice":"Simplicity","floor":20.0,"gold_loss":0.0,"damage_taken":0.0,"cards_upgraded":["Strike_R","Strike_R","Strike_R","Strike_R","Strike_R","Defend_R","Defend_R","Defend_R","Defend_R"]},{"damage_healed":0.0,"max_hp_gain":0.0,"max_hp_loss":0.0,"gold_gain":0.0,"event_name":"Wheel of Change","player_choice":"Relic","floor":22.0,"gold_loss":0.0,"damage_taken":0.0}],"is_beta":false,"boss_relics":[{"not_picked":["ReplayTheSpireMod:DimensionalGlitch","Astrolabe"],"picked":"Black Star"}],"items_purged_floors":[],"is_endless":false,"potions_floor_spawned":[4,6,13,18,19,29,30],"killed_by":"Champ","ascension_level":0}}