{"host":"dcj2yvrgcvh5dl2s","time":1608276573,"event":{"mods":["BaseMod","Better Note","Block Reminder","Colored Powertips","DeckTracker","Minty Spire (QoL Compilation)","Quick Restart","Rare Cards Sparkle","Relic Stats","StSLib"],"gold_per_floor":[113,113,113,113,129,129,158,158,228,245,278,291,301,334,334,334,334],"floor_reached":16,"playtime":419,"items_purged":[],"score":225,"play_id":"357e36c2-acba-4d00-a352-b6b70d72c278","local_time":"20201218172933","is_ascension_mode":true,"campfire_choices":[{"data":"Heavy Blade","floor":6,"key":"SMITH"},{"data":"Flex","floor":8,"key":"SMITH"},{"floor":15,"key":"REST"}],"circlet_count":0,"master_deck":["AscendersBane","Strike_R","Strike_R","Strike_R","Strike_R","Defend_R","Defend_R+1","Defend_R+1","Defend_R","Bash","Feel No Pain+1","Regret","Heavy Blade+1","Flex+1","Cleave","Sword Boomerang","Sword Boomerang","Shrug It Off","Ghostly Armor+1"],"relics":["Burning Blood","NeowsBlessing","War Paint","Turnip","InkBottle","Peace Pipe","Toxic Egg 2"],"acts_visited":["Exordium"],"potions_floor_usage":[11,14,14],"damage_taken":[{"damage":0,"enemies":"2 Louse","floor":1,"turns":1},{"damage":4,"enemies":"Small Slimes","floor":5,"turns":2},{"damage":0,"enemies":"Lagavulin","floor":7,"turns":1},{"damage":3,"enemies":"Cultist","floor":10,"turns":3},{"damage":28,"enemies":"3 Sentries","floor":11,"turns":9},{"damage":6,"enemies":"Gremlin Gang","floor":12,"turns":2},{"damage":21,"enemies":"Red Slaver","floor":13,"turns":3},{"damage":5,"enemies":"Lagavulin","floor":14,"turns":7},{"damage":71,"enemies":"The Guardian","floor":16,"turns":12}],"seed_played":"5279056564751275030","potions_obtained":[{"floor":1,"key":"ColorlessPotion"},{"floor":7,"key":"BlessingOfTheForge"},{"floor":13,"key":"Weak Potion"}],"is_trial":false,"path_per_floor":["M","?","?","?","M","R","E","R","T","M","E","M","M","E","R","B"],"character_chosen":"IRONCLAD","items_purchased":[],"campfire_rested":1,"item_purchase_floors":[],"current_hp_per_floor":[78,71,71,71,73,73,79,79,79,80,58,58,43,44,68,0,0],"gold":334,"neow_bonus":"THREE_ENEMY_KILL","is_daily":false,"chose_seed":false,"campfire_upgraded":2,"win_rate":0.0,"timestamp":1608276573,"path_taken":["M","?","?","?","?","R","E","R","T","?","E","M","M","E","R","BOSS"],"items_purchased_type":[],"build_version":"2020-12-13","purchased_purges":0,"victory":false,"max_hp_per_floor":[80,80,80,80,80,80,80,80,80,80,80,80,80,80,80,80,80],"relic_stats":{"Peace Pipe":0,"counters":[9,40],"Turnip":[0],"War Paint":["Defend_R","Defend_R"],"obtain_stats":[{"Peace Pipe":11,"NeowsBlessing":0,"Turnip":7,"War Paint":3,"Toxic Egg 2":14,"Burning Blood":0,"InkBottle":9},{"Peace Pipe":5,"NeowsBlessing":0,"Turnip":3,"War Paint":1,"Toxic Egg 2":8,"Burning Blood":0,"InkBottle":3},{"Peace Pipe":16,"NeowsBlessing":0,"Turnip":4,"War Paint":1,"Toxic Egg 2":28,"Burning Blood":0,"InkBottle":4}],"Burning Blood":46,"InkBottle":[8]},"card_choices":[{"not_picked":["Bloodletting","Spot Weakness"],"picked":"Feel No Pain","floor":1},{"not_picked":["Clothesline","Shockwave"],"picked":"Heavy Blade","floor":5},{"not_picked":["Twin Strike","Cleave"],"picked":"Flex","floor":7},{"not_picked":["Twin Strike","Anger"],"picked":"Cleave","floor":10},{"not_picked":["Iron Wave","Rampage"],"picked":"Sword Boomerang","floor":11},{"not_picked":["Dual Wield","Carnage"],"picked":"Sword Boomerang","floor":12},{"not_picked":["Headbutt","Fire Breathing"],"picked":"Shrug It Off","floor":13},{"not_picked":["Sentinel+1","Anger"],"picked":"Ghostly Armor+1","floor":14}],"player_experience":1983321,"relics_obtained":[{"floor":7,"key":"Turnip"},{"floor":9,"key":"InkBottle"},{"floor":11,"key":"Peace Pipe"},{"floor":14,"key":"Toxic Egg 2"}],"event_choices":[{"cards_removed":["Strike_R"],"damage_healed":0,"gold_gain":0,"player_choice":"Card Removal","damage_taken":7,"max_hp_gain":0,"max_hp_loss":0,"event_name":"Golden Wing","floor":2,"gold_loss":0},{"damage_healed":0,"gold_gain":0,"player_choice":"Box","damage_taken":0,"relics_obtained":["War Paint"],"max_hp_gain":0,"max_hp_loss":0,"event_name":"Big Fish","floor":3,"gold_loss":0,"cards_obtained":["Regret"]},{"damage_healed":0,"gold_gain":0,"player_choice":"Upgraded","damage_taken":0,"max_hp_gain":0,"max_hp_loss":0,"event_name":"Upgrade Shrine","floor":4,"gold_loss":0,"cards_upgraded":["Feel No Pain"]}],"is_beta":false,"boss_relics":[],"items_purged_floors":[],"is_endless":false,"potions_floor_spawned":[1,7,13],"killed_by":"The Guardian","ascension_level":11}}