{"host":"6azrrw3tf7wb0f4b","time":1608287672,"event":{"mods":["BaseMod","DeckTracker","Minty Spire (QoL Compilation)","SuperFastMode"],"gold_per_floor":[112,132,82,96,113,113,130,130,200,200,264,281,292,64,64,64,64],"floor_reached":16,"playtime":452,"items_purged":["Defend_G"],"score":146,"play_id":"bb28242e-3760-4644-bf96-e743dd01c7f3","local_time":"20201218193432","is_ascension_mode":true,"campfire_choices":[{"data":"Infinite Blades","floor":6,"key":"SMITH"},{"data":"Deadly Poison","floor":8,"key":"SMITH"},{"data":"PiercingWail","floor":10,"key":"SMITH"},{"data":"Caltrops","floor":15,"key":"SMITH"}],"circlet_count":0,"master_deck":["AscendersBane","Strike_G","Strike_G","Strike_G","Strike_G","Defend_G","Defend_G","Defend_G","Defend_G","Survivor","Neutralize","Acrobatics","Infinite Blades+1","Deadly Poison+1","Backstab","PiercingWail+1","Corpse Explosion","Caltrops+1"],"relics":["Ring of the Snake","NeowsBlessing","Bottled Tornado","TwistedFunnel"],"acts_visited":["Exordium"],"potions_floor_usage":[5],"damage_taken":[{"damage":0,"enemies":"Cultist","floor":1,"turns":1},{"damage":0,"enemies":"2 Louse","floor":2,"turns":1},{"damage":0,"enemies":"Jaw Worm","floor":4,"turns":1},{"damage":17,"enemies":"Exordium Wildlife","floor":5,"turns":4},{"damage":1,"enemies":"Large Slime","floor":7,"turns":7},{"damage":6,"enemies":"2 Fungi Beasts","floor":12,"turns":4},{"damage":2,"enemies":"Looter","floor":13,"turns":3},{"damage":38,"enemies":"Slime Boss","floor":16,"turns":5}],"seed_played":"-6888735170927945074","potions_obtained":[{"floor":1,"key":"CunningPotion"},{"floor":4,"key":"Dexterity Potion"}],"is_trial":false,"path_per_floor":["M","M","?","M","M","R","M","R","T","R","?","M","M","$","R","B"],"character_chosen":"THE_SILENT","items_purchased":["TwistedFunnel"],"campfire_rested":0,"item_purchase_floors":[14],"current_hp_per_floor":[63,63,63,63,46,46,45,45,45,45,45,39,37,37,37,0,0],"gold":64,"neow_bonus":"THREE_ENEMY_KILL","is_daily":false,"chose_seed":false,"campfire_upgraded":4,"win_rate":0.0,"timestamp":1608287672,"path_taken":["M","M","?","M","M","R","M","R","T","R","?","M","M","$","R","BOSS"],"items_purchased_type":["Relic"],"build_version":"2020-12-13","purchased_purges":1,"victory":false,"max_hp_per_floor":[70,70,70,70,70,70,70,70,70,70,70,70,70,70,70,70,70],"card_choices":[{"not_picked":["Eviscerate","Underhanded Strike"],"picked":"Acrobatics","floor":1},{"not_picked":["Endless Agony","Riddle With Holes"],"picked":"Infinite Blades","floor":2},{"not_picked":["Dagger Spray","Skewer"],"picked":"Deadly Poison","floor":4},{"not_picked":["Sucker Punch","Backflip"],"picked":"Backstab","floor":5},{"not_picked":["Deadly Poison","Riddle With Holes"],"picked":"PiercingWail","floor":7},{"not_picked":["Dodge and Roll","All Out Attack"],"picked":"Corpse Explosion","floor":12},{"not_picked":["Eviscerate","Flying Knee"],"picked":"Caltrops","floor":13}],"player_experience":624898,"relics_obtained":[{"floor":9,"key":"Bottled Tornado"}],"event_choices":[{"cards_removed":["Strike_G"],"damage_healed":0,"gold_gain":0,"player_choice":"Card Removal","damage_taken":0,"max_hp_gain":0,"max_hp_loss":0,"event_name":"The Cleric","floor":3,"gold_loss":50},{"damage_healed":0,"gold_gain":64,"player_choice":"Gained Gold","damage_taken":0,"max_hp_gain":0,"max_hp_loss":0,"event_name":"Golden Wing","floor":11,"gold_loss":0}],"is_beta":false,"boss_relics":[],"items_purged_floors":[14],"is_endless":false,"potions_floor_spawned":[1,4],"killed_by":"Slime Boss","ascension_level":11}}