{"host":"7krnriczr1b2ou5r","time":1608258246,"event":{"mods":["BaseMod","Keyboard Shortcuts","Minty Spire (QoL Compilation)","Relic Stats","StSLib","The Dragon Tamer","The Poker Player"],"gold_per_floor":[116,116,128,8,25,25,59,59,108,118,153,7,27,54,54,159,159,175,175,195,195,213,213,246,246,246,264,40,58,58,83,83,181,181,200,254,0,0,12,47,58,86,113,113,130,148,163,38,38,38],"floor_reached":51,"playtime":2007,"items_purged":["Pain","DTMod:Strike","DTMod:Strike"],"score":1164,"play_id":"0e405a97-21b5-4e1b-99b0-2af1aab30f2e","local_time":"20201218112406","is_ascension_mode":true,"metric_token":479,"campfire_choices":[{"data":"DTMod:MaximumCharge","floor":6,"key":"SMITH"},{"data":"DTMod:Training","floor":8,"key":"SMITH"},{"data":"DTMod:InvisibleFlame","floor":15,"key":"SMITH"},{"data":"DTMod:BurningEnergy","floor":23,"key":"SMITH"},{"data":"DTMod:BurningForce","floor":25,"key":"SMITH"},{"data":"DTMod:ForkedFire","floor":30,"key":"SMITH"},{"data":"DTMod:BuildUp","floor":32,"key":"SMITH"},{"data":"DTMod:EchoTactic","floor":49,"key":"SMITH"}],"dtmod_dragon_data":[6,50,1,1,8,10],"circlet_count":0,"master_deck":["DTMod:Strike","DTMod:DoubleHit","DTMod:TargetDefense","DTMod:TargetDefense","DTMod:TargetDefense","DTMod:SwitchingTactic+1","DTMod:MaximumCharge+1","DTMod:Training+1","DTMod:HeatWave","DTMod:CrossStep","DTMod:BurningForce+1","DTMod:ForkedFire+1","DTMod:BuildUp+1","DTMod:InvisibleFlame+1","DTMod:Outburst","DTMod:Hide","DTMod:BurningEnergy+1","DTMod:DragonDance+1","DTMod:Dissolve+1","DTMod:ResonanceForm+1","DTMod:EchoTactic+1","DTMod:ShieldDrain+1","DTMod:Inferno+1","DTMod:Dissolve+1","DTMod:LastStand+1","DTMod:Cover+1"],"relics":["DTMod:PactStone","WarpedTongs","Bag of Preparation","MealTicket","DTMod:AncientBone","Odd Mushroom","Snecko Eye","Nloth\u0027s Gift","Oddly Smooth Stone","Frozen Egg 2","Orrery","PreservedInsect","Sozu","FossilizedHelix","DollysMirror","Red Mask","Incense Burner","Bottled Tornado","Prayer Wheel","Regal Pillow"],"acts_visited":["Exordium","TheCity","TheBeyond"],"potions_floor_usage":[11,20,24,24,27],"damage_taken":[{"damage":0,"enemies":"Small Slimes","floor":1,"turns":3},{"damage":0,"enemies":"Cultist","floor":3,"turns":2},{"damage":0,"enemies":"Jaw Worm","floor":5,"turns":2},{"damage":8,"enemies":"3 Sentries","floor":7,"turns":6},{"damage":0,"enemies":"Red Slaver","floor":10,"turns":1},{"damage":7,"enemies":"Lagavulin","floor":11,"turns":4},{"damage":0,"enemies":"3 Louse","floor":13,"turns":2},{"damage":0,"enemies":"The Mushroom Lair","floor":14,"turns":2},{"damage":0,"enemies":"Hexaghost","floor":16,"turns":7},{"damage":0,"enemies":"Shell Parasite","floor":18,"turns":2},{"damage":0,"enemies":"Spheric Guardian","floor":20,"turns":2},{"damage":0,"enemies":"Chosen and Byrds","floor":22,"turns":3},{"damage":26,"enemies":"Book of Stabbing","floor":24,"turns":4},{"damage":0,"enemies":"Shelled Parasite and Fungi","floor":27,"turns":4},{"damage":0,"enemies":"Snake Plant","floor":29,"turns":2},{"damage":0,"enemies":"Gremlin Leader","floor":31,"turns":4},{"damage":21,"enemies":"Champ","floor":33,"turns":12},{"damage":0,"enemies":"Orb Walker","floor":35,"turns":2},{"damage":0,"enemies":"2 Orb Walkers","floor":36,"turns":2},{"damage":0,"enemies":"3 Darklings","floor":39,"turns":3},{"damage":0,"enemies":"Reptomancer","floor":40,"turns":3},{"damage":0,"enemies":"Writhing Mass","floor":41,"turns":2},{"damage":0,"enemies":"Nemesis","floor":42,"turns":3},{"damage":0,"enemies":"4 Shapes","floor":45,"turns":1},{"damage":0,"enemies":"Jaw Worm Horde","floor":46,"turns":1},{"damage":0,"enemies":"Spire Growth","floor":47,"turns":6},{"damage":12,"enemies":"Awakened One","floor":50,"turns":12}],"seed_played":"2757733459315865315","potions_obtained":[{"floor":1,"key":"ColorlessPotion"},{"floor":7,"key":"Fruit Juice"},{"floor":11,"key":"FearPotion"},{"floor":18,"key":"SneckoOil"},{"floor":20,"key":"Block Potion"},{"floor":31,"key":"Dexterity Potion"}],"is_trial":false,"path_per_floor":["M","?","M","$","M","R","E","R","T","M","E","$","M","?","R","B",null,"M","?","M","?","M","R","E","R","T","M","$","M","R","E","R","B",null,"M","?","$","?","M","E","M","E","T","?","M","M","M","$","R","B",null],"character_chosen":"THE_DT","items_purchased":["DTMod:HeatWave","ClockworkSouvenir","DTMod:DragonDance+1","Orrery","DollysMirror"],"campfire_rested":0,"item_purchase_floors":[4,12,28,28,37],"current_hp_per_floor":[41,41,41,41,41,41,33,33,33,33,26,41,41,41,41,41,44,44,44,49,41,41,41,15,15,15,15,30,30,30,30,30,9,44,44,44,55,55,55,55,55,55,55,52,52,52,52,52,52,40],"gold":38,"neow_bonus":"UPGRADE_CARD","is_daily":false,"chose_seed":false,"campfire_upgraded":8,"win_rate":0.0,"timestamp":1608258246,"path_taken":["M","?","M","$","M","R","E","R","T","M","E","$","?","?","R","BOSS","M","?","?","?","M","R","E","R","T","M","$","M","R","E","R","BOSS","M","?","$","?","M","E","M","E","T","?","M","M","M","$","R","BOSS"],"items_purchased_type":["Card","Relic","Card","Relic","Relic"],"build_version":"2020-12-13","purchased_purges":3,"victory":true,"max_hp_per_floor":[45,45,45,45,45,45,45,45,45,45,45,45,45,45,45,45,45,45,45,50,55,55,55,55,55,55,55,55,55,55,55,55,55,55,55,55,55,55,55,55,55,55,55,52,52,52,52,52,52,52],"relic_stats":{"Sozu":4,"Regal Pillow":0,"counters":[27,97],"Snecko Eye":[98,123,110,136],"MealTicket":41,"Prayer Wheel":3,"PreservedInsect":105,"Bag of Preparation":[46],"Nloth\u0027s Gift":2,"obtain_stats":[{"Regal Pillow":43,"DTMod:AncientBone":11,"Oddly Smooth Stone":24,"PreservedInsect":31,"Bag of Preparation":7,"Incense Burner":40,"Odd Mushroom":14,"Frozen Egg 2":26,"Bottled Tornado":41,"WarpedTongs":2,"ClockworkSouvenir":12,"Sozu":34,"DTMod:PactStone":0,"DollysMirror":37,"Snecko Eye":17,"Orrery":28,"MealTicket":9,"Prayer Wheel":42,"Nloth\u0027s Gift":19,"Red Mask":38,"FossilizedHelix":36},{"Regal Pillow":23,"DTMod:AncientBone":6,"Oddly Smooth Stone":13,"PreservedInsect":16,"Bag of Preparation":4,"Incense Burner":21,"Odd Mushroom":8,"Frozen Egg 2":13,"Bottled Tornado":22,"WarpedTongs":1,"ClockworkSouvenir":6,"Sozu":17,"DTMod:PactStone":0,"DollysMirror":19,"Snecko Eye":9,"Orrery":14,"MealTicket":4,"Prayer Wheel":23,"Nloth\u0027s Gift":10,"Red Mask":19,"FossilizedHelix":19},{"Regal Pillow":77,"DTMod:AncientBone":18,"Oddly Smooth Stone":40,"PreservedInsect":50,"Bag of Preparation":13,"Incense Burner":72,"Odd Mushroom":22,"Frozen Egg 2":40,"Bottled Tornado":74,"WarpedTongs":3,"ClockworkSouvenir":18,"Sozu":62,"DTMod:PactStone":0,"DollysMirror":66,"Snecko Eye":29,"Orrery":44,"MealTicket":13,"Prayer Wheel":77,"Nloth\u0027s Gift":31,"Red Mask":66,"FossilizedHelix":66}],"WarpedTongs":[90]},"card_choices":[{"not_picked":["DTMod:ForkedFire","DTMod:QuickFly"],"picked":"DTMod:MaximumCharge","floor":1},{"not_picked":["DTMod:BreakAttack","DTMod:FlameSlash"],"picked":"DTMod:Training","floor":3},{"not_picked":["DTMod:Adaptation","DTMod:MagicField"],"picked":"DTMod:CrossStep","floor":5},{"not_picked":["DTMod:Feint","DTMod:TauntingStrike"],"picked":"DTMod:BurningForce","floor":7},{"not_picked":["DTMod:Punisher","DTMod:BizarreTactic","DTMod:HeatWave"],"picked":"SKIP","floor":10},{"not_picked":["DTMod:SneakAttack","DTMod:BizarreTactic"],"picked":"DTMod:ForkedFire","floor":11},{"not_picked":["DTMod:RecklessFlurry","DTMod:GhostSkin"],"picked":"DTMod:BuildUp","floor":13},{"not_picked":["DTMod:BuildUp","DTMod:HeatWave"],"picked":"DTMod:InvisibleFlame","floor":14},{"not_picked":["DTMod:OpeningTactic","DTMod:Safeguard"],"picked":"DTMod:Outburst","floor":16},{"not_picked":["DTMod:ShieldDrain","DTMod:BizarreTactic","DTMod:RecklessFlurry"],"picked":"SKIP","floor":18},{"not_picked":["DTMod:BalancedStrike+1","DTMod:ForkedFire"],"picked":"DTMod:Hide","floor":20},{"not_picked":["DTMod:QuickFly","DTMod:SneakAttack"],"picked":"DTMod:BurningEnergy","floor":22},{"not_picked":["DTMod:LastStand","DTMod:MagicField","DTMod:Outburst"],"picked":"SKIP","floor":24},{"not_picked":["DTMod:Shift+1","DTMod:HeatWave","DTMod:GhostSkin"],"picked":"SKIP","floor":27},{"not_picked":["DTMod:BuildUp","DTMod:ExcessFootwork+1"],"picked":"DTMod:Dissolve+1","floor":28},{"not_picked":["DTMod:LastStand","DTMod:HeatWave"],"picked":"DTMod:ResonanceForm+1","floor":29},{"not_picked":["DTMod:Hide","DTMod:CleansingStrike","DTMod:BreakAttack"],"picked":"SKIP","floor":31},{"not_picked":["DTMod:StunTrap","DTMod:RepeatStrike"],"picked":"DTMod:EchoTactic","floor":33},{"not_picked":["DTMod:LastStand","DTMod:TagTeam"],"picked":"DTMod:ShieldDrain+1","floor":35},{"not_picked":["DTMod:BalancedStrike+1","DTMod:Hide+1"],"picked":"DTMod:LastStand+1","floor":39},{"not_picked":["DTMod:Training","DTMod:DarkBreath+1","DTMod:QuickFly+1"],"picked":"SKIP","floor":40},{"not_picked":["DTMod:MasterPlan+1","DTMod:BurningForce"],"picked":"DTMod:Cover+1","floor":41},{"not_picked":["DTMod:FierySynthesis","DTMod:Overwhelm+1","DTMod:Punisher+1"],"picked":"SKIP","floor":42},{"not_picked":["DTMod:TagTeam+1","DTMod:EchoTactic","DTMod:Weaken+1"],"picked":"SKIP","floor":45},{"not_picked":["DTMod:SneakAttack+1","DTMod:HeadStart","DTMod:Cover"],"picked":"SKIP","floor":45},{"not_picked":["DTMod:Conduct+1","DTMod:QuickFly","DTMod:BalancedStrike"],"picked":"SKIP","floor":46},{"not_picked":["DTMod:LastStand","DTMod:CalculatedDefense+1","DTMod:MasterPlan"],"picked":"SKIP","floor":46},{"not_picked":["DTMod:ForkedFire+1","DTMod:Feint+1","DTMod:QuickFly"],"picked":"SKIP","floor":47},{"not_picked":["DTMod:Shift","DTMod:Punisher+1","DTMod:Adaptation+1"],"picked":"SKIP","floor":47}],"player_experience":1111564,"relics_obtained":[{"floor":7,"key":"Bag of Preparation"},{"floor":9,"key":"MealTicket"},{"floor":11,"key":"DTMod:AncientBone"},{"floor":14,"key":"Odd Mushroom"},{"floor":24,"key":"Oddly Smooth Stone"},{"floor":26,"key":"Frozen Egg 2"},{"floor":31,"key":"PreservedInsect"},{"floor":36,"key":"FossilizedHelix"},{"floor":40,"key":"Incense Burner"},{"floor":42,"key":"Prayer Wheel"},{"floor":43,"key":"Regal Pillow"}],"event_choices":[{"damage_healed":0,"gold_gain":0,"player_choice":"Rummage","damage_taken":0,"relics_obtained":["WarpedTongs"],"max_hp_gain":0,"max_hp_loss":0,"event_name":"Accursed Blacksmith","floor":2,"gold_loss":0,"cards_obtained":["Pain"]},{"damage_healed":0,"gold_gain":0,"player_choice":"Fought Mushrooms","damage_taken":0,"max_hp_gain":0,"max_hp_loss":0,"event_name":"Mushrooms","floor":14,"gold_loss":0},{"damage_healed":0,"gold_gain":0,"player_choice":"Traded Relic","damage_taken":0,"relics_obtained":["Nloth\u0027s Gift"],"max_hp_gain":0,"max_hp_loss":0,"event_name":"N\u0027loth","floor":19,"relics_lost":["ClockworkSouvenir"],"gold_loss":0},{"damage_healed":0,"gold_gain":0,"player_choice":"Shed Blood","damage_taken":13,"max_hp_gain":5,"max_hp_loss":0,"event_name":"Forgotten Altar","floor":21,"gold_loss":0},{"damage_healed":0,"gold_gain":0,"player_choice":"Fight","damage_taken":0,"max_hp_gain":0,"max_hp_loss":0,"event_name":"Mysterious Sphere","floor":36,"gold_loss":0},{"damage_healed":0,"gold_gain":0,"player_choice":"Paid","damage_taken":0,"relics_obtained":["Red Mask"],"max_hp_gain":0,"max_hp_loss":0,"event_name":"Tomb of Lord Red Mask","floor":38,"gold_loss":0},{"damage_healed":0,"gold_gain":0,"player_choice":"Max HP","damage_taken":0,"max_hp_gain":0,"max_hp_loss":3,"event_name":"Winding Halls","floor":44,"gold_loss":0}],"is_beta":false,"boss_relics":[{"not_picked":["SacredBark","Runic Pyramid"],"picked":"Snecko Eye"},{"not_picked":["Philosopher\u0027s Stone","Runic Dome"],"picked":"Sozu"}],"items_purged_floors":[4,37,48],"is_endless":false,"potions_floor_spawned":[1,7,11,18,20,31,35,39,46,47],"ascension_level":6}}