{"host":"2lo6hma6kymb0g9i","time":1608269971,"event":{"mods":["BaseMod","Colored Map","DeckTracker","Minty Spire (QoL Compilation)"],"gold_per_floor":[119,129,129,145,165,197,197,212,239,271,288,23,36,65,65,140,140,159,159,159,159,84,84,415,426,426,439,472,472,486,520,532,618,630,655,667,704,369,369,398,398,408,408,439,455,455,469,496,496,496],"floor_reached":51,"playtime":4551,"items_purged":["Strike_G","Strike_G"],"score":1370,"play_id":"0ee15fac-584c-4cee-a96d-8738a2d2550c","local_time":"20201218143931","is_ascension_mode":true,"campfire_choices":[{"floor":7.0,"key":"REST"},{"floor":15.0,"key":"REST"},{"data":"Apotheosis","floor":23,"key":"SMITH"},{"floor":29,"key":"REST"},{"floor":32,"key":"REST"},{"floor":49,"key":"REST"}],"circlet_count":0,"master_deck":["AscendersBane","Defend_G","Defend_G","Defend_G","Defend_G","Defend_G","Survivor","Neutralize","Quick Slash","Cloak And Dagger","Flying Knee","Blade Dance","Apotheosis+1","Deflect","Poisoned Stab","Envenom","Terror","Well Laid Plans","Flechettes","Finisher","Accuracy","Escape Plan+1","Backflip","Footwork","Bullet Time","Backflip+1","Flash of Steel","Backflip","Cloak And Dagger","Adrenaline","The Bomb","Dagger Throw","PiercingWail"],"relics":["Ring of the Snake","Toy Ornithopter","Strawberry","Lantern","PreservedInsect","Pen Nib","Cursed Key","Old Coin","Bottled Tornado","MawBank","WristBlade","Lizard Tail","Medical Kit","White Beast Statue","Shovel","Juzu Bracelet"],"acts_visited":["Exordium","TheCity","TheBeyond"],"potions_floor_usage":[25,31,31,37,45,47,48,50,50],"damage_taken":[{"damage":3.0,"enemies":"Jaw Worm","floor":1.0,"turns":4.0},{"damage":0.0,"enemies":"Cultist","floor":2.0,"turns":4.0},{"damage":0.0,"enemies":"2 Louse","floor":4.0,"turns":3.0},{"damage":23.0,"enemies":"Large Slime","floor":5.0,"turns":8.0},{"damage":49.0,"enemies":"Gremlin Nob","floor":6.0,"turns":6.0},{"damage":0.0,"enemies":"3 Louse","floor":8.0,"turns":6.0},{"damage":8.0,"enemies":"3 Sentries","floor":10.0,"turns":10.0},{"damage":4.0,"enemies":"Looter","floor":11.0,"turns":4.0},{"damage":12.0,"enemies":"Gremlin Gang","floor":13.0,"turns":5.0},{"damage":0.0,"enemies":"Gremlin Nob","floor":14.0,"turns":3.0},{"damage":6.0,"enemies":"The Guardian","floor":16.0,"turns":14.0},{"damage":4,"enemies":"Shell Parasite","floor":18,"turns":5},{"damage":15,"enemies":"Slavers","floor":24,"turns":7},{"damage":8,"enemies":"2 Thieves","floor":25,"turns":4},{"damage":10,"enemies":"Chosen and Byrds","floor":27,"turns":5},{"damage":14,"enemies":"Book of Stabbing","floor":28,"turns":3},{"damage":9,"enemies":"Centurion and Healer","floor":30,"turns":5},{"damage":26,"enemies":"Slavers","floor":31,"turns":4},{"damage":18,"enemies":"Champ","floor":33,"turns":8},{"damage":4,"enemies":"3 Shapes","floor":35,"turns":5},{"damage":0,"enemies":"Mind Bloom Boss Battle","floor":37,"turns":5},{"damage":18,"enemies":"Reptomancer","floor":40,"turns":8},{"damage":0,"enemies":"3 Darklings","floor":42,"turns":3},{"damage":0,"enemies":"Giant Head","floor":44,"turns":5},{"damage":17,"enemies":"Jaw Worm Horde","floor":45,"turns":3},{"damage":0,"enemies":"Maw","floor":47,"turns":6},{"damage":17,"enemies":"Nemesis","floor":48,"turns":3},{"damage":69,"enemies":"Awakened One","floor":50,"turns":12}],"seed_played":"-5365960664694756156","potions_obtained":[{"floor":4.0,"key":"ColorlessPotion"},{"floor":5.0,"key":"BlessingOfTheForge"},{"floor":8.0,"key":"EssenceOfSteel"},{"floor":14.0,"key":"DuplicationPotion"},{"floor":24,"key":"Poison Potion"},{"floor":27,"key":"SkillPotion"},{"floor":31,"key":"GamblersBrew"},{"floor":33,"key":"DistilledChaos"},{"floor":37,"key":"EssenceOfSteel"},{"floor":42,"key":"Ancient Potion"},{"floor":45,"key":"DuplicationPotion"},{"floor":47,"key":"BlessingOfTheForge"},{"floor":48,"key":"Energy Potion"}],"is_trial":false,"path_per_floor":["M","M","?","M","M","E","R","M","T","E","M","$","M","E","R","B",null,"M","?","?","?","?","R","E","M","T","M","E","R","M","E","R","B",null,"M","?","?","$","?","E","T","M","T","E","M","?","M","E","R","B",null],"character_chosen":"THE_SILENT","items_purchased":["Apotheosis","Medical Kit","Flash of Steel"],"campfire_rested":5,"item_purchase_floors":[12,38,38],"current_hp_per_floor":[67,67,67,67,49,12,37,37,37,29,25,25,13,13,38,37,72,68,68,68,68,68,68,53,50,50,40,26,51,42,26,51,33,71,67,67,72,72,72,54,54,54,54,54,42,42,47,35,60,1],"gold":496,"neow_bonus":"TEN_PERCENT_HP_BONUS","is_daily":false,"chose_seed":false,"campfire_upgraded":1,"win_rate":0.0,"timestamp":1608269971,"path_taken":["M","M","?","?","M","E","R","M","T","E","?","$","M","E","R","BOSS","M","?","?","?","?","R","E","M","T","M","E","R","M","E","R","BOSS","M","?","?","$","?","E","?","?","T","E","M","?","M","E","R","BOSS"],"items_purchased_type":["Card","Relic","Card"],"build_version":"2020-12-13","purchased_purges":2,"victory":true,"max_hp_per_floor":[77,77,77,77,77,84,84,84,84,84,84,84,84,84,84,84,84,84,84,84,84,84,84,84,84,84,84,84,84,84,84,84,84,84,84,84,84,84,84,84,84,84,84,84,84,84,84,84,84,84],"card_choices":[{"not_picked":["Sucker Punch","Masterful Stab"],"picked":"Predator","floor":1.0},{"not_picked":["Well Laid Plans","Bane"],"picked":"Quick Slash","floor":2.0},{"not_picked":["Distraction","Deadly Poison","Sucker Punch"],"picked":"SKIP","floor":4.0},{"not_picked":["Prepared","Acrobatics"],"picked":"Cloak And Dagger","floor":5.0},{"not_picked":["Dodge and Roll","Doppelganger","Prepared"],"picked":"SKIP","floor":6.0},{"not_picked":["Cloak And Dagger","Prepared"],"picked":"Flying Knee","floor":8.0},{"not_picked":["Setup","Infinite Blades"],"picked":"Blade Dance","floor":10.0},{"not_picked":["Acrobatics","Choke"],"picked":"Well Laid Plans","floor":11.0},{"not_picked":["Leg Sweep","PiercingWail"],"picked":"Deflect","floor":13.0},{"not_picked":["Quick Slash","Dagger Spray"],"picked":"Poisoned Stab","floor":14.0},{"not_picked":["Die Die Die","Tools of the Trade"],"picked":"Envenom","floor":16.0},{"not_picked":["All Out Attack","Underhanded Strike","Concentrate"],"picked":"SKIP","floor":18},{"not_picked":["Sucker Punch+1","Eviscerate","Setup"],"picked":"SKIP","floor":24},{"not_picked":["Expertise","Blade Dance"],"picked":"Finisher","floor":25},{"not_picked":["Dodge and Roll","Sucker Punch"],"picked":"Accuracy","floor":27},{"not_picked":["Concentrate","Sucker Punch"],"picked":"Escape Plan+1","floor":28},{"not_picked":["PiercingWail","Concentrate"],"picked":"Backflip","floor":30},{"not_picked":["Dodge and Roll+1","Prepared"],"picked":"Footwork","floor":31},{"not_picked":["Burst","Storm of Steel"],"picked":"Bullet Time","floor":33},{"not_picked":["Deflect","Skewer"],"picked":"Backflip+1","floor":35},{"not_picked":["Dodge and Roll","Endless Agony"],"picked":"Backflip","floor":40},{"not_picked":["Tactician","Deflect"],"picked":"Cloak And Dagger","floor":42},{"not_picked":["Prepared","Footwork"],"picked":"Adrenaline","floor":44},{"not_picked":["Flying Knee","Heel Hook","Calculated Gamble"],"picked":"SKIP","floor":45},{"not_picked":["Secret Technique","Mayhem"],"picked":"The Bomb","floor":46},{"not_picked":["Distraction","Crippling Poison"],"picked":"Dagger Throw","floor":47},{"not_picked":["Endless Agony","Deadly Poison+1"],"picked":"PiercingWail","floor":48}],"player_experience":815391,"relics_obtained":[{"floor":6.0,"key":"Strawberry"},{"floor":9.0,"key":"Lantern"},{"floor":10.0,"key":"PreservedInsect"},{"floor":14.0,"key":"Pen Nib"},{"floor":24,"key":"Old Coin"},{"floor":28,"key":"Bottled Tornado"},{"floor":31,"key":"MawBank"},{"floor":37,"key":"Lizard Tail"},{"floor":40,"key":"White Beast Statue"},{"floor":44,"key":"Shovel"},{"floor":48,"key":"Juzu Bracelet"}],"event_choices":[{"cards_removed":["Predator"],"damage_healed":0.0,"max_hp_gain":0.0,"max_hp_loss":0.0,"gold_gain":0.0,"event_name":"WeMeetAgain","player_choice":"Gave Card","floor":3.0,"gold_loss":0.0,"damage_taken":0.0,"relics_obtained":["Toy Ornithopter"]},{"damage_healed":0,"gold_gain":0,"player_choice":"Read","damage_taken":0,"max_hp_gain":0,"max_hp_loss":0,"event_name":"The Library","floor":19,"gold_loss":0,"cards_obtained":["Terror"]},{"damage_healed":0,"gold_gain":0,"cards_transformed":["Strike_G","Strike_G"],"player_choice":"Became Test Subject","damage_taken":0,"max_hp_gain":0,"max_hp_loss":0,"event_name":"Drug Dealer","floor":20,"gold_loss":0,"cards_obtained":["Well Laid Plans","Flechettes"]},{"damage_healed":0,"gold_gain":0,"player_choice":"Ignored","damage_taken":0,"max_hp_gain":0,"max_hp_loss":0,"event_name":"The Mausoleum","floor":21,"gold_loss":0},{"cards_removed":["Strike_G"],"damage_healed":0,"gold_gain":0,"player_choice":"Gave Gold","damage_taken":0,"max_hp_gain":0,"max_hp_loss":0,"event_name":"Beggar","floor":22,"gold_loss":75},{"cards_removed":["Well Laid Plans"],"damage_healed":0,"gold_gain":0,"player_choice":"Removed Power","damage_taken":0,"max_hp_gain":0,"max_hp_loss":0,"event_name":"Falling","floor":36,"gold_loss":0},{"damage_healed":0,"gold_gain":0,"player_choice":"Fight","damage_taken":0,"max_hp_gain":0,"max_hp_loss":0,"event_name":"MindBloom","floor":37,"gold_loss":0},{"damage_healed":0,"gold_gain":0,"player_choice":"Ignored","damage_taken":0,"max_hp_gain":0,"max_hp_loss":0,"event_name":"Mysterious Sphere","floor":39,"gold_loss":0},{"damage_healed":0,"gold_gain":0,"player_choice":"Memory 1","damage_taken":0,"max_hp_gain":0,"max_hp_loss":0,"event_name":"SensoryStone","floor":46,"gold_loss":0}],"is_beta":false,"boss_relics":[{"not_picked":["Philosopher\u0027s Stone","Ectoplasm"],"picked":"Cursed Key"},{"not_picked":["SacredBark","Snecko Eye"],"picked":"WristBlade"}],"items_purged_floors":[12,38],"is_endless":false,"potions_floor_spawned":[4,5,8,14,24,27,31,33,37,42,44,45,47,48],"ascension_level":13}}