{"host":"usewcu4ohw2wtmxk","time":1608302553,"event":{"mods":["AchievementEnabler","BaseMod","Colored Powertips","Minty Spire (QoL Compilation)","Permanent Neow","Quick Restart","Relic Stats","StSLib"],"gold_per_floor":[111,186,206,223,223,223,253,253,276,276,276,302,2,22,22,117,117,134,34,34,54,54,54,54,54,81,41,69,80,80,90,90,189,189,203,217,63,63,63],"floor_reached":38,"playtime":930,"items_purged":["Strike_B","Streamline"],"score":675,"play_id":"408439ce-a7ae-4a40-9c93-320bacfd52aa","local_time":"20201218224233","is_ascension_mode":true,"campfire_choices":[{"data":"Streamline","floor":6.0,"key":"SMITH"},{"floor":8.0,"key":"REST"},{"data":"Coolheaded","floor":11.0,"key":"SMITH"},{"data":"Dualcast","floor":15.0,"key":"SMITH"},{"data":"Coolheaded","floor":23.0,"key":"SMITH"},{"floor":25.0,"key":"RECALL"},{"floor":30.0,"key":"REST"},{"data":"Tempest","floor":32.0,"key":"SMITH"}],"circlet_count":0,"master_deck":["AscendersBane","Dualcast+1","Streamline+1","Coolheaded+1","Glacier","Ball Lightning","Hologram","Electrodynamics","Ball Lightning","Core Surge","Tempest+1","Coolheaded+1","Heatsinks+1","Cold Snap+1"],"relics":["Cracked Core","Orichalcum","PreservedInsect","Juzu Bracelet","Bag of Preparation","Pandora\u0027s Box","Bag of Marbles","Sozu","Omamori"],"acts_visited":["Exordium","TheCity","TheBeyond"],"potions_floor_usage":[36],"damage_taken":[{"damage":7.0,"enemies":"Small Slimes","floor":1.0,"turns":3.0},{"damage":1.0,"enemies":"Cultist","floor":3.0,"turns":3.0},{"damage":7.0,"enemies":"2 Louse","floor":4.0,"turns":2.0},{"damage":26.0,"enemies":"3 Sentries","floor":7.0,"turns":6.0},{"damage":10.0,"enemies":"Gremlin Nob","floor":12.0,"turns":3.0},{"damage":2.0,"enemies":"Blue Slaver","floor":14.0,"turns":3.0},{"damage":0.0,"enemies":"Slime Boss","floor":16.0,"turns":12.0},{"damage":0.0,"enemies":"3 Byrds","floor":18.0,"turns":2.0},{"damage":5.0,"enemies":"Shell Parasite","floor":21.0,"turns":7.0},{"damage":28.0,"enemies":"Slavers","floor":28.0,"turns":2.0},{"damage":3.0,"enemies":"Snake Plant","floor":29.0,"turns":6.0},{"damage":2.0,"enemies":"Cultist and Chosen","floor":31.0,"turns":7.0},{"damage":6.0,"enemies":"Automaton","floor":33.0,"turns":9.0},{"damage":13.0,"enemies":"Orb Walker","floor":35.0,"turns":4.0},{"damage":8,"enemies":"3 Darklings","floor":36,"turns":2},{"damage":6,"enemies":"Sphere and 2 Shapes","floor":38,"turns":2}],"seed_played":"3466094720459678056","potions_obtained":[{"floor":3.0,"key":"Energy Potion"},{"floor":4.0,"key":"AttackPotion"},{"floor":7.0,"key":"BlessingOfTheForge"},{"floor":16.0,"key":"SpeedPotion"},{"floor":18.0,"key":"ColorlessPotion"},{"floor":27.0,"key":"FocusPotion"},{"floor":27.0,"key":"BlessingOfTheForge"},{"floor":31.0,"key":"DistilledChaos"},{"floor":33.0,"key":"Swift Potion"}],"is_trial":false,"path_per_floor":["M","?","M","M","?","R","E","R","T","?","R","E","$","M","R","B",null,"M","$","?","M","?","R","?","R","T","?","E","M","R","M","R","B",null,"M","M","$","M"],"character_chosen":"DEFECT","items_purchased":["Bag of Preparation","Ball Lightning","ColorlessPotion","Omamori"],"campfire_rested":2,"item_purchase_floors":[13,13,13,37],"current_hp_per_floor":[43,32,31,24,29,29,3,27,27,27,27,17,17,15,15,15,64,64,64,64,59,59,59,59,59,59,59,31,28,52,50,50,44,71,58,50,50,44,44],"gold":63,"neow_bonus":"REMOVE_TWO","is_daily":false,"chose_seed":false,"campfire_upgraded":5,"win_rate":0.0,"timestamp":1608302553,"path_taken":["M","?","M","M","?","R","E","R","T","?","R","E","$","M","R","BOSS","M","$","?","M","?","R","?","R","T","?","E","M","R","M","R","BOSS","M","M","$","M"],"items_purchased_type":["Relic","Card","Potion","Relic"],"build_version":"2020-12-13","purchased_purges":2,"victory":false,"max_hp_per_floor":[75,75,75,75,80,80,80,80,80,80,80,80,80,80,80,80,80,80,80,80,80,80,80,80,80,80,80,80,80,80,80,80,80,80,80,80,80,80,80],"relic_stats":{"Sozu":1,"counters":[16,73],"Pandora\u0027s Box":["Streamline","Rip and Tear","Ball Lightning","Core Surge","Tempest"],"PreservedInsect":74,"Juzu Bracelet":2,"Bag of Preparation":[22],"Orichalcum":[54],"obtain_stats":[{"Sozu":34,"Pandora\u0027s Box":17,"PreservedInsect":9,"Juzu Bracelet":12,"Bag of Preparation":13,"Bag of Marbles":28,"Omamori":37,"Orichalcum":7,"Cracked Core":0},{"Sozu":13,"Pandora\u0027s Box":7,"PreservedInsect":4,"Juzu Bracelet":5,"Bag of Preparation":5,"Bag of Marbles":10,"Omamori":15,"Orichalcum":4,"Cracked Core":0},{"Sozu":65,"Pandora\u0027s Box":32,"PreservedInsect":14,"Juzu Bracelet":17,"Bag of Preparation":17,"Bag of Marbles":43,"Omamori":71,"Orichalcum":14,"Cracked Core":0}]},"card_choices":[{"not_picked":["Go for the Eyes","Capacitor"],"picked":"Streamline","floor":1.0},{"not_picked":["Beam Cell","Skim"],"picked":"Coolheaded","floor":3.0},{"not_picked":["Conserve Battery","Beam Cell","Redo"],"picked":"SKIP","floor":4.0},{"not_picked":["Lockon","Double Energy"],"picked":"Glacier","floor":7.0},{"not_picked":["Thunder Strike","Fusion","Sunder"],"picked":"SKIP","floor":12.0},{"not_picked":["Steam","Fusion"],"picked":"Hologram","floor":14.0},{"not_picked":["Seek","Amplify"],"picked":"Electrodynamics","floor":16.0},{"not_picked":["Double Energy+1","Beam Cell"],"picked":"Coolheaded","floor":18.0},{"not_picked":["Barrage","Stack","Sweeping Beam"],"picked":"SKIP","floor":21.0},{"not_picked":["Barrage","Conserve Battery","Darkness"],"picked":"SKIP","floor":28.0},{"not_picked":["Hologram","Auto Shields","Self Repair"],"picked":"SKIP","floor":29.0},{"not_picked":["Self Repair+1","Steam"],"picked":"Heatsinks+1","floor":31.0},{"not_picked":["Stack+1","Self Repair+1"],"picked":"Cold Snap+1","floor":35.0},{"not_picked":["Cold Snap","Leap+1","Barrage+1"],"picked":"SKIP","floor":36}],"player_experience":289701,"relics_obtained":[{"floor":7.0,"key":"Orichalcum"},{"floor":9.0,"key":"PreservedInsect"},{"floor":12.0,"key":"Juzu Bracelet"},{"floor":28.0,"key":"Bag of Marbles"}],"event_choices":[{"damage_healed":0.0,"max_hp_gain":0.0,"max_hp_loss":0.0,"gold_gain":75.0,"event_name":"World of Goop","player_choice":"Gather Gold","floor":2.0,"gold_loss":0.0,"damage_taken":11.0},{"damage_healed":0.0,"max_hp_gain":5.0,"max_hp_loss":0.0,"gold_gain":0.0,"event_name":"Big Fish","player_choice":"Donut","floor":5.0,"gold_loss":0.0,"damage_taken":0.0},{"damage_healed":0.0,"max_hp_gain":0.0,"max_hp_loss":0.0,"gold_gain":0.0,"event_name":"Shining Light","player_choice":"Ignored","floor":10.0,"gold_loss":0.0,"damage_taken":0.0},{"damage_healed":0.0,"max_hp_gain":0.0,"max_hp_loss":0.0,"gold_gain":0.0,"event_name":"Vampires","player_choice":"Ignored","floor":20.0,"gold_loss":0.0,"damage_taken":0.0},{"cards_removed":["Rip and Tear"],"damage_healed":0.0,"max_hp_gain":0.0,"max_hp_loss":0.0,"gold_gain":0.0,"event_name":"Purifier","player_choice":"Purged","floor":22.0,"gold_loss":0.0,"damage_taken":0.0},{"cards_removed":["Zap"],"damage_healed":0.0,"max_hp_gain":0.0,"max_hp_loss":0.0,"gold_gain":0.0,"event_name":"Bonfire Elementals","player_choice":"Offered Basic","floor":24.0,"gold_loss":0.0,"damage_taken":0.0},{"damage_healed":0.0,"max_hp_gain":0.0,"max_hp_loss":0.0,"gold_gain":0.0,"event_name":"The Woman in Blue","player_choice":"Bought 3 Potions","floor":27.0,"gold_loss":0.0,"damage_taken":0.0}],"is_beta":false,"boss_relics":[{"not_picked":["Black Star","Tiny House"],"picked":"Pandora\u0027s Box"},{"not_picked":["Astrolabe","Velvet Choker"],"picked":"Sozu"}],"items_purged_floors":[13,19],"is_endless":false,"potions_floor_spawned":[3,4,7,16,18,31,33,35],"killed_by":"Sphere and 2 Shapes","ascension_level":10}}