{"host":"4qt77pm52ljaz00q","time":1608303184,"event":{"mods":["2.2 Compatiblity","Aspiration","Bard","BaseMod","Beaked The Cultist","Challenge The Spire","ChefMod","Colored Map","Conspire","Friendly Minions","Glutton Mod","Halation","Hermit","Hubris","Infinite Spire","Jedi Mod","Marisa????????","Minty Spire (QoL Compilation)","Permanent Neow","Relic Sorter","Replay The Spire","Robot Space Explorer","Shade Mod","Shop Mod","StSLib","The Bug Knight","The Construct","The Cursed","The Disciple","The Dragon Tamer","The Jungle","The Mystic","The Poker Player","The Runesmith","The Servant 0.9.4","Unknown Chances","Wandering Minibosses","vexMod"],"gold_per_floor":[113,113,113,113,124,153,153,172,248,248,264,274,14,73,73,168,168,185,112,147,147,147],"floor_reached":21,"playtime":1025,"items_purged":[],"score":177,"play_id":"67763ebe-884e-4029-9406-c8f8124e8f65","local_time":"20201218095304","is_ascension_mode":false,"campfire_choices":[{"data":"TheCursedMod:CleanUpWorkshop","floor":7,"key":"SMITH"},{"data":"TheCursedMod:SpitefulPlan","floor":10,"key":"SMITH"},{"data":"TheCursedMod:StingEye","floor":15,"key":"SMITH"}],"circlet_count":0,"master_deck":["TheCursedMod:Strike_TheCursed","TheCursedMod:Strike_TheCursed","TheCursedMod:Strike_TheCursed","TheCursedMod:Strike_TheCursed","TheCursedMod:Defend_TheCursed","TheCursedMod:Defend_TheCursed","TheCursedMod:Defend_TheCursed","TheCursedMod:Defend_TheCursed","TheCursedMod:CursedWand","TheCursedMod:CleanUpWorkshop+1","TheCursedMod:Dregs","TheCursedMod:NeowsMight","TheCursedMod:CursedBlade","TheCursedMod:SpitefulStrike","TheCursedMod:SpitefulPlan+1","TheCursedMod:CircleOfBlood","TheCursedMod:StingEye+1","TheCursedMod:CursedStaff","TheCursedMod:CircleOfCorruption+1","TheCursedMod:DemonSword","TheCursedMod:RavingStaff","TheCursedMod:VoidForm","TheCursedMod:SurpriseAttack+1"],"relics":["RobotSpaceExplorer:RoboCore","infinitespire:Cubic Diamond","Pocketwatch","Kunai","Toxic Egg 2","hubris:SlimyHat","ReplayTheSpireMod:DimensionalGlitch","Red Mask"],"acts_visited":["Exordium","TheCity"],"potions_floor_usage":[16],"damage_taken":[{"damage":0,"enemies":"Small Slimes","floor":1,"turns":3},{"damage":0,"enemies":"2 Louse","floor":5,"turns":1},{"damage":30,"enemies":"3 Sentries","floor":6,"turns":12},{"damage":0,"enemies":"Jaw Worm","floor":8,"turns":2},{"damage":1,"enemies":"3 Louse","floor":11,"turns":4},{"damage":0,"enemies":"Looter","floor":12,"turns":3},{"damage":16,"enemies":"Lagavulin Event","floor":14,"turns":4},{"damage":2,"enemies":"Fading Forest","floor":16,"turns":11},{"damage":3,"enemies":"Spheric Guardian","floor":18,"turns":3},{"damage":21,"enemies":"Masked Bandits","floor":20,"turns":4},{"damage":62,"enemies":"Chosen","floor":21,"turns":4}],"seed_played":"6717605122700487625","potions_obtained":[{"floor":5,"key":"Regen Potion"},{"floor":6,"key":"jedi:holywater"},{"floor":11,"key":"infinitespire:BlackPotion"},{"floor":16,"key":"LiquidMemories"}],"is_trial":false,"path_per_floor":["M","?","?","?","M","E","R","M","T","R","M","M","$","?","R","B",null,"M","$","?","M"],"character_chosen":"THE_CURSED","items_purchased":["Toxic Egg 2","TheCursedMod:VoidForm"],"campfire_rested":0,"item_purchase_floors":[13,19],"current_hp_per_floor":[75,75,75,75,75,45,45,45,45,45,50,54,54,48,48,50,75,73,73,56,0,0],"gold":147,"neow_bonus":"ONE_RANDOM_RARE_CARD","is_daily":false,"chose_seed":false,"campfire_upgraded":3,"win_rate":0.0,"timestamp":1608303184,"path_taken":["M","?","?","?","?","E","R","M","T","R","M","M","$","?","R","BOSS","M","$","?","M"],"items_purchased_type":["Relic","Card"],"build_version":"2020-12-13","purchased_purges":0,"victory":false,"max_hp_per_floor":[75,75,75,75,75,75,75,75,75,75,75,75,75,75,75,75,75,75,75,75,75,75],"card_choices":[{"not_picked":["TheCursedMod:TacticalStrike","TheCursedMod:VitalStrike"],"picked":"TheCursedMod:CursedBlade","floor":1},{"not_picked":["TheCursedMod:VitalStrike","TheCursedMod:FleshFromBone"],"picked":"TheCursedMod:SpitefulStrike","floor":5},{"not_picked":["TheCursedMod:SpreadPlague","TheCursedMod:CursedBlade"],"picked":"TheCursedMod:SpitefulPlan","floor":6},{"not_picked":["TheCursedMod:EmpowerCircles","TheCursedMod:AshesToAshes"],"picked":"TheCursedMod:CircleOfBlood","floor":8},{"not_picked":["TheCursedMod:CursedBlade","TheCursedMod:CursedSpellbook"],"picked":"TheCursedMod:StingEye","floor":11},{"not_picked":["TheCursedMod:HellsGateOpen","TheCursedMod:RapidMovement"],"picked":"TheCursedMod:CursedStaff","floor":12},{"not_picked":["TheCursedMod:RapidMovement+1","TheCursedMod:CursedArmor+1"],"picked":"TheCursedMod:CircleOfCorruption+1","floor":14},{"not_picked":["TheCursedMod:ForbiddenAlchemy+1","TheCursedMod:StunningStrike"],"picked":"TheCursedMod:DemonSword","floor":16},{"not_picked":["TheCursedMod:ReleasedStrength+1","TheCursedMod:CursedArmor+1"],"picked":"TheCursedMod:RavingStaff","floor":18},{"not_picked":["TheCursedMod:RapidMovement+1","TheCursedMod:FleshFromBone+1"],"picked":"TheCursedMod:SurpriseAttack+1","floor":20}],"player_experience":202365,"relics_obtained":[{"floor":6,"key":"Pocketwatch"},{"floor":9,"key":"Kunai"},{"floor":14,"key":"hubris:SlimyHat"},{"floor":20,"key":"Red Mask"}],"event_choices":[{"damage_healed":0,"gold_gain":0,"player_choice":"Ignored","damage_taken":0,"max_hp_gain":0,"max_hp_loss":0,"event_name":"Golden Wing","floor":2,"gold_loss":0},{"damage_healed":0,"gold_gain":0,"player_choice":"Leave","damage_taken":0,"max_hp_gain":0,"max_hp_loss":0,"event_name":"The Cleric","floor":3,"gold_loss":0},{"damage_healed":0,"gold_gain":0,"player_choice":"Searched \u00272\u0027 times","damage_taken":0,"max_hp_gain":0,"max_hp_loss":0,"event_name":"Dead Adventurer","floor":14,"gold_loss":0},{"damage_healed":0,"gold_gain":0,"player_choice":"Fought Bandits","damage_taken":0,"max_hp_gain":0,"max_hp_loss":0,"event_name":"Masked Bandits","floor":20,"gold_loss":0}],"is_beta":false,"boss_relics":[{"not_picked":["hubris:CrackedHourglass","hubris:BlackHole"],"picked":"ReplayTheSpireMod:DimensionalGlitch"}],"items_purged_floors":[],"is_endless":false,"potions_floor_spawned":[5,6,11,14,16,18],"killed_by":"Chosen","ascension_level":0}}