{"host":"yvoppmyq353hf3pf","time":1608288441,"event":{"mods":["BaseMod","Colored Map","Colored Powertips","Downfall","Minty Spire (QoL Compilation)","StSLib"],"gold_per_floor":[0,26,26,26,38,56,81,91,91,1,20,38,38,58,69,173,173,173,173,173,173,173,158,158,158,183,183,183,200,200,32,50,146,146,146,146,159,159,176,176,176,196,196,223,35,54,54,68,80,80],"floor_reached":51,"playtime":2594,"items_purged":["Pain","Shame"],"score":795,"play_id":"85ff7823-734f-4ba9-8a0f-2e64dba5629e","local_time":"20201218044721","is_ascension_mode":false,"campfire_choices":[{"data":"Apotheosis","floor":1,"key":"SMITH"},{"data":"champ:Taunt","floor":4,"key":"SMITH"},{"floor":9,"key":"REST"},{"floor":18,"key":"DIG"},{"floor":21,"key":"DIG"},{"floor":25,"key":"DIG"},{"floor":27,"key":"DIG"},{"floor":35,"key":"DIG"},{"floor":38,"key":"DIG"},{"floor":40,"key":"DIG"},{"floor":43,"key":"DIG"}],"circlet_count":0,"master_deck":["champ:Strike","champ:Strike","champ:Strike","champ:Defend+1","champ:Defend","champ:Defend","champ:Defend+1","champ:Execute","champ:Taunt+1","Apotheosis+1","champ:BladeFlurry","champ:Aggression","champ:HoldFirm","champ:BringItOn","champ:FanOfKnives","champ:FanOfKnives","champ:StanceDance","champ:AdrenalArmor","champ:BerserkerStyle","champ:Improvising","CurseOfTheBell","champ:DeathBlow","champ:ArenaPreparation+1","champ:PreciseThrust+1","champ:Encircle","champ:CrookedStrike","champ:StrikeOfGenius","champ:Backstep+1","champ:Haymaker+1","champ:Balance+1","champ:Circumvent+1","champ:IgnorePain","champ:GutPunch","champ:StanceDance+1","champ:Circumvent+1","Parasite"],"relics":["champ:ChampionCrown","War Paint","WarpedTongs","Dream Catcher","Calling Bell","Strawberry","Eternal Feather","Shovel","WingedGreaves","Enchiridion","InkBottle","Mango","Oddly Smooth Stone","Anchor","Pear","SlaversCollar","Shuriken","Girya","The Courier","Nunchaku","Question Card","Bag of Marbles","Red Mask","downfall:RedIOUUpgrade"],"acts_visited":["Exordium","TheCity","TheBeyond"],"potions_floor_usage":[14,16,29,33,42,49,50,50],"damage_taken":[{"damage":47,"enemies":"Gremlin Nob","floor":2,"turns":5},{"damage":4,"enemies":"Small Slimes","floor":5,"turns":4},{"damage":1,"enemies":"Cultist","floor":6,"turns":2},{"damage":10,"enemies":"Jaw Worm","floor":8,"turns":6},{"damage":2,"enemies":"downfall:FleeingMerchant","floor":10,"turns":4},{"damage":4,"enemies":"2 Fungi Beasts","floor":11,"turns":3},{"damage":0,"enemies":"Blue Slaver","floor":12,"turns":3},{"damage":0,"enemies":"Large Slime","floor":14,"turns":2},{"damage":0,"enemies":"3 Louse","floor":15,"turns":1},{"damage":48,"enemies":"downfall:Defect","floor":16,"turns":8},{"damage":33,"enemies":"downfall:FleeingMerchant","floor":23,"turns":4},{"damage":49,"enemies":"Gremlin Leader","floor":26,"turns":7},{"damage":36,"enemies":"Shell Parasite","floor":29,"turns":8},{"damage":38,"enemies":"downfall:FleeingMerchant","floor":31,"turns":4},{"damage":44,"enemies":"3 Byrds","floor":32,"turns":2},{"damage":66,"enemies":"downfall:Silent","floor":33,"turns":6},{"damage":23,"enemies":"Orb Walker","floor":37,"turns":3},{"damage":77,"enemies":"3 Shapes","floor":39,"turns":5},{"damage":58,"enemies":"3 Darklings","floor":42,"turns":3},{"damage":44,"enemies":"Giant Head","floor":44,"turns":6},{"damage":29,"enemies":"downfall:FleeingMerchant","floor":45,"turns":4},{"damage":57,"enemies":"Spire Growth","floor":46,"turns":4},{"damage":94,"enemies":"Maw","floor":48,"turns":5},{"damage":51,"enemies":"Writhing Mass","floor":49,"turns":7},{"damage":70,"enemies":"downfall:Watcher","floor":50,"turns":6}],"seed_played":"-7653537957538113050","potions_obtained":[{"floor":2,"key":"SpeedPotion"},{"floor":5,"key":"ColorlessPotion"},{"floor":6,"key":"SneckoOil"},{"floor":26,"key":"SpeedPotion"},{"floor":32,"key":"champ:UltimateStancePotion"},{"floor":37,"key":"LiquidBronze"},{"floor":39,"key":"AttackPotion"},{"floor":42,"key":"Energy Potion"},{"floor":48,"key":"Regen Potion"}],"is_trial":false,"path_per_floor":["R","E","?","R","M","M","T","M","R","$","M","M","?","M","M","B",null,"R","?","?","R","?","$","T","R","E","R","?","M","?","$","M","B",null,"R","?","M","R","M","R","T","M","R","E","$","M","?","M","M","B",null],"character_chosen":"THE_CHAMP","items_purchased":["champ:Encircle","champ:IgnorePain","champ:GutPunch"],"campfire_rested":1,"item_purchase_floors":[31,45,45],"current_hp_per_floor":[90,48,48,48,44,43,43,38,65,63,59,59,89,89,89,73,97,97,97,81,93,93,93,93,111,109,111,111,96,106,106,106,102,121,121,121,115,121,103,118,118,116,121,121,119,119,119,106,121,121],"gold":80,"neow_bonus":"RANDOM_COLORLESS_2","is_daily":false,"chose_seed":false,"campfire_upgraded":2,"win_rate":0.0,"timestamp":1608288441,"path_taken":["R","E","?","R","M","M","T","M","R","$","M","?","?","M","M","BOSS","R","?","?","R","?","?","T","R","E","R","?","M","?","$","M","BOSS","R","?","M","R","M","R","T","?","R","E","$","M","?","M","M","BOSS"],"items_purchased_type":["Card","Card","Card"],"build_version":"2020-12-13","purchased_purges":2,"victory":true,"max_hp_per_floor":[90,90,90,90,90,90,90,90,90,90,90,90,90,90,90,90,97,97,97,97,97,97,97,97,111,111,111,111,111,121,121,121,121,121,121,121,121,121,121,121,121,121,121,121,121,121,121,121,121,121],"card_choices":[{"not_picked":["Sadistic Nature","Violence"],"picked":"Apotheosis","floor":0},{"not_picked":["champ:RapidStrikes","champ:Encircle"],"picked":"champ:BladeFlurry","floor":2},{"not_picked":["champ:DefensiveShout","champ:RapidStrikes"],"picked":"champ:Aggression","floor":5},{"not_picked":["champ:PerfectedStrike","champ:TornadoPunch"],"picked":"champ:HoldFirm","floor":6},{"not_picked":["champ:Haymaker","champ:PerfectedStrike"],"picked":"champ:BringItOn","floor":8},{"not_picked":["champ:BladeFlurry","champ:IronFortress"],"picked":"champ:FanOfKnives","floor":10},{"not_picked":["champ:GladiatorsShout","champ:FlashCut"],"picked":"champ:FanOfKnives","floor":11},{"not_picked":["champ:Backstep","champ:DefensiveShout"],"picked":"champ:StanceDance","floor":12},{"not_picked":["champ:Circumvent","champ:CheapShot"],"picked":"champ:AdrenalArmor","floor":14},{"not_picked":["champ:DeathBlow","champ:AdrenalArmor"],"picked":"champ:BerserkerStyle","floor":15},{"not_picked":["champ:SwordThrow","champ:HoldFirm"],"picked":"champ:Improvising","floor":16},{"not_picked":["champ:GutPunch","champ:FocusedGladiator","champ:GladiatorsShout"],"picked":"SKIP","floor":23},{"not_picked":["champ:FlashCut","champ:SkillfulDodge"],"picked":"champ:DeathBlow","floor":26},{"not_picked":["champ:FightOn","champ:Control"],"picked":"champ:ArenaPreparation+1","floor":29},{"not_picked":["champ:HeavySlash","champ:FocusedDefense"],"picked":"champ:PreciseThrust+1","floor":31},{"not_picked":["champ:EnGarde","champ:GladiatorsShout"],"picked":"champ:CrookedStrike","floor":32},{"not_picked":["champ:LastStand","champ:Devastate"],"picked":"champ:StrikeOfGenius","floor":33},{"not_picked":["champ:FocusedGladiator","champ:BerserkersShout+1"],"picked":"champ:Backstep+1","floor":37},{"not_picked":["champ:PreciseThrust+1","champ:BerserkersShout"],"picked":"champ:Haymaker+1","floor":39},{"not_picked":["champ:GladiatorsShout","champ:Encircle"],"picked":"champ:FaceSlap+1","floor":42},{"not_picked":["champ:FanOfKnives+1","champ:CalledShot+1","champ:BerserkerStyle"],"picked":"champ:Balance+1","floor":44},{"not_picked":["champ:DeathBlow+1","champ:ShieldThrow","champ:FalseCounter+1"],"picked":"champ:Circumvent+1","floor":45},{"not_picked":["champ:DeathBlow+1","champ:Backstep","champ:RecklessLeap"],"picked":"champ:StanceDance+1","floor":46},{"not_picked":["champ:RecklessLeap","champ:TornadoPunch","champ:Backstep"],"picked":"champ:Circumvent+1","floor":48},{"not_picked":["champ:RecklessLeap","champ:FocusedDefense+1","champ:FanOfKnives","champ:LastStand"],"picked":"SKIP","floor":49}],"player_experience":1567714,"relics_obtained":[{"floor":2,"key":"War Paint"},{"floor":7,"key":"Dream Catcher"},{"floor":17,"key":"Strawberry"},{"floor":17,"key":"Eternal Feather"},{"floor":17,"key":"Shovel"},{"floor":18,"key":"WingedGreaves"},{"floor":20,"key":"Enchiridion"},{"floor":21,"key":"Vajra"},{"floor":24,"key":"InkBottle"},{"floor":25,"key":"Mango"},{"floor":26,"key":"Oddly Smooth Stone"},{"floor":27,"key":"Anchor"},{"floor":35,"key":"Shuriken"},{"floor":38,"key":"Girya"},{"floor":40,"key":"The Courier"},{"floor":41,"key":"Nunchaku"},{"floor":43,"key":"Question Card"},{"floor":44,"key":"Bag of Marbles"}],"event_choices":[{"damage_healed":0,"gold_gain":0,"player_choice":"Rummage","damage_taken":0,"relics_obtained":["WarpedTongs"],"max_hp_gain":0,"max_hp_loss":0,"event_name":"Accursed Blacksmith","floor":3,"gold_loss":0,"cards_obtained":["Pain"]},{"damage_healed":30,"gold_gain":0,"player_choice":"Banana","damage_taken":0,"max_hp_gain":0,"max_hp_loss":0,"event_name":"Big Fish","floor":13,"gold_loss":0},{"damage_healed":0,"gold_gain":0,"player_choice":"Ignored","damage_taken":0,"max_hp_gain":0,"max_hp_loss":0,"event_name":"Vampires","floor":28,"gold_loss":0},{"damage_healed":0,"gold_gain":0,"player_choice":"Stole Relic","damage_taken":0,"relics_obtained":["Pear"],"max_hp_gain":0,"max_hp_loss":0,"event_name":"Addict","floor":30,"gold_loss":0,"cards_obtained":["Shame"]},{"cards_removed":["champ:Strike"],"damage_healed":0,"gold_gain":0,"player_choice":"Purged","damage_taken":0,"max_hp_gain":0,"max_hp_loss":0,"event_name":"Purifier","floor":36,"gold_loss":0}],"is_beta":false,"boss_relics":[{"not_picked":["Philosopher\u0027s Stone","Snecko Eye"],"picked":"Calling Bell"},{"not_picked":["Empty Cage","Runic Pyramid"],"picked":"SlaversCollar"}],"items_purged_floors":[10,31],"is_endless":false,"potions_floor_spawned":[2,5,6,26,32,37,39,42,48],"ascension_level":0}}