{"host":"6azrrw3tf7wb0f4b","time":1608281080,"event":{"mods":["BaseMod","DeckTracker","Minty Spire (QoL Compilation)","SuperFastMode"],"gold_per_floor":[119,119,134,152,10,10,42,115,115,115,115,115,140,180,180,310,310,330,199,222,222,247,247,247,247],"floor_reached":24,"playtime":417,"items_purged":["Strike_B","Strike_B"],"score":273,"play_id":"823e735e-091a-46e3-a2ad-2595958452ae","local_time":"20201218174440","is_ascension_mode":true,"campfire_choices":[{"data":"Dualcast","floor":6,"key":"SMITH"},{"floor":10,"key":"REST"},{"floor":12,"key":"REST"},{"data":"Loop","floor":15,"key":"SMITH"},{"floor":23,"key":"REST"}],"circlet_count":0,"master_deck":["Strike_B","Strike_B+1","Defend_B","Defend_B","Defend_B","Defend_B","Zap","Dualcast+1","Core Surge","Sweeping Beam+1","Genetic Algorithm","Loop+1","Static Discharge","Glacier","Ball Lightning","Electrodynamics","Steam+1","Defragment","Fusion+1","Biased Cognition","Leap"],"relics":["Cracked Core","Juzu Bracelet","Blood Vial","Kunai","Meat on the Bone","Golden Idol","Whetstone","Smiling Mask","Inserter"],"acts_visited":["Exordium","TheCity"],"potions_floor_usage":[16,20],"damage_taken":[{"damage":11,"enemies":"Small Slimes","floor":1,"turns":3},{"damage":2,"enemies":"Jaw Worm","floor":3,"turns":3},{"damage":8,"enemies":"2 Louse","floor":4,"turns":2},{"damage":32,"enemies":"3 Sentries","floor":7,"turns":6},{"damage":26,"enemies":"Lagavulin","floor":14,"turns":7},{"damage":19,"enemies":"Slime Boss","floor":16,"turns":8},{"damage":15,"enemies":"Chosen","floor":18,"turns":4},{"damage":22,"enemies":"2 Thieves","floor":20,"turns":3},{"damage":35,"enemies":"3 Cultists","floor":22,"turns":4},{"damage":46,"enemies":"Book of Stabbing","floor":24,"turns":5}],"seed_played":"-7303439057469343530","potions_obtained":[{"floor":14,"key":"Fire Potion"},{"floor":16,"key":"BlessingOfTheForge"},{"floor":18,"key":"LiquidMemories"},{"floor":22,"key":"FearPotion"}],"is_trial":false,"path_per_floor":["M","?","M","M","$","R","E","T","T","R","?","R","T","E","R","B",null,"M","$","M","?","M","R","E"],"character_chosen":"DEFECT","items_purchased":["Static Discharge","Defragment"],"campfire_rested":3,"item_purchase_floors":[5,19],"current_hp_per_floor":[57,54,52,44,44,44,12,12,12,34,34,54,54,42,42,37,61,48,48,40,40,19,39,0,0],"gold":247,"neow_bonus":"ONE_RANDOM_RARE_CARD","is_daily":false,"chose_seed":false,"campfire_upgraded":2,"win_rate":0.0,"timestamp":1608281080,"path_taken":["M","?","M","M","$","R","E","?","T","R","?","R","?","E","R","BOSS","M","$","M","?","M","R","E"],"items_purchased_type":["Card","Card"],"build_version":"2020-12-13","purchased_purges":2,"victory":false,"max_hp_per_floor":[75,75,75,75,75,75,75,75,75,75,69,69,69,69,69,69,69,69,69,69,69,69,69,69,69],"card_choices":[{"not_picked":["Cold Snap","Beam Cell"],"picked":"Sweeping Beam","floor":1},{"not_picked":["Reinforced Body","Turbo"],"picked":"Genetic Algorithm","floor":3},{"not_picked":["Redo","Streamline"],"picked":"Loop","floor":4},{"not_picked":["Cold Snap","Ball Lightning"],"picked":"Glacier","floor":7},{"not_picked":["Barrage","Turbo"],"picked":"Ball Lightning","floor":14},{"not_picked":["Fission","Thunder Strike"],"picked":"Electrodynamics","floor":16},{"not_picked":["Stack","Sweeping Beam"],"picked":"Steam+1","floor":18},{"not_picked":["Coolheaded+1","Streamline"],"picked":"Fusion+1","floor":20},{"not_picked":["Recycle","Sunder"],"picked":"Leap","floor":22}],"player_experience":619336,"relics_obtained":[{"floor":7,"key":"Blood Vial"},{"floor":8,"key":"Kunai"},{"floor":9,"key":"Meat on the Bone"},{"floor":13,"key":"Whetstone"},{"floor":14,"key":"Smiling Mask"}],"event_choices":[{"damage_healed":0,"gold_gain":0,"player_choice":"Success","damage_taken":3,"relics_obtained":["Juzu Bracelet"],"max_hp_gain":0,"max_hp_loss":0,"event_name":"Scrap Ooze","floor":2,"gold_loss":0},{"damage_healed":0,"gold_gain":0,"player_choice":"Lose Max HP","damage_taken":0,"relics_obtained":["Golden Idol"],"max_hp_gain":0,"max_hp_loss":6,"event_name":"Golden Idol","floor":11,"gold_loss":0},{"damage_healed":0,"gold_gain":0,"player_choice":"Read","damage_taken":0,"max_hp_gain":0,"max_hp_loss":0,"event_name":"The Library","floor":21,"gold_loss":0,"cards_obtained":["Biased Cognition"]}],"is_beta":false,"boss_relics":[{"not_picked":["Tiny House","Runic Dome"],"picked":"Inserter"}],"items_purged_floors":[5,19],"is_endless":false,"potions_floor_spawned":[14,16,18,22],"killed_by":"Book of Stabbing","ascension_level":7}}