{"host":"qvzwftlm72dh2ckx","time":1608274861,"event":{"mods":["AchievementEnabler","BaseMod","Bestiary","Better Altar","Better Match","Better Note","Better Sensory Stone","Better Silent Start","Better Skull","Better Third Choice","Colored Map","Minty Spire (QoL Compilation)","Rare Cards Sparkle","Spicy Shops","StSLib","The Construct","The Dragon Tamer","The Servant 0.9.4"],"gold_per_floor":[114,114,114,132,152,184,184,203,256,256,24,24,65,87,99,212,224,254,279,291,317,103,133,143,143,195,195,295,295,295,308,308,410,410,500,589,676,769,864,864,65,65,65,167,24,119,213,213,213,213,213,213],"floor_reached":50,"playtime":5489,"items_purged":[],"score":629,"play_id":"f200ba03-0ac5-4df2-a18b-29d1d6aee6d0","local_time":"20201218080101","is_ascension_mode":false,"metric_token":1171,"campfire_choices":[{"floor":7,"key":"REST"},{"data":"DTMod:QuickFly","floor":10,"key":"SMITH"},{"floor":15,"key":"REST"},{"floor":25,"key":"REST"},{"data":"DTMod:Observe","floor":27,"key":"SMITH"},{"data":"DTMod:DragonDance","floor":29,"key":"SMITH"},{"floor":32,"key":"REST"},{"floor":40,"key":"REST"},{"data":"DTMod:SealedStrike","floor":42,"key":"SMITH"},{"floor":49,"key":"REST"}],"dtmod_dragon_data":[0,50,2,4,12,1],"circlet_count":0,"master_deck":["DTMod:Strike","DTMod:Strike","DTMod:Strike","DTMod:Strike","DTMod:DoubleHit","DTMod:TargetDefense","DTMod:TargetDefense","DTMod:TargetDefense","DTMod:SwitchingTactic+1","DTMod:QuickFly+1","DTMod:MasterPlan","DTMod:ComboAttack","DTMod:BizarreTactic","DTMod:HeatWave","DTMod:ShieldDrain","DTMod:DragonDance+1","DTMod:GearUp","DTMod:BalancedStrike","DTMod:SealedStrike+1","DTMod:ShieldDrain","DTMod:MagiciansMark","DTMod:Threaten","DTMod:Observe+1","DTMod:BalancedStrike+1","DTMod:PurifyingFlame","DTMod:StarRain","DTMod:BlazingStrike+1","DTMod:RepeatStrike","DTMod:SneakAttack+1","DTMod:InvisibleFlame","DTMod:FlameSlash","DTMod:MagicField+1","DTMod:CrossStep","Panacea","DTMod:Threaten+1","DTMod:BuildUp","DTMod:DeepFocus+1","DTMod:Hide+1"],"relics":["DTMod:PactStone","Toy Ornithopter","Potion Belt","PreservedInsect","Bronze Scales","MawBank","Regal Pillow","Runic Pyramid","Bottled Flame","MealTicket","Mango","Bottled Tornado","Sozu","Lantern","Juzu Bracelet","Dream Catcher","HandDrill","DTMod:AncientBone","Toxic Egg 2","Membership Card"],"acts_visited":["Exordium","TheCity","TheBeyond"],"potions_floor_usage":[16,16,16,24,33,33,35,50,50],"damage_taken":[{"damage":0,"enemies":"Cultist","floor":1,"turns":3},{"damage":0,"enemies":"Small Slimes","floor":4,"turns":2},{"damage":0,"enemies":"2 Louse","floor":5,"turns":3},{"damage":0,"enemies":"Lagavulin","floor":6,"turns":7},{"damage":0,"enemies":"Exordium Thugs","floor":8,"turns":6},{"damage":0,"enemies":"3 Sentries","floor":13,"turns":5},{"damage":0,"enemies":"Large Slime","floor":14,"turns":5},{"damage":15,"enemies":"The Guardian","floor":16,"turns":10},{"damage":0,"enemies":"Chosen","floor":18,"turns":5},{"damage":0,"enemies":"Shell Parasite","floor":19,"turns":4},{"damage":6,"enemies":"Sentry and Sphere","floor":21,"turns":4},{"damage":19,"enemies":"Gremlin Leader","floor":23,"turns":6},{"damage":12,"enemies":"Cultist and Chosen","floor":24,"turns":7},{"damage":5,"enemies":"Colosseum Slavers","floor":28,"turns":5},{"damage":0,"enemies":"Colosseum Nobs","floor":28,"turns":4},{"damage":0,"enemies":"Snake Plant","floor":31,"turns":3},{"damage":71,"enemies":"Collector","floor":33,"turns":15},{"damage":0,"enemies":"3 Darklings","floor":35,"turns":3},{"damage":0,"enemies":"3 Shapes","floor":36,"turns":4},{"damage":0,"enemies":"Sphere and 2 Shapes","floor":37,"turns":4},{"damage":8,"enemies":"Writhing Mass","floor":38,"turns":6},{"damage":0,"enemies":"Spire Growth","floor":39,"turns":4},{"damage":3,"enemies":"Nemesis","floor":44,"turns":5},{"damage":0,"enemies":"Jaw Worm Horde","floor":46,"turns":3},{"damage":0,"enemies":"Sphere and 2 Shapes","floor":47,"turns":4},{"damage":72,"enemies":"Time Eater","floor":50,"turns":13}],"seed_played":"-381042995352854962","potions_obtained":[{"floor":4,"key":"Dexterity Potion"},{"floor":8,"key":"Strength Potion"},{"floor":14,"key":"Dexterity Potion"},{"floor":16,"key":"GamblersBrew"},{"floor":23,"key":"Fire Potion"},{"floor":24,"key":"BlessingOfTheForge"},{"floor":31,"key":"Regen Potion"},{"floor":33,"key":"AttackPotion"}],"is_trial":false,"path_per_floor":["M","?","?","M","M","E","R","M","T","R","$","?","E","M","R","B",null,"M","M","?","M","$","E","M","R","T","R","?","R","?","M","R","B",null,"M","M","M","M","M","R","$","R","T","E","$","M","M","?","R","B"],"character_chosen":"THE_DT","items_purchased":["DTMod:ShieldDrain","DTMod:DragonDance","Bronze Scales","DTMod:Observe","FairyPotion","Lantern","DTMod:CrossStep","Panacea","Juzu Bracelet","Dream Catcher","HandDrill","Membership Card"],"campfire_rested":6,"item_purchase_floors":[11,11,11,22,22,41,41,41,41,41,41,45],"current_hp_per_floor":[49,49,24,24,24,24,38,38,38,38,38,38,38,38,49,34,49,49,49,49,43,43,24,17,46,46,46,55,55,63,63,63,18,63,63,63,63,55,55,63,63,63,63,60,63,63,63,63,63,0,0,0],"gold":213,"neow_bonus":"TEN_PERCENT_HP_BONUS","is_daily":false,"chose_seed":false,"campfire_upgraded":4,"win_rate":0.0,"timestamp":1608274861,"path_taken":["M","?","?","M","M","E","R","M","T","R","$","?","E","?","R","BOSS","M","M","?","M","$","E","M","R","T","R","?","R","?","M","R","BOSS","M","?","M","M","M","R","$","R","T","E","$","M","M","?","R","BOSS"],"items_purchased_type":["Card","Card","Relic","Card","Potion","Relic","Card","Card","Relic","Relic","Relic","Relic"],"build_version":"2020-12-13","purchased_purges":0,"victory":false,"max_hp_per_floor":[49,49,49,49,49,49,49,49,49,49,49,49,49,49,49,49,49,49,49,49,49,49,49,49,49,49,49,63,63,63,63,63,63,63,63,63,63,63,63,63,63,63,63,63,63,63,63,63,63,63,63,63],"card_choices":[{"not_picked":["DTMod:RunningTactic","DTMod:Cover"],"picked":"DTMod:QuickFly","floor":1},{"not_picked":["DTMod:Cover","DTMod:BuildUp"],"picked":"DTMod:MasterPlan","floor":4},{"not_picked":["DTMod:RecklessFlurry","DTMod:BurningEnergy"],"picked":"DTMod:ComboAttack","floor":5},{"not_picked":["DTMod:CalculatedDefense","DTMod:BreakAttack"],"picked":"DTMod:BizarreTactic","floor":6},{"not_picked":["DTMod:Hide","DTMod:Feint"],"picked":"DTMod:HeatWave","floor":8},{"not_picked":["DTMod:MagicField","DTMod:ForkedFire"],"picked":"DTMod:GearUp","floor":13},{"not_picked":["DTMod:BurningEnergy","DTMod:HeatWave"],"picked":"DTMod:BalancedStrike","floor":14},{"not_picked":["DTMod:GearUp","DTMod:ExcessFootwork"],"picked":"DTMod:SealedStrike","floor":16},{"not_picked":["DTMod:ForkedFire","DTMod:BizarreTactic+1"],"picked":"DTMod:ShieldDrain","floor":18},{"not_picked":["DTMod:Overwhelm","DTMod:ComboAttack+1"],"picked":"DTMod:MagiciansMark","floor":19},{"not_picked":["DTMod:Cover","DTMod:QuickFly"],"picked":"DTMod:Threaten","floor":21},{"not_picked":["DTMod:EchoTactic","DTMod:Threaten"],"picked":"DTMod:BalancedStrike+1","floor":23},{"not_picked":["DTMod:BizarreTactic","DTMod:Hide"],"picked":"DTMod:PurifyingFlame","floor":24},{"not_picked":["DTMod:CleansingStrike","DTMod:GhostSkin"],"picked":"DTMod:StarRain","floor":28},{"not_picked":["DTMod:Weaken","DTMod:TauntingStrike"],"picked":"DTMod:BlazingStrike+1","floor":31},{"not_picked":["DTMod:FierySynthesis","DTMod:Outburst"],"picked":"DTMod:RepeatStrike","floor":33},{"not_picked":["DTMod:BuildUp","DTMod:BreakAttack"],"picked":"DTMod:SneakAttack+1","floor":35},{"not_picked":["DTMod:ComboAttack+1","DTMod:Threaten+1"],"picked":"DTMod:InvisibleFlame","floor":36},{"not_picked":["DTMod:Weaken","DTMod:MagicField"],"picked":"DTMod:FlameSlash","floor":37},{"not_picked":["DTMod:Cover+1","DTMod:QuickFly","DTMod:PurifyingFlame+1"],"picked":"SKIP","floor":38},{"not_picked":["DTMod:RunningTactic","DTMod:BizarreTactic"],"picked":"DTMod:MagicField+1","floor":39},{"not_picked":["DTMod:LastStand+1","DTMod:BuildUp"],"picked":"DTMod:Threaten+1","floor":44},{"not_picked":["DTMod:Haste+1","DTMod:Feint"],"picked":"DTMod:BuildUp","floor":46},{"not_picked":["DTMod:BuildUp+1","DTMod:RecklessFlurry+1"],"picked":"DTMod:DeepFocus+1","floor":47},{"not_picked":["DTMod:Multitask","DTMod:ComboAttack+1"],"picked":"DTMod:Hide+1","floor":49}],"player_experience":100665,"relics_obtained":[{"floor":6,"key":"Potion Belt"},{"floor":9,"key":"PreservedInsect"},{"floor":12,"key":"MawBank"},{"floor":13,"key":"Regal Pillow"},{"floor":23,"key":"Bottled Flame"},{"floor":26,"key":"MealTicket"},{"floor":28,"key":"Mango"},{"floor":28,"key":"Bottled Tornado"},{"floor":43,"key":"DTMod:AncientBone"},{"floor":44,"key":"Toxic Egg 2"}],"event_choices":[{"damage_healed":0,"gold_gain":0,"player_choice":"Grow","damage_taken":0,"max_hp_gain":0,"max_hp_loss":0,"event_name":"Living Wall","floor":2,"gold_loss":0,"cards_upgraded":["DTMod:SwitchingTactic"]},{"damage_healed":0,"gold_gain":0,"player_choice":"Relic ","damage_taken":25,"max_hp_gain":0,"max_hp_loss":0,"event_name":"betterThird:BetterScrap","floor":3,"gold_loss":0,"cards_obtained":["Brutality"]},{"damage_healed":0,"gold_gain":0,"player_choice":"Relic","damage_taken":0,"max_hp_gain":0,"max_hp_loss":0,"event_name":"Wheel of Change","floor":12,"gold_loss":0},{"damage_healed":0,"gold_gain":0,"player_choice":"Ignored","damage_taken":0,"max_hp_gain":0,"max_hp_loss":0,"event_name":"betterNote:BetterNote","floor":20,"gold_loss":0,"cards_obtained":["Burst"]},{"damage_healed":0,"gold_gain":0,"player_choice":"Fight","damage_taken":0,"max_hp_gain":0,"max_hp_loss":0,"event_name":"Colosseum","floor":28,"gold_loss":0},{"damage_healed":0,"gold_gain":0,"player_choice":"Fought Nobs","damage_taken":0,"max_hp_gain":0,"max_hp_loss":0,"event_name":"Colosseum","floor":28,"gold_loss":0},{"damage_healed":8,"gold_gain":0,"player_choice":"Full Heal","damage_taken":0,"max_hp_gain":0,"max_hp_loss":0,"event_name":"Wheel of Change","floor":30,"gold_loss":0},{"cards_removed":["DTMod:TargetDefense"],"damage_healed":0,"gold_gain":0,"player_choice":"Removed Skill","damage_taken":0,"max_hp_gain":0,"max_hp_loss":0,"event_name":"Falling","floor":48,"gold_loss":0}],"is_beta":false,"boss_relics":[{"not_picked":["Snecko Eye","SacredBark"],"picked":"Runic Pyramid"},{"not_picked":["construct:ClawGrip","Runic Dome"],"picked":"Sozu"}],"items_purged_floors":[],"is_endless":false,"potions_floor_spawned":[4,8,14,16,23,24,31,33,35,37,44,47],"killed_by":"Time Eater","ascension_level":0}}