{"host":"2461dio7vetlq1z3","time":1608269714,"event":{"mods":["2.2 Compatiblity","AchievementEnabler","BaseMod","Better Third Choice","Hermit","Minty Spire (QoL Compilation)","Relic Stats","Spicy Shops","StSLib","The Animator","Waifu the Spire"],"gold_per_floor":[159,159,172,172,9,9,43,43,43,58,58,89,106,106,106],"floor_reached":14,"playtime":416,"items_purged":["Strike_G"],"score":181,"play_id":"0ff242ef-3e02-4c3a-80d3-77558a6b02f0","local_time":"20201218063514","is_ascension_mode":true,"campfire_choices":[{"data":"Neutralize","floor":6,"key":"SMITH"},{"data":"Quick Slash","floor":11,"key":"SMITH"}],"circlet_count":0,"master_deck":["AscendersBane","Strike_G","Strike_G+1","Strike_G","Defend_G","Defend_G","Defend_G","Defend_G","Defend_G","Survivor","Neutralize+1","Dash","Noxious Fumes","Poisoned Stab","Crippling Poison","Quick Slash+1","Echo Form","Deadly Poison","Heel Hook"],"relics":["Tiny House","Vajra","Mummified Hand","Matryoshka","Potion Belt"],"acts_visited":["Exordium"],"potions_floor_usage":[7,12],"damage_taken":[{"damage":0,"enemies":"Small Slimes","floor":1,"turns":3},{"damage":2,"enemies":"Jaw Worm","floor":3,"turns":4},{"damage":5,"enemies":"3 Sentries","floor":7,"turns":7},{"damage":4,"enemies":"2 Louse","floor":10,"turns":2},{"damage":6,"enemies":"Gremlin Nob","floor":12,"turns":4},{"damage":6,"enemies":"2 Fungi Beasts","floor":13,"turns":3},{"damage":35,"enemies":"Lagavulin","floor":14,"turns":5}],"seed_played":"-3672575622988639729","potions_obtained":[{"floor":0,"key":"Ancient Potion"},{"floor":3,"key":"Fire Potion"}],"is_trial":false,"path_per_floor":["M","?","M","?","$","R","E","?","T","M","R","E","M","E"],"character_chosen":"THE_SILENT","items_purchased":["Crippling Poison"],"campfire_rested":0,"item_purchase_floors":[5],"current_hp_per_floor":[64,64,62,62,62,62,57,45,45,41,41,35,29,0,0],"gold":106,"neow_bonus":"BOSS_RELIC","is_daily":false,"chose_seed":false,"campfire_upgraded":2,"win_rate":0.0,"timestamp":1608269714,"path_taken":["M","?","M","?","$","R","E","?","T","M","R","E","M","E"],"items_purchased_type":["Card"],"build_version":"2020-12-13","purchased_purges":1,"victory":false,"max_hp_per_floor":[71,71,71,71,71,71,71,71,71,71,71,71,71,71,71],"relic_stats":{"counters":[7,28],"Mummified Hand":[2],"obtain_stats":[{"Potion Belt":12,"Tiny House":0,"Matryoshka":9,"Mummified Hand":8,"Vajra":7,"Ring of the Snake":0},{"Potion Belt":5,"Tiny House":0,"Matryoshka":3,"Mummified Hand":3,"Vajra":3,"Ring of the Snake":0},{"Potion Belt":20,"Tiny House":0,"Matryoshka":14,"Mummified Hand":14,"Vajra":14,"Ring of the Snake":0}]},"card_choices":[{"not_picked":["Bane","Acrobatics"],"picked":"Dash","floor":0},{"not_picked":["Sucker Punch","Dagger Spray"],"picked":"Noxious Fumes","floor":1},{"not_picked":["Slice","Backflip"],"picked":"Poisoned Stab","floor":3},{"not_picked":["Escape Plan","Slice"],"picked":"Quick Slash","floor":7},{"not_picked":["Setup","Concentrate","Prepared"],"picked":"SKIP","floor":10},{"not_picked":["Phantasmal Killer","Flechettes"],"picked":"Deadly Poison","floor":12},{"not_picked":["Accuracy","Outmaneuver"],"picked":"Heel Hook","floor":13}],"player_experience":791613,"relics_obtained":[{"floor":7,"key":"Vajra"},{"floor":9,"key":"Matryoshka"},{"floor":12,"key":"Potion Belt"}],"event_choices":[{"damage_healed":0,"gold_gain":0,"player_choice":"Ignored","damage_taken":159,"max_hp_gain":0,"max_hp_loss":0,"event_name":"betterThird:BetterSerpent","floor":2,"gold_loss":0},{"cards_removed":["Strike_G"],"damage_healed":0,"gold_gain":0,"player_choice":"Forget","damage_taken":0,"max_hp_gain":0,"max_hp_loss":0,"event_name":"Living Wall","floor":4,"gold_loss":0},{"damage_healed":0,"gold_gain":1,"player_choice":"Card Relic ","damage_taken":12,"max_hp_gain":0,"max_hp_loss":0,"event_name":"betterThird:BetterScrap","floor":8,"gold_loss":0,"cards_obtained":["Echo Form","Rainbow"]}],"is_beta":false,"boss_relics":[],"items_purged_floors":[5],"is_endless":false,"potions_floor_spawned":[3],"killed_by":"Lagavulin","ascension_level":17}}