{"host":"w11d5xug8ost5klq","time":1608258654,"event":{"mods":["2.2 Compatiblity","BaseMod","Better Third Choice","ChefMod","Emptier Cage","Highlight Path","Minty Spire (QoL Compilation)","Quick Restart","Railgun Mod","SIMod","Shade Mod","Spicy Shops","StSLib","The Alterego","The Animator","The Disciple","The Exalted","The Hayseed","The Poker Player","The Servant 0.9.4","The Spell Scribe","TheArtist","TheBandit","TheFirefly"],"gold_per_floor":[114,114,140,140,160,192,211,211,211,246,257,257,272,0,0,101,101,115,129,142,241,241,241,259,259,259,289,289,289,60,85,85,187,187,207,56,74,74,0,0,13,13,13,13,13,13,13,13,13],"floor_reached":48,"playtime":1926,"items_purged":["Pain"],"score":499,"play_id":"c16ffd30-4841-455d-a96e-23e3abd5f2fd","local_time":"20201217203054","is_ascension_mode":false,"campfire_choices":[{"data":"chefmod:QuickChop","floor":8,"key":"SMITH"},{"data":"chefmod:PrepCook","floor":12,"key":"SMITH"},{"floor":15,"key":"REST"},{"floor":23,"key":"REST"},{"data":"chefmod:QuickThaw","floor":25,"key":"SMITH"},{"floor":28,"key":"REST"},{"data":"chefmod:FrozenTuna","floor":32,"key":"SMITH"},{"floor":40,"key":"REST"},{"data":"chefmod:FullCourseMeal","floor":42,"key":"SMITH"},{"floor":44,"key":"REST"}],"circlet_count":0,"master_deck":["chefmod:Strike","chefmod:Strike","chefmod:Strike","chefmod:Strike","chefmod:Strike","chefmod:Defend","chefmod:Defend","chefmod:Defend","chefmod:QuickThaw+1","chefmod:TodaysSpecial","chefmod:CuttingBoard+1","chefmod:Chop","chefmod:DoubleChop","chefmod:QuickChop+1","chefmod:PrepCook+1","chefmod:Granita+1","chefmod:Gelato+1","chefmod:DinoKale+1","chefmod:FrozenTuna+1","chefmod:HotSoup","chefmod:NoSoupForYou+1","chefmod:SliceAndDice+1","chefmod:FullCourseMeal+1","chefmod:DeepFreeze+1","chefmod:IceCreamCone+1","chefmod:ColdSteel+1"],"relics":["chefmod:TrustyPot","NeowsBlessing","Letter Opener","PreservedInsect","Kunai","Bottled Tornado","Lizard Tail","Toxic Egg 2","Cursed Key","Turnip","Bromod:ArcaneNullifier","War Paint","StrikeDummy","Black Star","Sling","Red Mask"],"acts_visited":["Exordium","TheCity","TheBeyond"],"potions_floor_usage":[41],"damage_taken":[{"damage":0,"enemies":"Cultist","floor":1,"turns":1},{"damage":0,"enemies":"Jaw Worm","floor":5,"turns":1},{"damage":0,"enemies":"Gremlin Nob","floor":6,"turns":1},{"damage":0,"enemies":"Small Slimes","floor":7,"turns":2},{"damage":20,"enemies":"3 Sentries","floor":10,"turns":7},{"damage":7,"enemies":"2 Fungi Beasts","floor":11,"turns":4},{"damage":14,"enemies":"Large Slime","floor":13,"turns":3},{"damage":30,"enemies":"The Guardian","floor":16,"turns":15},{"damage":0,"enemies":"Chosen","floor":18,"turns":3},{"damage":15,"enemies":"2 Thieves","floor":19,"turns":4},{"damage":20,"enemies":"Shelled Parasite and Fungi","floor":20,"turns":5},{"damage":0,"enemies":"Cultist and Chosen","floor":24,"turns":5},{"damage":13,"enemies":"Book of Stabbing","floor":27,"turns":4},{"damage":21,"enemies":"Gremlin Leader","floor":31,"turns":4},{"damage":72,"enemies":"Collector","floor":33,"turns":10},{"damage":8,"enemies":"3 Shapes","floor":35,"turns":4},{"damage":22,"enemies":"Orb Walker","floor":37,"turns":5},{"damage":9,"enemies":"Maw","floor":41,"turns":5},{"damage":74,"enemies":"Nemesis","floor":48,"turns":6}],"seed_played":"-8738851885916611710","potions_obtained":[{"floor":7,"key":"FearPotion"},{"floor":11,"key":"AttackPotion"},{"floor":13,"key":"ColorlessPotion"}],"is_trial":false,"path_per_floor":["M","T","T","?","M","E","M","R","T","E","M","R","M","$","R","B",null,"M","M","M","?","?","R","M","R","T","E","R","?","$","E","R","B",null,"M","$","M","?","?","R","M","R","T","R","?","$","$","E"],"character_chosen":"THE_CHEF","items_purchased":["Toxic Egg 2","chefmod:DinoKale+1","War Paint","Sling"],"campfire_rested":5,"item_purchase_floors":[14,14,30,36],"current_hp_per_floor":[76,76,76,76,76,76,76,76,76,56,49,49,35,35,57,27,76,76,61,41,41,41,63,63,63,63,50,72,72,72,51,51,18,76,68,68,46,46,46,67,58,58,58,72,72,72,72,0,0],"gold":13,"neow_bonus":"THREE_ENEMY_KILL","is_daily":false,"chose_seed":false,"campfire_upgraded":5,"win_rate":0.0,"timestamp":1608258654,"path_taken":["M","?","?","?","M","E","M","R","T","E","M","R","M","$","R","BOSS","M","M","?","?","?","R","?","R","T","E","R","?","$","E","R","BOSS","M","$","M","?","?","R","M","R","T","R","?","?","$","E"],"items_purchased_type":["Relic","Card","Relic","Relic"],"build_version":"2020-12-13","purchased_purges":1,"victory":false,"max_hp_per_floor":[76,76,76,76,76,76,76,76,76,76,76,76,76,76,76,76,76,76,76,76,76,76,76,76,76,76,76,76,76,76,76,76,76,76,76,76,76,72,72,72,72,72,72,72,72,72,72,72,72],"card_choices":[{"not_picked":["chefmod:DinoKale","chefmod:ZaruSoba"],"picked":"chefmod:CuttingBoard","floor":1},{"not_picked":["chefmod:KnifeFlurry","chefmod:FryPan"],"picked":"chefmod:Chop","floor":5},{"not_picked":["chefmod:FryPan","chefmod:SpaghettiCarbonara"],"picked":"chefmod:DoubleChop","floor":6},{"not_picked":["chefmod:SpaghettiCarbonara","chefmod:ZaruSoba"],"picked":"chefmod:QuickChop","floor":7},{"not_picked":["chefmod:HotSoup","chefmod:SliceAndDice"],"picked":"chefmod:PrepCook","floor":10},{"not_picked":["chefmod:Julienne","chefmod:CuttingBoard"],"picked":"chefmod:Granita","floor":11},{"not_picked":["chefmod:PotatoGratin","chefmod:VegetableTart"],"picked":"chefmod:Gelato","floor":13},{"not_picked":["chefmod:Mince","chefmod:BananaSplit"],"picked":"chefmod:FrozenTuna","floor":16},{"not_picked":["chefmod:FireUp","chefmod:Granita+1"],"picked":"chefmod:HotSoup","floor":18},{"not_picked":["chefmod:Puree+1","chefmod:ColdSteel"],"picked":"chefmod:NoSoupForYou+1","floor":19},{"not_picked":["chefmod:LocoMoco","chefmod:Gelato+1"],"picked":"chefmod:SliceAndDice+1","floor":20},{"not_picked":["chefmod:FryPan","chefmod:Leftovers+1","chefmod:SliceAndDice"],"picked":"SKIP","floor":24},{"not_picked":["chefmod:LiquidNitrogen+1","chefmod:AlooGobi+1"],"picked":"chefmod:FullCourseMeal","floor":27},{"not_picked":["chefmod:GroceryDelivery+1","chefmod:IcePick","chefmod:Flambe"],"picked":"SKIP","floor":31},{"not_picked":["chefmod:CapreseSalad+1","chefmod:DeathByChocolate"],"picked":"chefmod:DeepFreeze+1","floor":33},{"not_picked":["chefmod:Chop","chefmod:MonsterBait+1"],"picked":"chefmod:IceCreamCone+1","floor":35},{"not_picked":["chefmod:SaveForLater+1","chefmod:Fillet+1","chefmod:Chop+1"],"picked":"SKIP","floor":37},{"not_picked":["chefmod:Granita+1","chefmod:LiquidNitrogen+1"],"picked":"chefmod:ColdSteel+1","floor":41}],"player_experience":312402,"relics_obtained":[{"floor":2,"key":"Letter Opener"},{"floor":3,"key":"PreservedInsect"},{"floor":6,"key":"Kunai"},{"floor":9,"key":"Bottled Tornado"},{"floor":10,"key":"Lizard Tail"},{"floor":26,"key":"Turnip"},{"floor":27,"key":"Bromod:ArcaneNullifier"},{"floor":31,"key":"StrikeDummy"}],"event_choices":[{"damage_healed":0,"gold_gain":0,"player_choice":"Forge","damage_taken":0,"max_hp_gain":0,"max_hp_loss":0,"event_name":"Accursed Blacksmith","floor":4,"gold_loss":0,"cards_upgraded":["chefmod:CuttingBoard"]},{"damage_healed":0,"gold_gain":99,"player_choice":"Steal","damage_taken":0,"max_hp_gain":0,"max_hp_loss":0,"event_name":"betterThird:BetterNest","floor":21,"gold_loss":0},{"damage_healed":0,"gold_gain":0,"player_choice":"Ignored","damage_taken":0,"max_hp_gain":0,"max_hp_loss":0,"event_name":"Transmorgrifier","floor":22,"gold_loss":0},{"damage_healed":0,"gold_gain":0,"player_choice":"Ignored","damage_taken":0,"max_hp_gain":0,"max_hp_loss":0,"event_name":"Ghosts","floor":29,"gold_loss":0},{"damage_healed":0,"gold_gain":0,"player_choice":"Max HP","damage_taken":0,"max_hp_gain":0,"max_hp_loss":4,"event_name":"Winding Halls","floor":38,"gold_loss":0},{"damage_healed":0,"gold_gain":0,"player_choice":"Paid","damage_taken":0,"relics_obtained":["Red Mask"],"max_hp_gain":0,"max_hp_loss":0,"event_name":"Tomb of Lord Red Mask","floor":39,"gold_loss":74}],"is_beta":false,"boss_relics":[{"not_picked":["Runic Pyramid","Astrolabe"],"picked":"Cursed Key"},{"not_picked":["Coffee Dripper","chefmod:OldKettle"],"picked":"Black Star"}],"items_purged_floors":[30],"is_endless":false,"potions_floor_spawned":[7,11,13,16,20,33,35],"killed_by":"Nemesis","ascension_level":0}}