{"host":"ml80p9p157c7xd90","time":1608324847,"event":{"mods":["2.2 Compatiblity","Act Like it!","Ascension Unlocker","Aspiration","BaseMod","Better Altar","Better Match","Better Note","Better Sensory Stone","Better Skull","Better Third Choice","CapriCore","Colored Map","Conspire","Downfall","Friendly Minions","Gensokyo","Halation","Minty Spire (QoL Compilation)","Pale of the Ancients","Replay The Spire","Shade Mod","StSLib","The Mystic","Wandering Minibosses"],"gold_per_floor":[99,109,109,121,46,72,72,72,105,30,46,121,59,69,84,84,84],"floor_reached":16,"playtime":755,"items_purged":[],"score":220,"play_id":"3b227b3e-6e9a-49cd-bdf8-bc9a12285f7a","local_time":"20201218135407","is_ascension_mode":true,"campfire_choices":[{"floor":1,"key":"RECALL"},{"data":"champ:FlashCut","floor":5,"key":"SMITH"},{"data":"champ:Taunt","floor":8,"key":"SMITH"},{"data":"champ:EnGarde","floor":10,"key":"SMITH"}],"circlet_count":0,"master_deck":["AscendersBane","champ:Strike","champ:Strike","champ:Strike","champ:Strike","champ:Defend","champ:Defend","champ:Defend","champ:Defend","champ:Execute","champ:Taunt+1","champ:Circumvent","champ:FlashCut+1","champ:Backstep","champ:EnGarde+1","champ:DefensiveShout","champ:FlashCut","hexamod:Haunted","champ:GladiatorsShout","champ:BringItOn"],"relics":["Philosopher\u0027s Stone","halation:WeightlessCrab","downfall:HeartBlessingRed","Replay:Mystery Machine","Letter Opener","downfall:HeartBlessingGreen","ReplayTheSpireMod:CursedCoin","champ:DefensiveTrainingManual"],"acts_visited":["Exordium"],"potions_floor_usage":[15,16],"damage_taken":[{"damage":6,"enemies":"Jaw Worm","floor":2,"turns":4},{"damage":0,"enemies":"2 Louse","floor":4,"turns":2},{"damage":48,"enemies":"Lagavulin","floor":6,"turns":8},{"damage":21,"enemies":"Replay:BlueRogue","floor":9,"turns":7},{"damage":0,"enemies":"Cultist","floor":11,"turns":2},{"damage":8,"enemies":"downfall:FleeingMerchant","floor":13,"turns":4},{"damage":9,"enemies":"conspire:2 RoseBushes","floor":14,"turns":3},{"damage":14,"enemies":"Large Slime","floor":15,"turns":2},{"damage":1,"enemies":"downfall:Ironclad","floor":16,"turns":6}],"seed_played":"-5064084320782801515","potions_obtained":[{"floor":2,"key":"Flashbang"},{"floor":9,"key":"Adrenaline Potion"},{"floor":15,"key":"Fruit Juice"}],"is_trial":false,"path_per_floor":["R","M","?","M","R","E","T","R","E","R","M","?","$","M","M","B"],"character_chosen":"THE_CHAMP","items_purchased":["champ:FlashCut","ReplayTheSpireMod:CursedCoin","champ:DefensiveTrainingManual"],"campfire_rested":0,"item_purchase_floors":[13,13,13],"current_hp_per_floor":[73,72,72,72,72,37,37,37,21,21,21,21,21,17,8,7,7],"gold":84,"neow_bonus":"BOSS_RELIC","is_daily":false,"chose_seed":false,"campfire_upgraded":3,"win_rate":0.0,"timestamp":1608324847,"path_taken":["R","M","?","M","R","E","T","R","E","R","M","?","$","?","M","BOSS"],"items_purchased_type":["Card","Relic","Relic"],"build_version":"2020-12-13","purchased_purges":0,"victory":false,"max_hp_per_floor":[81,81,81,81,81,81,81,81,81,81,81,81,81,81,86,86,86],"card_choices":[{"not_picked":["champ:Control","champ:Encircle"],"picked":"champ:Circumvent","floor":2},{"not_picked":["champ:GutPunch","champ:ShieldSigil"],"picked":"champ:FlashCut","floor":4},{"not_picked":["champ:EnragedBash","champ:PerfectedStrike"],"picked":"champ:Backstep","floor":6},{"not_picked":["champ:Shatter","champ:RageSigil"],"picked":"champ:EnGarde","floor":9},{"not_picked":["champ:Riposte","champ:CrownThrow"],"picked":"champ:DefensiveShout","floor":11},{"not_picked":["champ:FaceSlap","champ:BladeFlurry","champ:ShieldSigil"],"picked":"SKIP","floor":13},{"not_picked":["champ:FightOn","champ:CrookedStrike"],"picked":"champ:GladiatorsShout","floor":14},{"not_picked":["champ:DefensiveShout","champ:CalledShot"],"picked":"champ:BringItOn","floor":15}],"player_experience":504490,"relics_obtained":[{"floor":6,"key":"Replay:Mystery Machine"},{"floor":7,"key":"Letter Opener"},{"floor":9,"key":"halation:AfternoonTea"}],"event_choices":[],"is_beta":false,"boss_relics":[],"items_purged_floors":[],"is_endless":false,"potions_floor_spawned":[2,9,11,15],"killed_by":"downfall:Ironclad","ascension_level":20}}