{"host":"wl5kcyk3ocgwii71","time":1608315870,"event":{"mods":["AchievementEnabler","BaseMod","Better Altar","Better Match","Better Note","Better Sensory Stone","Better Skull","Better Third Choice","Colored Powertips","Downfall","Hermit","Minty Spire (QoL Compilation)","Quick Restart","Replay The Spire","StSLib","The Servant 0.9.4"],"gold_per_floor":[117,23,40,13,13,46,66,92,92,92,110,120,120,195,195,195,195],"floor_reached":16,"playtime":448,"items_purged":["Doubt"],"score":176,"play_id":"c0a6f38a-6c7e-4d34-8092-faa9f9400ed8","local_time":"20201218102430","is_ascension_mode":true,"campfire_choices":[{"data":"Footwork","floor":13,"key":"SMITH"},{"data":"Outmaneuver","floor":15,"key":"SMITH"}],"circlet_count":0,"master_deck":["Strike_G","Strike_G","Strike_G","Strike_G","Defend_G","Defend_G","Defend_G","Defend_G","Defend_G","Neutralize","Blade Dance","Dagger Spray","Dodge and Roll","Outmaneuver+1","Blade Dance","m_Survivalism","Cloak And Dagger","Flying Knee","Cloak And Dagger","Footwork+1","PiercingWail"],"relics":["Ring of the Snake","NeowsBlessing","Nunchaku","Prayer Wheel","White Beast Statue","ReplayTheSpireMod:CursedCoin"],"acts_visited":["Exordium"],"potions_floor_usage":[8,16,16,16],"damage_taken":[{"damage":0,"enemies":"Cultist","floor":1,"turns":1},{"damage":0,"enemies":"Small Slimes","floor":3,"turns":1},{"damage":0,"enemies":"Gremlin Nob","floor":6,"turns":1},{"damage":0,"enemies":"2 Louse","floor":7,"turns":2},{"damage":21,"enemies":"Lagavulin","floor":8,"turns":7},{"damage":13,"enemies":"Exordium Wildlife","floor":11,"turns":5},{"damage":0,"enemies":"2 Fungi Beasts","floor":12,"turns":2},{"damage":40,"enemies":"Slime Boss","floor":16,"turns":12}],"seed_played":"-6910082532431286595","potions_obtained":[{"floor":1,"key":"Strength Potion"},{"floor":7,"key":"Dexterity Potion"},{"floor":11,"key":"EssenceOfSteel"},{"floor":12,"key":"Dexterity Potion"}],"is_trial":false,"path_per_floor":["M","$","M","$","?","E","M","E","T","?","M","M","R","$","R","B"],"character_chosen":"THE_SILENT","items_purchased":["Dagger Spray","Dodge and Roll","Blade Dance","ReplayTheSpireMod:CursedCoin"],"campfire_rested":0,"item_purchase_floors":[2,2,4,14],"current_hp_per_floor":[63,63,63,63,63,63,63,42,42,42,29,29,29,29,29,0,0],"gold":195,"neow_bonus":"THREE_ENEMY_KILL","is_daily":false,"chose_seed":false,"campfire_upgraded":2,"win_rate":0.0,"timestamp":1608315870,"path_taken":["M","$","M","$","?","E","M","E","T","?","M","?","R","?","R","BOSS"],"items_purchased_type":["Card","Card","Card","Relic"],"build_version":"2020-12-13","purchased_purges":1,"victory":false,"max_hp_per_floor":[70,70,70,70,70,70,70,70,70,70,70,70,70,70,70,70,70],"card_choices":[{"not_picked":["Outmaneuver","Underhanded Strike"],"picked":"Blade Dance","floor":1},{"not_picked":["Backstab","Dodge and Roll"],"picked":"Outmaneuver","floor":3},{"not_picked":["Backstab","Grand Finale"],"picked":"Cloak And Dagger","floor":6},{"not_picked":["Distraction","Blade Dance"],"picked":"Flying Knee","floor":7},{"not_picked":["Acrobatics","Bane"],"picked":"Cloak And Dagger","floor":8},{"not_picked":["Endless Agony","Dodge and Roll"],"picked":"Footwork","floor":11},{"not_picked":["Masterful Stab","Dagger Throw","Deadly Poison"],"picked":"SKIP","floor":11},{"not_picked":["Dagger Throw","Caltrops"],"picked":"PiercingWail","floor":12},{"not_picked":["Skewer","Quick Slash","Replay:Poison Smokescreen"],"picked":"SKIP","floor":12}],"player_experience":367155,"relics_obtained":[{"floor":6,"key":"Nunchaku"},{"floor":8,"key":"Prayer Wheel"},{"floor":9,"key":"White Beast Statue"}],"event_choices":[{"cards_removed":["Strike_G"],"damage_healed":0,"gold_gain":0,"player_choice":"Offered Basic","damage_taken":0,"max_hp_gain":0,"max_hp_loss":0,"event_name":"Bonfire Elementals","floor":10,"gold_loss":0}],"is_beta":false,"boss_relics":[],"items_purged_floors":[14],"is_endless":false,"potions_floor_spawned":[1,7,11,12],"killed_by":"Slime Boss","ascension_level":6}}