{"host":"y4vlpin99xlqxx93","time":1608302636,"event":{"mods":["AchievementEnabler","BaseMod","Downfall","Hermit","Minty Spire (QoL Compilation)","StSLib","The Cursed"],"gold_per_floor":[413,413,83,100,117,137,137,172,198,229,194,210,242,16,16,16,16],"floor_reached":16,"playtime":1427,"items_purged":[],"score":120,"play_id":"1a8ad230-36b2-4895-bc81-86ec2f16a0ec","local_time":"20201218094356","is_ascension_mode":false,"campfire_choices":[{"data":"Poisoned Stab","floor":7,"key":"SMITH"},{"floor":15,"key":"REST"}],"circlet_count":0,"master_deck":["Strike_G","Strike_G","Strike_G","Strike_G","Strike_G","Defend_G","Defend_G","Defend_G","Defend_G","Defend_G","Survivor","Neutralize","Poisoned Stab+1","Slice","Dagger Throw","Catalyst","Poisoned Stab","Calculated Gamble","Noxious Fumes","Bouncing Flask","Deflect"],"relics":["Ring of the Snake","Old Coin","MawBank","Gambling Chip","Dream Catcher","Bronze Scales","Orichalcum","Matryoshka","Frozen Eye"],"acts_visited":["Exordium"],"potions_floor_usage":[8,8,16,16],"damage_taken":[{"damage":3,"enemies":"Small Slimes","floor":1,"turns":5},{"damage":2,"enemies":"Jaw Worm","floor":4,"turns":3},{"damage":0,"enemies":"Cultist","floor":5,"turns":3},{"damage":0,"enemies":"Exordium Thugs","floor":6,"turns":4},{"damage":5,"enemies":"3 Sentries","floor":8,"turns":7},{"damage":8,"enemies":"Gremlin Nob","floor":10,"turns":3},{"damage":1,"enemies":"2 Fungi Beasts","floor":12,"turns":3},{"damage":24,"enemies":"3 Sentries","floor":13,"turns":5},{"damage":41,"enemies":"Slime Boss","floor":16,"turns":9}],"seed_played":"2410909635951915485","potions_obtained":[{"floor":1,"key":"Block Potion"},{"floor":6,"key":"BlessingOfTheForge"},{"floor":10,"key":"SteroidPotion"},{"floor":13,"key":"Ancient Potion"}],"is_trial":false,"path_per_floor":["M","?","$","M","M","M","R","E","T","E","?","M","E","$","R","B"],"character_chosen":"THE_SILENT","items_purchased":["Gambling Chip","Slice","Bouncing Flask","Frozen Eye"],"campfire_rested":1,"item_purchase_floors":[3,3,14,14],"current_hp_per_floor":[46,43,43,41,41,41,41,36,36,28,45,44,20,20,41,0,0],"gold":16,"neow_bonus":"ONE_RARE_RELIC","is_daily":false,"chose_seed":false,"campfire_upgraded":1,"win_rate":0.0,"timestamp":1608302636,"path_taken":["M","?","$","M","M","M","R","E","T","E","?","M","E","$","R","BOSS"],"items_purchased_type":["Relic","Card","Card","Relic"],"build_version":"2020-12-13","purchased_purges":0,"victory":false,"max_hp_per_floor":[70,70,70,70,70,70,70,70,70,70,70,70,70,70,70,70,70],"card_choices":[{"not_picked":["PiercingWail","Escape Plan"],"picked":"Poisoned Stab","floor":1},{"not_picked":["Dodge and Roll","Acrobatics"],"picked":"Dagger Throw","floor":4},{"not_picked":["Slice","Dagger Throw"],"picked":"Catalyst","floor":5},{"not_picked":["Predator","Endless Agony"],"picked":"Poisoned Stab","floor":6},{"not_picked":["Infinite Blades","Dodge and Roll"],"picked":"Calculated Gamble","floor":8},{"not_picked":["PiercingWail","Infinite Blades","Outmaneuver"],"picked":"SKIP","floor":10},{"not_picked":["Dagger Throw","Dash"],"picked":"Noxious Fumes","floor":12},{"not_picked":["Backflip","Expertise","Masterful Stab"],"picked":"SKIP","floor":13},{"not_picked":["Dodge and Roll","Sucker Punch"],"picked":"Deflect","floor":15}],"player_experience":22340,"relics_obtained":[{"floor":8,"key":"Dream Catcher"},{"floor":9,"key":"Bronze Scales"},{"floor":10,"key":"Orichalcum"},{"floor":13,"key":"Matryoshka"}],"event_choices":[{"damage_healed":0,"gold_gain":0,"player_choice":"Success","damage_taken":3,"relics_obtained":["MawBank"],"max_hp_gain":0,"max_hp_loss":0,"event_name":"Scrap Ooze","floor":2,"gold_loss":0},{"damage_healed":17,"gold_gain":0,"player_choice":"Healed","damage_taken":0,"max_hp_gain":0,"max_hp_loss":0,"event_name":"The Cleric","floor":11,"gold_loss":35}],"is_beta":false,"boss_relics":[],"items_purged_floors":[],"is_endless":false,"potions_floor_spawned":[1,6,10,13],"killed_by":"Slime Boss","ascension_level":0}}