{"host":"6azrrw3tf7wb0f4b","time":1608261714,"event":{"mods":["BaseMod","DeckTracker","Minty Spire (QoL Compilation)","SuperFastMode"],"gold_per_floor":[109,134,152,172,190,190,190,190,215,215,231,244,276,292,292,394,394,409,423,443,443,454,454,454],"floor_reached":23,"playtime":583,"items_purged":[],"score":266,"play_id":"c54fde10-a7f4-4ed2-85f0-d31055b84836","local_time":"20201218122154","is_ascension_mode":true,"campfire_choices":[{"data":"Dualcast","floor":6,"key":"SMITH"},{"data":"Redo","floor":10,"key":"SMITH"},{"data":"Genetic Algorithm","floor":15,"key":"SMITH"}],"circlet_count":0,"master_deck":["Strike_B","Strike_B+1","Strike_B+1","Strike_B+1","Defend_B","Defend_B","Defend_B","Defend_B","Zap+1","Dualcast+1","Reboot","Leap","Genetic Algorithm+1","Redo+1","Sweeping Beam","Undo","Turbo","Echo Form","Hologram","Meteor Strike","Doom and Gloom+1","Conserve Battery+1","Darkness","Double Energy"],"relics":["Cracked Core","Whetstone","Mercury Hourglass","Tiny Chest","Emotion Chip","Cursed Key"],"acts_visited":["Exordium","TheCity"],"potions_floor_usage":[23,23],"damage_taken":[{"damage":1,"enemies":"Cultist","floor":1,"turns":3},{"damage":0,"enemies":"2 Louse","floor":3,"turns":1},{"damage":1,"enemies":"Jaw Worm","floor":4,"turns":5},{"damage":17,"enemies":"Large Slime","floor":5,"turns":6},{"damage":0,"enemies":"Blue Slaver","floor":11,"turns":2},{"damage":0,"enemies":"Exordium Wildlife","floor":12,"turns":3},{"damage":5,"enemies":"Gremlin Nob","floor":13,"turns":3},{"damage":2,"enemies":"Large Slime","floor":14,"turns":4},{"damage":11,"enemies":"Slime Boss","floor":16,"turns":8},{"damage":9,"enemies":"2 Thieves","floor":18,"turns":4},{"damage":9,"enemies":"Shell Parasite","floor":19,"turns":6},{"damage":16,"enemies":"Shelled Parasite and Fungi","floor":20,"turns":7},{"damage":1,"enemies":"Centurion and Healer","floor":22,"turns":5},{"damage":25,"enemies":"Book of Stabbing","floor":23,"turns":5}],"seed_played":"7800189939947507780","potions_obtained":[{"floor":3,"key":"BlessingOfTheForge"},{"floor":4,"key":"EssenceOfSteel"},{"floor":11,"key":"SteroidPotion"},{"floor":20,"key":"GamblersBrew"}],"is_trial":false,"path_per_floor":["M","T","M","M","M","R","T","?","T","R","M","M","E","M","R","B",null,"M","M","M","?","M","E"],"character_chosen":"DEFECT","items_purchased":[],"campfire_rested":0,"item_purchase_floors":[],"current_hp_per_floor":[67,67,67,66,49,49,49,34,34,34,34,34,29,27,27,16,60,51,42,26,26,25,0,0],"gold":454,"neow_bonus":"ONE_RANDOM_RARE_CARD","is_daily":false,"chose_seed":false,"campfire_upgraded":3,"win_rate":0.0,"timestamp":1608261714,"path_taken":["M","?","?","M","M","R","?","?","T","R","M","M","E","M","R","BOSS","M","M","M","?","M","E"],"items_purchased_type":[],"build_version":"2020-12-13","purchased_purges":0,"victory":false,"max_hp_per_floor":[75,75,75,75,75,75,75,75,75,75,75,75,75,75,75,75,75,75,75,75,75,75,75,75],"card_choices":[{"not_picked":["Beam Cell","Reprogram"],"picked":"Leap","floor":1},{"not_picked":["Hologram","Beam Cell"],"picked":"Genetic Algorithm","floor":3},{"not_picked":["Stack","Turbo"],"picked":"Redo","floor":4},{"not_picked":["Hologram","Capacitor"],"picked":"Sweeping Beam","floor":5},{"not_picked":["Leap","Static Discharge"],"picked":"Undo","floor":11},{"not_picked":["Chill","BootSequence"],"picked":"Turbo","floor":12},{"not_picked":["Undo","Auto Shields"],"picked":"Echo Form","floor":13},{"not_picked":["Sweeping Beam","Steam Power"],"picked":"Hologram","floor":14},{"not_picked":["Reboot","Buffer"],"picked":"Meteor Strike","floor":16},{"not_picked":["Rebound","Steam+1"],"picked":"Doom and Gloom+1","floor":18},{"not_picked":["Stack","Coolheaded","Go for the Eyes"],"picked":"SKIP","floor":19},{"not_picked":["Sweeping Beam+1","Go for the Eyes+1"],"picked":"Conserve Battery+1","floor":20},{"not_picked":["Hologram","Steam Power+1"],"picked":"Double Energy","floor":22}],"player_experience":601547,"relics_obtained":[{"floor":2,"key":"Whetstone"},{"floor":7,"key":"Mercury Hourglass"},{"floor":9,"key":"Tiny Chest"},{"floor":13,"key":"Emotion Chip"}],"event_choices":[{"damage_healed":0,"gold_gain":0,"player_choice":"Entered Light","damage_taken":15,"max_hp_gain":0,"max_hp_loss":0,"event_name":"Shining Light","floor":8,"gold_loss":0,"cards_upgraded":["Zap","Strike_B"]},{"damage_healed":0,"gold_gain":0,"player_choice":"Read","damage_taken":0,"max_hp_gain":0,"max_hp_loss":0,"event_name":"The Library","floor":21,"gold_loss":0,"cards_obtained":["Darkness"]}],"is_beta":false,"boss_relics":[{"not_picked":["Runic Pyramid","Tiny House"],"picked":"Cursed Key"}],"items_purged_floors":[],"is_endless":false,"potions_floor_spawned":[3,4,11,20],"killed_by":"Book of Stabbing","ascension_level":7}}