{"host":"3srbdas3e7jgqz5l","time":1608328998,"event":{"mods":["BaseMod","Downfall","Minty Spire (QoL Compilation)","StSLib"],"gold_per_floor":[99,158,185,185,185,201,283,313,238,263,277,277,277,290,302,406,406,331,364,377,449,449,460,460,460,488,488,505,518,537,1,16,118,118,118,129,156,170,180,180,203,228,1,1,20,20,70,70,89,89],"floor_reached":51,"playtime":2500,"items_purged":["Slimebound:Strike_Slimebound","Slimebound:Strike_Slimebound"],"score":937,"play_id":"a9cc5ba1-d970-480b-9934-208eebe51dc0","local_time":"20201218220318","is_ascension_mode":true,"campfire_choices":[{"floor":1,"key":"RECALL"},{"data":"Slimebound:SlimeBarrage","floor":9,"key":"SMITH"},{"data":"Slimebound:Split","floor":18,"key":"SMITH"},{"data":"Slimebound:MinionMaster","floor":25,"key":"SMITH"},{"floor":27,"key":"REST"},{"data":"Slimebound:Teamwork","floor":35,"key":"SMITH"},{"data":"Slimebound:LevelUp","floor":44,"key":"SMITH"}],"circlet_count":0,"master_deck":["Slimebound:Tackle","Slimebound:Defend_Slimebound","Slimebound:Defend_Slimebound","Slimebound:Defend_Slimebound","Slimebound:Defend_Slimebound","Slimebound:Split+1","Slimebound:CorrosiveSpit","Slimebound:ForwardTackle","Slimebound:OneTwoCombo","Slimebound:SplitBruiser","Slimebound:SlimeBarrage+1","Slimebound:SplitBruiser","Slimebound:Teamwork+1","Slimebound:Dissolve+1","Slimebound:Split+1","Slimebound:SlimeSpikes","Slimebound:TagTeam","Slimebound:MegaLick","Slimebound:MinionMaster+1","Slimebound:SplitBruiser+1","Slimebound:ProtectTheBoss","Slimebound:RejuvenatingLick+1","Slimebound:LevelUp+1","Slimebound:MassFeed","Slimebound:SplitSpecialist+1","Slimebound:TagTeam","Slimebound:RejuvenatingLick+1","Slimebound:RejuvenatingLick+1","Slimebound:SplitLeeching+1","Slimebound:Darklings+1","Slimebound:Prepare+1"],"relics":["Slimebound:AbsorbEndCombat","downfall:HeartsMalice","Centennial Puzzle","The Courier","Pantograph","Tiny Chest","downfall:HeartBlessingRed","Dream Catcher","Black Star","downfall:HeartBlessingGreen","Nunchaku","Slimebound:SlimedSkullRelic","Eternal Feather","Letter Opener","Toxic Egg 2","Pocketwatch","Slimebound:SlimedTailRelic","Anchor","Coffee Dripper","War Paint","Slimebound:AggressiveSlimeRelic","Art of War","PreservedInsect","Darkstone Periapt","Meat on the Bone","Membership Card","Orichalcum","Girya","FossilizedHelix"],"acts_visited":["Exordium","TheCity","TheBeyond"],"potions_floor_usage":[29,30,30,37,42,50,50],"damage_taken":[{"damage":0,"enemies":"Lagavulin Event","floor":2,"turns":1},{"damage":0,"enemies":"3 Sentries","floor":3,"turns":1},{"damage":0,"enemies":"2 Louse","floor":5,"turns":1},{"damage":10,"enemies":"Jaw Worm","floor":6,"turns":2},{"damage":30,"enemies":"Gremlin Nob","floor":8,"turns":3},{"damage":25,"enemies":"Lagavulin","floor":10,"turns":3},{"damage":8,"enemies":"Cultist","floor":11,"turns":1},{"damage":12,"enemies":"2 Fungi Beasts","floor":14,"turns":1},{"damage":16,"enemies":"Exordium Thugs","floor":15,"turns":2},{"damage":34,"enemies":"downfall:Watcher","floor":16,"turns":5},{"damage":41,"enemies":"Book of Stabbing","floor":19,"turns":4},{"damage":8,"enemies":"Spheric Guardian","floor":20,"turns":2},{"damage":43,"enemies":"Centurion and Healer","floor":23,"turns":3},{"damage":41,"enemies":"Gremlin Leader","floor":26,"turns":4},{"damage":17,"enemies":"Sentry and Sphere","floor":28,"turns":3},{"damage":30,"enemies":"Snake Plant","floor":29,"turns":2},{"damage":25,"enemies":"Centurion and Healer","floor":30,"turns":4},{"damage":24,"enemies":"downfall:FleeingMerchant","floor":31,"turns":4},{"damage":16,"enemies":"Shelled Parasite and Fungi","floor":32,"turns":2},{"damage":41,"enemies":"downfall:Defect","floor":33,"turns":4},{"damage":19,"enemies":"downfall:FleeingMerchant","floor":36,"turns":3},{"damage":32,"enemies":"Reptomancer","floor":37,"turns":4},{"damage":20,"enemies":"3 Shapes","floor":38,"turns":3},{"damage":16,"enemies":"Orb Walker","floor":39,"turns":2},{"damage":36,"enemies":"Nemesis","floor":42,"turns":3},{"damage":39,"enemies":"Maw","floor":45,"turns":3},{"damage":16,"enemies":"Mind Bloom Boss Battle","floor":47,"turns":3},{"damage":16,"enemies":"Sphere and 2 Shapes","floor":49,"turns":2},{"damage":50,"enemies":"downfall:Ironclad","floor":50,"turns":5}],"seed_played":"-82550002003527413","potions_obtained":[{"floor":2,"key":"Swift Potion"},{"floor":3,"key":"hexamod:EctoCoolerPotion"},{"floor":4,"key":"Strength Potion"},{"floor":4,"key":"EntropicBrew"},{"floor":32,"key":"GamblersBrew"},{"floor":37,"key":"sneckomod:MuddlingPotion"},{"floor":45,"key":"hexamod:EctoCoolerPotion"}],"is_trial":false,"path_per_floor":["R","?","E","?","M","M","T","E","R","E","M","?","?","M","M","B",null,"R","E","M","T","?","M","T","R","E","R","M","M","M","$","M","B",null,"R","$","E","M","M","?","T","E","$","R","M","T","?","?","M","B",null],"character_chosen":"SLIMEBOUND","items_purchased":["Slimebound:SlimedTailRelic","Anchor","Slimebound:MassFeed","Slimebound:SplitSpecialist+1","Slimebound:RejuvenatingLick+1","Slimebound:RejuvenatingLick+1","War Paint","Membership Card","Orichalcum"],"campfire_rested":1,"item_purchase_floors":[31,31,31,31,36,36,36,43,43],"current_hp_per_floor":[60,60,60,60,60,58,58,38,38,25,25,25,25,27,27,36,60,60,39,39,39,39,20,20,32,17,47,44,30,31,37,48,38,63,63,56,58,61,59,59,59,56,56,66,66,66,66,66,64,54],"gold":89,"neow_bonus":"THREE_ENEMY_KILL","is_daily":false,"chose_seed":false,"campfire_upgraded":5,"win_rate":0.0,"timestamp":1608328998,"path_taken":["R","?","E","?","M","?","T","E","R","E","M","?","?","?","M","BOSS","R","E","M","?","?","M","T","R","E","R","M","M","?","$","M","BOSS","R","$","E","M","M","?","T","E","$","R","M","?","?","?","M","BOSS"],"items_purchased_type":["Relic","Relic","Card","Card","Card","Card","Relic","Relic","Relic"],"build_version":"2020-12-13","purchased_purges":2,"victory":true,"max_hp_per_floor":[60,60,60,60,60,60,60,60,60,60,60,60,60,60,60,60,60,60,60,60,60,60,60,60,60,60,60,60,60,60,60,63,63,63,63,63,63,63,63,63,63,66,66,66,66,66,66,66,66,66],"card_choices":[{"not_picked":["Slimebound:GoopSpray","Slimebound:Schlurp"],"picked":"Slimebound:ForwardTackle","floor":2},{"not_picked":["Slimebound:SlimeSpikes","Slimebound:SplitAcid"],"picked":"Slimebound:OneTwoCombo","floor":3},{"not_picked":["Slimebound:SamplingLick","Slimebound:LeadByExample"],"picked":"Slimebound:SplitBruiser","floor":5},{"not_picked":["Slimebound:AcidTongue","Slimebound:SamplingLick"],"picked":"Slimebound:SlimeBarrage","floor":6},{"not_picked":["Slimebound:SplitMire","Slimebound:GrowthPunch"],"picked":"Slimebound:SplitBruiser","floor":8},{"not_picked":["Slimebound:LeechEnergy","Slimebound:LivingWall"],"picked":"Slimebound:Teamwork","floor":10},{"not_picked":["Slimebound:SplitAcid","Slimebound:FlameTackle","Slimebound:HungryTackle"],"picked":"SKIP","floor":11},{"not_picked":["Slimebound:GoopTackle","Slimebound:GrowthPunch","Slimebound:SamplingLick"],"picked":"SKIP","floor":14},{"not_picked":["Slimebound:SamplingLick","Slimebound:SplitBruiser"],"picked":"Slimebound:SlimeSpikes","floor":15},{"not_picked":["Slimebound:CheckThePlaybook","Slimebound:PrepareCrush"],"picked":"Slimebound:TagTeam","floor":16},{"not_picked":["Slimebound:FlameTackle","Slimebound:PressTheAttack"],"picked":"Slimebound:MegaLick","floor":19},{"not_picked":["Slimebound:SpikyOuterGoop","Slimebound:GoopSpray","Slimebound:SplitMire+1"],"picked":"SKIP","floor":20},{"not_picked":["Slimebound:ForwardTackle","Slimebound:SamplingLick+1"],"picked":"Slimebound:MinionMaster","floor":23},{"not_picked":["Slimebound:RollThrough","Slimebound:Chomp"],"picked":"Slimebound:SplitBruiser+1","floor":26},{"not_picked":["Slimebound:FlameTackle","Slimebound:ViciousTackle"],"picked":"Slimebound:ProtectTheBoss","floor":27},{"not_picked":["Slimebound:SplitAcid+1","Slimebound:LeechingTouch+1","Slimebound:ComboTackle+1"],"picked":"SKIP","floor":28},{"not_picked":["Slimebound:SplitAcid+1","Slimebound:LeechingTouch+1","Slimebound:ComboTackle+1"],"picked":"SKIP","floor":28},{"not_picked":["Slimebound:LeechEnergy","Slimebound:SlimeBarrage"],"picked":"Slimebound:RejuvenatingLick+1","floor":29},{"not_picked":["Slimebound:SplitMire+1","Slimebound:SplitAcid+1"],"picked":"Slimebound:LevelUp","floor":30},{"not_picked":["Slimebound:ViciousTackle","Slimebound:DivideAndConquer+1","Slimebound:PressTheAttack"],"picked":"SKIP","floor":31},{"not_picked":["Slimebound:LeechEnergy+1","Slimebound:DivideAndConquer+1","Slimebound:HungryTackle+1"],"picked":"SKIP","floor":32},{"not_picked":["Slimebound:LeechLife","Slimebound:Recycling"],"picked":"Slimebound:TagTeam","floor":33},{"not_picked":["Slimebound:ViciousTackle","Slimebound:FirmFortitude","Slimebound:DouseInSlime+1"],"picked":"SKIP","floor":36},{"not_picked":["Slimebound:DivideAndConquer+1","Slimebound:SelfFormingGoo","Slimebound:BestDefense"],"picked":"SKIP","floor":37},{"not_picked":["Slimebound:Schlurp+1","Slimebound:ServeAndProtect+1","Slimebound:SlimeBarrage"],"picked":"SKIP","floor":38},{"not_picked":["Slimebound:SlimeBarrage","Slimebound:TongueLash"],"picked":"Slimebound:SplitLeeching+1","floor":39},{"not_picked":["Slimebound:ComboTackle","Slimebound:ViciousTackle+1","Slimebound:ForwardTackle"],"picked":"SKIP","floor":42},{"not_picked":["Slimebound:Grow","Slimebound:GoopSpray+1","Slimebound:Chomp"],"picked":"SKIP","floor":45},{"not_picked":["Slimebound:PressTheAttack","Slimebound:ComboTackle"],"picked":"Slimebound:Prepare+1","floor":49}],"player_experience":452738,"relics_obtained":[{"floor":2,"key":"Centennial Puzzle"},{"floor":3,"key":"The Courier"},{"floor":7,"key":"Pantograph"},{"floor":8,"key":"Tiny Chest"},{"floor":10,"key":"Dream Catcher"},{"floor":19,"key":"Nunchaku"},{"floor":19,"key":"Slimebound:SlimedSkullRelic"},{"floor":21,"key":"Eternal Feather"},{"floor":24,"key":"Letter Opener"},{"floor":26,"key":"Toxic Egg 2"},{"floor":26,"key":"Pocketwatch"},{"floor":37,"key":"Slimebound:AggressiveSlimeRelic"},{"floor":37,"key":"Art of War"},{"floor":41,"key":"PreservedInsect"},{"floor":42,"key":"Darkstone Periapt"},{"floor":42,"key":"Meat on the Bone"},{"floor":46,"key":"Girya"},{"floor":47,"key":"FossilizedHelix"}],"event_choices":[{"damage_healed":0,"gold_gain":0,"player_choice":"Got Potions","damage_taken":0,"max_hp_gain":0,"max_hp_loss":0,"event_name":"Lab","floor":4,"gold_loss":0},{"cards_removed":["Slimebound:Strike_Slimebound"],"damage_healed":0,"gold_gain":0,"player_choice":"Card Removal","damage_taken":0,"max_hp_gain":0,"max_hp_loss":0,"event_name":"The Cleric","floor":12,"gold_loss":0},{"damage_healed":0,"gold_gain":0,"player_choice":"Ignored","damage_taken":0,"max_hp_gain":0,"max_hp_loss":0,"event_name":"Vampires","floor":22,"gold_loss":0}],"is_beta":false,"boss_relics":[{"not_picked":["Slimebound:AbsorbEndCombatUpgraded","Calling Bell"],"picked":"Black Star"},{"not_picked":["Philosopher\u0027s Stone","Astrolabe"],"picked":"Coffee Dripper"}],"items_purged_floors":[36,43],"is_endless":false,"potions_floor_spawned":[2,3,8,19,20,28,32,33,37,38,45,49],"ascension_level":2}}