{"host":"Limoen","time":1608286562,"event":{"mods":["Aspiration","BaseMod","CCEM","Colored Powertips","Conspire","Downfall","Halation","Hubris","Infinite Spire","Mimic Mod","Minty Spire (QoL Compilation)","Quick Restart","RatMod","Relic Sorter","Replay The Spire","Spicy Shops","Spikes Relics","StSLib","The Blue Laboratory","Trackpad","vexMod"],"gold_per_floor":[116,116,116,130,1,30,30,30,68,68,86,61,80,94,94,198,198,215,215,215,234,333,333,362,388,388,406,435,435,468,514,514,618,618,637,63,0,0,49,49,86,127,152,177,205,232,251,272,299,404,404,399,399],"floor_reached":52,"playtime":2029,"items_purged":[],"score":763,"play_id":"f8ff8e8c-3730-43b8-b873-75c61fc6c9e3","local_time":"20201218111602","is_ascension_mode":false,"campfire_choices":[{"data":"Slimebound:GoopSpray","floor":7,"key":"SMITH"},{"floor":10,"key":"REST"},{"data":"Slimebound:DouseInSlime","floor":15,"key":"SMITH"},{"floor":23,"key":"REST"},{"floor":29,"key":"REST"},{"floor":32,"key":"DIG"},{"data":"expansioncontent:ManipulateTime","floor":40,"key":"SMITH"}],"circlet_count":0,"master_deck":["Slimebound:Strike_Slimebound","Slimebound:Strike_Slimebound+1","Slimebound:Strike_Slimebound","Slimebound:Tackle","Slimebound:Defend_Slimebound+1","Slimebound:Defend_Slimebound","Slimebound:Defend_Slimebound","Slimebound:Defend_Slimebound","Slimebound:Split+1","Slimebound:CorrosiveSpit","Slimebound:SplitMire","Slimebound:GoopSpray+1","Slimebound:SlimeTap+1","Slimebound:DouseInSlime+1","Slimebound:Equalize","Slimebound:SplitLeeching","Slimebound:RejuvenatingLick","Slimebound:MassFeed+1","Slimebound:GoopSpray+1","Slimebound:SamplingLick+1","Slimebound:Repurpose","Slimebound:OozeBath+1","Slimebound:LeechEnergy","Slimebound:OozeBath+1","Slimebound:GoopSpray+1","Slimebound:MinionMaster+1","Slimebound:FinishingTackle+1","Slimebound:MegaLick+1","expansioncontent:ManipulateTime+1","Slimebound:Equalize","Slimebound:LevelUp","Slimebound:Replication+1","Slimebound:GoopSpray","Slimebound:SamplingLick+1","Slimebound:MegaLick","Slimebound:HauntingLick+1","Normality","sneckomod:Bewildered","Slimebound:OneTwoCombo"],"relics":["Slimebound:AbsorbEndCombat","Slimebound:AggressiveSlimeRelic","aspiration:Lifesprig","vexMod:BarristanHead","Replay:Rubber Ducky","ChewingGum","aspiration:HatOfInfinitePower","Enchiridion","trackpad:PetRock","hubris:AstralHammer","hubris:MedicalManual","Boot","Tiny Chest","SpikesRelics:DaevaFist","hubris:GlazedTorus","vexMod:ImprovementManual","vexMod:CardConverter","CeramicFish","Red Mask","hubris:Towel","trackpad:WritersBlock","Gremlin Horn","CCEMRelics:WhiteRose","ReplayFunnel","Ring of Chaos"],"acts_visited":["Exordium","TheCity","TheBeyond","Exordium"],"potions_floor_usage":[16,30,45],"damage_taken":[{"damage":28,"enemies":"Small Slimes","floor":1,"turns":3},{"damage":16,"enemies":"conspire:RoseBush","floor":4,"turns":2},{"damage":32,"enemies":"Replay:BlueRogue","floor":6,"turns":4},{"damage":19,"enemies":"2 Louse","floor":9,"turns":3},{"damage":18,"enemies":"2 Louse","floor":11,"turns":2},{"damage":21,"enemies":"Blue Slaver","floor":13,"turns":3},{"damage":20,"enemies":"Large Slime","floor":14,"turns":4},{"damage":29,"enemies":"Slime Boss","floor":16,"turns":4},{"damage":37,"enemies":"2 Thieves","floor":18,"turns":3},{"damage":37,"enemies":"3 Byrds","floor":21,"turns":4},{"damage":20,"enemies":"conspire:Head Lice","floor":24,"turns":4},{"damage":42,"enemies":"Shelled Parasite and Fungi","floor":27,"turns":4},{"damage":37,"enemies":"conspire:SneckoGhost","floor":28,"turns":4},{"damage":32,"enemies":"Nightmare","floor":30,"turns":5},{"damage":68,"enemies":"hubris:MusketHawk","floor":33,"turns":7},{"damage":22,"enemies":"Orb Walker","floor":35,"turns":3},{"damage":108,"enemies":"Nightmare","floor":41,"turns":7},{"damage":40,"enemies":"conspire:MimicChest","floor":42,"turns":4},{"damage":16,"enemies":"3 Shapes","floor":44,"turns":4},{"damage":31,"enemies":"Jaw Worm Horde","floor":45,"turns":3},{"damage":21,"enemies":"4 Shapes","floor":46,"turns":4},{"damage":16,"enemies":"Spire Growth","floor":47,"turns":4},{"damage":36,"enemies":"Maw","floor":48,"turns":6},{"damage":4,"enemies":"infinitespire:MassOfShapes","floor":50,"turns":1},{"damage":4,"enemies":"Cultist","floor":52,"turns":1}],"seed_played":"8917098114848445894","potions_obtained":[{"floor":1,"key":"Strength Potion"},{"floor":4,"key":"LiquidMemories"},{"floor":13,"key":"FairyPotion"},{"floor":21,"key":"blueLaboratory:NullPotion"},{"floor":33,"key":"FearPotion"},{"floor":35,"key":"blueLaboratory:BottleOfRum"},{"floor":44,"key":"Toxic Potion"},{"floor":46,"key":"FearPotion"},{"floor":48,"key":"blueLaboratory:Moonshine"},{"floor":50,"key":"sneckomod:MuddlingPotion"}],"is_trial":false,"path_per_floor":["M","?","?","M","$","E","R","?","MIM","R","M","?","M","M","R","B",null,"M","AVR","?","M","?","R","E","?","T","M","E","R","NM","T","R","B",null,"M","$","?","?","T","R","NM","?","T","M","M","M","M","M","R","B",null,"M"],"character_chosen":"SLIMEBOUND","items_purchased":["aspiration:Lifesprig","blueLaboratory:BottleOfVodka","vexMod:CardConverter","Slimebound:MegaLick+1","expansioncontent:ManipulateTime","Slimebound:SlimyTonguePotion","CeramicFish"],"campfire_rested":3,"item_purchase_floors":[5,5,36,36,36,36,36],"current_hp_per_floor":[44,44,44,48,48,40,40,28,33,51,53,53,52,60,60,55,60,50,50,34,33,33,51,60,36,36,36,35,53,44,44,44,31,60,50,54,54,54,54,54,29,52,52,70,63,82,88,90,96,98,98,94,94],"gold":399,"neow_bonus":"RANDOM_COMMON_RELIC","is_daily":false,"chose_seed":false,"campfire_upgraded":3,"win_rate":0.0,"timestamp":1608286562,"path_taken":["M","?","?","M","$","E","R","?","MIM","R","M","?","M","?","R","BOSS","M","AVR","?","M","?","R","E","?","T","M","E","R","NM","?","R","BOSS","M","$","?","?","?","R","NM","?","T","M","M","M","?","M","R","BOSS","M"],"items_purchased_type":["Relic","Potion","Relic","Card","Card","Potion","Relic"],"build_version":"2020-12-17","purchased_purges":0,"victory":false,"max_hp_per_floor":[60,60,60,60,60,60,60,60,60,60,60,60,60,60,60,60,60,60,60,60,60,60,60,60,60,60,60,60,60,60,60,60,60,60,60,64,64,64,64,64,66,68,68,70,80,86,88,90,96,98,98,98,98],"card_choices":[{"not_picked":["Slimebound:SplitAcid","Slimebound:LivingWall"],"picked":"Slimebound:SplitMire","floor":1},{"not_picked":["Slimebound:GrowthPunch","Slimebound:SlimeBarrage"],"picked":"Slimebound:GoopSpray","floor":4},{"not_picked":["Slimebound:LeechingTouch","Slimebound:FlameTackle"],"picked":"Slimebound:SlimeTap","floor":6},{"not_picked":["Slimebound:FormOfPuddle","Slimebound:SamplingLick"],"picked":"Slimebound:DouseInSlime","floor":9},{"not_picked":["Slimebound:LeechEnergy","Slimebound:PressTheAttack"],"picked":"Slimebound:Equalize","floor":11},{"not_picked":["Slimebound:Grow","Slimebound:SamplingLick"],"picked":"Slimebound:SplitLeeching","floor":13},{"not_picked":["Slimebound:ComboTackle","Slimebound:GoopTackle"],"picked":"Slimebound:RejuvenatingLick","floor":14},{"not_picked":["Slimebound:DouseInSlime","Slimebound:MinionMaster"],"picked":"Slimebound:MassFeed","floor":16},{"not_picked":["Slimebound:ViciousTackle+1","Slimebound:Grow"],"picked":"Slimebound:GoopSpray","floor":18},{"not_picked":["Slimebound:SplitLeeching+1","Slimebound:ViciousTackle+1"],"picked":"Slimebound:SamplingLick+1","floor":21},{"not_picked":["Slimebound:PressTheAttack+1","Slimebound:Gluttony"],"picked":"Slimebound:Repurpose","floor":24},{"not_picked":["Slimebound:ForwardTackle","Slimebound:SplitBruiser"],"picked":"Slimebound:OozeBath","floor":25},{"not_picked":["Slimebound:ComboTackle","Slimebound:SlimeBrawl+1"],"picked":"Slimebound:LeechEnergy","floor":27},{"not_picked":["Slimebound:RallyTheTroops","Slimebound:Chomp+1"],"picked":"Slimebound:OozeBath","floor":28},{"not_picked":["Slimebound:SlimeSpikes","Slimebound:MassRepurpose"],"picked":"Slimebound:GoopSpray+1","floor":30},{"not_picked":["Slimebound:MassFeed","Slimebound:DuplicatedForm"],"picked":"Slimebound:MinionMaster","floor":33},{"not_picked":["Slimebound:ForwardTackle+1","Slimebound:RejuvenatingLick"],"picked":"Slimebound:FinishingTackle+1","floor":35},{"not_picked":["Slimebound:SelfFormingGoo","Slimebound:ProtectTheBoss+1"],"picked":"Slimebound:Equalize","floor":41},{"not_picked":["Slimebound:GrowthPunch+1","Slimebound:RollThrough"],"picked":"Slimebound:LevelUp","floor":42},{"not_picked":["Slimebound:BestDefense","Slimebound:SlimeSpikes"],"picked":"Slimebound:Replication+1","floor":44},{"not_picked":["Slimebound:SplitLeeching","Slimebound:Prepare"],"picked":"Slimebound:GoopSpray","floor":45},{"not_picked":["Slimebound:ComboTackle","Slimebound:SlimeBarrage+1"],"picked":"Slimebound:SamplingLick+1","floor":46},{"not_picked":["Slimebound:HauntingLick","Slimebound:GoopTackle"],"picked":"Slimebound:MegaLick","floor":47},{"not_picked":["Slimebound:SamplingLick","Slimebound:GrowthPunch"],"picked":"Slimebound:HauntingLick+1","floor":48},{"not_picked":["Replay:Fractal Strike","infinitespire:FinalStrike"],"picked":"infinitespire:SealOfDarkness+","floor":49},{"not_picked":["Slimebound:Overexert","Slimebound:SlimeSlap"],"picked":"Slimebound:OneTwoCombo","floor":50}],"player_experience":392389,"relics_obtained":[{"floor":6,"key":"vexMod:BarristanHead"},{"floor":9,"key":"Replay:Rubber Ducky"},{"floor":20,"key":"Enchiridion"},{"floor":24,"key":"trackpad:PetRock"},{"floor":25,"key":"hubris:AstralHammer"},{"floor":26,"key":"hubris:MedicalManual"},{"floor":28,"key":"Boot"},{"floor":30,"key":"Tiny Chest"},{"floor":31,"key":"SpikesRelics:DaevaFist"},{"floor":32,"key":"hubris:GlazedTorus"},{"floor":39,"key":"trackpad:WritersBlock"},{"floor":41,"key":"Gremlin Horn"},{"floor":42,"key":"CCEMRelics:WhiteRose"},{"floor":43,"key":"ReplayFunnel"}],"event_choices":[{"damage_healed":0,"gold_gain":0,"player_choice":"Entered Light","damage_taken":12,"max_hp_gain":0,"max_hp_loss":0,"event_name":"Shining Light","floor":8,"gold_loss":0,"cards_upgraded":["Slimebound:Defend_Slimebound","Slimebound:SlimeTap"]},{"damage_healed":0,"gold_gain":0,"player_choice":"Obtained Book","damage_taken":16,"max_hp_gain":0,"max_hp_loss":0,"event_name":"Cursed Tome","floor":20,"gold_loss":0},{"damage_healed":0,"gold_gain":99,"player_choice":"Stole From Cult","damage_taken":0,"max_hp_gain":0,"max_hp_loss":0,"event_name":"Nest","floor":22,"gold_loss":0},{"damage_healed":0,"gold_gain":0,"player_choice":"Paid","damage_taken":0,"relics_obtained":["Red Mask"],"max_hp_gain":0,"max_hp_loss":0,"event_name":"Tomb of Lord Red Mask","floor":37,"gold_loss":63}],"is_beta":true,"boss_relics":[{"not_picked":["vexMod:DeviousBotling","hubris:VirtuousBlindfold"],"picked":"ChewingGum"},{"not_picked":["conspire:SpecialSausage","trackpad:StolenKidneys"],"picked":"vexMod:ImprovementManual"},{"not_picked":["halation:MonkeysPaw","vexMod:TanglingVine"],"picked":"Ring of Chaos"}],"items_purged_floors":[],"is_endless":true,"potions_floor_spawned":[1,4,13,21,24,33,35,44,46,48,50],"killed_by":"Cultist","ascension_level":0}}