{"host":"r6jigiblrojhp6xe","time":1608266061,"event":{"mods":["AchievementEnabler","BaseMod","DeckTracker","Minty Spire (QoL Compilation)","Quick Restart","Rare Cards Sparkle","Relic Stats","StSLib","SuperFastMode","everything is the same but u backflip on backflip"],"gold_per_floor":[116,41,55,55,14,14,49,49,76,76,56,69,84,110,110,187,187,203,218,229,34,46,46,77,77,124,142,154,154,181,192,192,269,269,284,284,296,306,306,306,332,332,332,332,352,362,93,111,111,111,111],"floor_reached":52,"playtime":1401,"items_purged":["Strike_P","ForeignInfluence"],"score":2143,"play_id":"88304cb6-9762-4ed2-a62c-6bc6983144eb","local_time":"20201218133421","is_ascension_mode":true,"campfire_choices":[{"data":"Eruption","floor":6.0,"key":"SMITH"},{"data":"SandsOfTime","floor":15.0,"key":"SMITH"},{"data":"MentalFortress","floor":23.0,"key":"SMITH"},{"data":"MentalFortress","floor":25.0,"key":"SMITH"},{"data":"Scrawl","floor":32.0,"key":"SMITH"},{"data":"Adaptation","floor":40.0,"key":"SMITH"},{"data":"TalkToTheHand","floor":42.0,"key":"SMITH"},{"data":"Consecrate","floor":49.0,"key":"SMITH"}],"circlet_count":0,"master_deck":["AscendersBane","Eruption+1","Vigilance","Tantrum+1","Consecrate+1","CarveReality","SandsOfTime+1","Judgement+1","MentalFortress+1","Vengeance+1","Halt+1","FearNoEvil","MentalFortress+1","Adaptation+1","Scrawl+1","TalkToTheHand+1","LessonLearned","FollowUp+1","Indignation+1","FollowUp+1","JustLucky","FollowUp","Adaptation+1","Finesse","FearNoEvil+1","EmptyFist+1"],"relics":["PureWater","NeowsBlessing","Nunchaku","Orichalcum","Singing Bowl","HornCleat","Sozu","Mummified Hand","Regal Pillow","Gremlin Horn","Pandora\u0027s Box","Darkstone Periapt","Molten Egg 2","Lee\u0027s Waffle"],"acts_visited":["Exordium","TheCity","TheBeyond"],"potions_floor_usage":[],"damage_taken":[{"damage":0.0,"enemies":"Jaw Worm","floor":1.0,"turns":1.0},{"damage":0.0,"enemies":"2 Louse","floor":3.0,"turns":1.0},{"damage":0.0,"enemies":"Gremlin Nob","floor":7.0,"turns":1.0},{"damage":4.0,"enemies":"Small Slimes","floor":12.0,"turns":3.0},{"damage":18.0,"enemies":"Exordium Thugs","floor":13.0,"turns":3.0},{"damage":0.0,"enemies":"Lagavulin","floor":14.0,"turns":4.0},{"damage":16.0,"enemies":"The Guardian","floor":16.0,"turns":8.0},{"damage":16.0,"enemies":"2 Thieves","floor":18.0,"turns":2.0},{"damage":0.0,"enemies":"Chosen","floor":19.0,"turns":3.0},{"damage":0.0,"enemies":"Snecko","floor":20.0,"turns":2.0},{"damage":0.0,"enemies":"Snake Plant","floor":22.0,"turns":1.0},{"damage":2.0,"enemies":"Gremlin Leader","floor":24.0,"turns":4.0},{"damage":0.0,"enemies":"Cultist and Chosen","floor":27.0,"turns":3.0},{"damage":6.0,"enemies":"Snecko","floor":28.0,"turns":4.0},{"damage":9.0,"enemies":"Book of Stabbing","floor":30.0,"turns":4.0},{"damage":0.0,"enemies":"Centurion and Healer","floor":31.0,"turns":2.0},{"damage":16.0,"enemies":"Collector","floor":33.0,"turns":6.0},{"damage":23.0,"enemies":"3 Darklings","floor":35.0,"turns":4.0},{"damage":0.0,"enemies":"3 Shapes","floor":37.0,"turns":1.0},{"damage":0.0,"enemies":"Transient","floor":38.0,"turns":6.0},{"damage":8.0,"enemies":"Reptomancer","floor":41.0,"turns":5.0},{"damage":0.0,"enemies":"Jaw Worm Horde","floor":45.0,"turns":1.0},{"damage":18.0,"enemies":"3 Darklings","floor":46.0,"turns":2.0},{"damage":0.0,"enemies":"Maw","floor":48.0,"turns":4.0},{"damage":62.0,"enemies":"Awakened One","floor":50.0,"turns":6.0},{"damage":0,"enemies":"Donu and Deca","floor":51,"turns":3}],"seed_played":"6798964046853402926","potions_obtained":[{"floor":11.0,"key":"StancePotion"},{"floor":12.0,"key":"BottledMiracle"},{"floor":14.0,"key":"Weak Potion"},{"floor":16.0,"key":"DuplicationPotion"}],"is_trial":false,"path_per_floor":["M","?","M","?","$","R","E","$","T","T","?","M","M","E","R","B",null,"M","M","M","$","M","R","E","R","T","M","M","?","E","M","R","B",null,"M","?","M","M","?","R","E","R","T","?","M","M","$","M","R","B","B",null],"character_chosen":"WATCHER","items_purchased":["CarveReality","FearNoEvil","MentalFortress","Lee\u0027s Waffle"],"campfire_rested":0,"item_purchase_floors":[5,21,21,47],"current_hp_per_floor":[61,61,61,41,41,41,41,41,41,41,41,39,23,25,25,9,58,42,42,42,42,44,44,44,44,44,44,38,38,29,31,31,15,64,41,41,43,45,45,45,39,39,39,39,41,25,97,97,97,35,35],"gold":111,"neow_bonus":"THREE_ENEMY_KILL","is_daily":false,"chose_seed":false,"campfire_upgraded":8,"win_rate":0.0,"timestamp":1608266061,"path_taken":["M","?","M","?","?","R","E","?","T","?","?","M","M","E","R","BOSS","M","?","M","$","M","R","E","R","T","M","M","?","E","M","R","BOSS","M","?","M","M","?","R","E","R","T","?","M","M","$","M","R","BOSS","BOSS"],"items_purchased_type":["Card","Card","Card","Relic"],"build_version":"2020-12-13","purchased_purges":2,"victory":true,"max_hp_per_floor":[68,68,68,68,68,68,68,68,68,68,68,70,72,74,74,74,74,74,74,74,74,76,76,78,78,78,78,78,78,78,80,80,80,80,80,80,82,84,84,84,86,86,86,86,88,90,97,97,97,97,97],"relic_stats":{"Sozu":5,"Darkstone Periapt":0,"Nunchaku":[28],"Regal Pillow":0,"Lee\u0027s Waffle":72,"Singing Bowl":22,"Gremlin Horn":[19,20],"counters":[26,84],"Mummified Hand":[58],"Pandora\u0027s Box":["FollowUp","Indignation","FollowUp","JustLucky","ForeignInfluence","FollowUp"],"Orichalcum":[66],"obtain_stats":[{"Darkstone Periapt":41,"Regal Pillow":26,"Lee\u0027s Waffle":47,"NeowsBlessing":0,"Singing Bowl":10,"Gremlin Horn":30,"Orichalcum":9,"Sozu":17,"Nunchaku":7,"HornCleat":14,"Mummified Hand":24,"Pandora\u0027s Box":34,"Molten Egg 2":43,"PureWater":0},{"Darkstone Periapt":21,"Regal Pillow":12,"Lee\u0027s Waffle":23,"NeowsBlessing":0,"Singing Bowl":3,"Gremlin Horn":15,"Orichalcum":3,"Sozu":7,"Nunchaku":3,"HornCleat":6,"Mummified Hand":12,"Pandora\u0027s Box":17,"Molten Egg 2":21,"PureWater":0},{"Darkstone Periapt":68,"Regal Pillow":33,"Lee\u0027s Waffle":71,"NeowsBlessing":0,"Singing Bowl":3,"Gremlin Horn":44,"Orichalcum":3,"Sozu":21,"Nunchaku":3,"HornCleat":13,"Mummified Hand":33,"Pandora\u0027s Box":52,"Molten Egg 2":68,"PureWater":0}]},"card_choices":[{"not_picked":["Prostrate","Protect"],"picked":"Tantrum","floor":1.0},{"not_picked":["CrushJoints","FlurryOfBlows"],"picked":"Consecrate","floor":3.0},{"not_picked":["Establishment","FlurryOfBlows"],"picked":"SandsOfTime","floor":7.0},{"not_picked":["SashWhip","Evaluate","Conclude"],"picked":"Singing Bowl","floor":12.0},{"not_picked":["ForeignInfluence","Protect","CrushJoints"],"picked":"Singing Bowl","floor":13.0},{"not_picked":["FlyingSleeves","CarveReality","Sanctity"],"picked":"Singing Bowl","floor":14.0},{"not_picked":["Alpha","Blasphemy"],"picked":"Judgement","floor":16.0},{"not_picked":["JustLucky","CutThroughFate+1"],"picked":"MentalFortress","floor":18.0},{"not_picked":["CrushJoints","Crescendo"],"picked":"Vengeance+1","floor":19.0},{"not_picked":["Evaluate","BowlingBash"],"picked":"Halt+1","floor":20.0},{"not_picked":["Consecrate","EmptyBody","Prostrate"],"picked":"Singing Bowl","floor":22.0},{"not_picked":["PathToVictory","CrushJoints","Crescendo"],"picked":"Singing Bowl","floor":24.0},{"not_picked":["FollowUp","Worship+1"],"picked":"Adaptation+1","floor":27.0},{"not_picked":["Crescendo","Wallop"],"picked":"Scrawl","floor":28.0},{"not_picked":["Consecrate+1","PathToVictory"],"picked":"TalkToTheHand","floor":30.0},{"not_picked":["Study","ThirdEye","PathToVictory"],"picked":"Singing Bowl","floor":31.0},{"not_picked":["DevaForm","Scrawl"],"picked":"LessonLearned","floor":33.0},{"not_picked":["SashWhip+1","Sanctity"],"picked":"Adaptation","floor":35.0},{"not_picked":["PanicButton","Dramatic Entrance"],"picked":"Finesse","floor":36.0},{"not_picked":["LikeWater","Meditate","Fasting2"],"picked":"Singing Bowl","floor":37.0},{"not_picked":["WaveOfTheHand","Evaluate","FollowUp"],"picked":"Singing Bowl","floor":38.0},{"not_picked":["Weave+1","ForeignInfluence","WaveOfTheHand"],"picked":"Singing Bowl","floor":41.0},{"not_picked":["BowlingBash+1","Sanctity","ThirdEye+1"],"picked":"Singing Bowl","floor":45.0},{"not_picked":["ReachHeaven+1","ForeignInfluence","FlyingSleeves+1"],"picked":"Singing Bowl","floor":46.0},{"not_picked":["Evaluate","ClearTheMind"],"picked":"EmptyFist+1","floor":48.0}],"player_experience":501166,"relics_obtained":[{"floor":7.0,"key":"Nunchaku"},{"floor":9.0,"key":"Orichalcum"},{"floor":10.0,"key":"Singing Bowl"},{"floor":14.0,"key":"HornCleat"},{"floor":24.0,"key":"Mummified Hand"},{"floor":26.0,"key":"Regal Pillow"},{"floor":30.0,"key":"Gremlin Horn"},{"floor":41.0,"key":"Darkstone Periapt"},{"floor":43.0,"key":"Molten Egg 2"}],"event_choices":[{"cards_removed":["Defend_P"],"damage_healed":0.0,"max_hp_gain":0.0,"max_hp_loss":0.0,"gold_gain":0.0,"event_name":"The Cleric","player_choice":"Card Removal","floor":2.0,"gold_loss":75.0,"damage_taken":0.0},{"damage_healed":0.0,"max_hp_gain":0.0,"max_hp_loss":0.0,"gold_gain":0.0,"event_name":"Shining Light","player_choice":"Entered Light","floor":4.0,"gold_loss":0.0,"damage_taken":20.0,"cards_upgraded":["Strike_P","Tantrum"]},{"damage_healed":0.0,"max_hp_gain":0.0,"max_hp_loss":0.0,"gold_gain":0.0,"event_name":"The Woman in Blue","player_choice":"Bought 1 Potion","floor":11.0,"gold_loss":0.0,"damage_taken":0.0},{"damage_healed":0.0,"max_hp_gain":0.0,"max_hp_loss":0.0,"gold_gain":0.0,"event_name":"Vampires","player_choice":"Ignored","floor":29.0,"gold_loss":0.0,"damage_taken":0.0},{"damage_healed":0.0,"max_hp_gain":0.0,"max_hp_loss":0.0,"gold_gain":0.0,"event_name":"SensoryStone","player_choice":"Memory 1","floor":36.0,"gold_loss":0.0,"damage_taken":0.0},{"damage_healed":0.0,"max_hp_gain":0.0,"max_hp_loss":0.0,"gold_gain":0.0,"event_name":"Tomb of Lord Red Mask","player_choice":"Ignored","floor":39.0,"gold_loss":0.0,"damage_taken":0.0},{"damage_healed":0.0,"max_hp_gain":0.0,"max_hp_loss":0.0,"gold_gain":0.0,"event_name":"Duplicator","player_choice":"Copied","floor":44.0,"gold_loss":0.0,"damage_taken":0.0,"cards_obtained":["FearNoEvil"]}],"is_beta":false,"boss_relics":[{"not_picked":["Ectoplasm","SacredBark"],"picked":"Sozu"},{"not_picked":["Busted Crown","Velvet Choker"],"picked":"Pandora\u0027s Box"}],"items_purged_floors":[21,47],"is_endless":false,"potions_floor_spawned":[12,14,16,22,27,31,33,35,46,48],"ascension_level":20}}