{"host":"Teixeira","time":1608312731,"event":{"mods":["2.2 Compatiblity","Aspiration","BaseMod","Better Third Choice","Colored Map","Colored Powertips","Hermit","Minty Spire (QoL Compilation)","Permanent Neow","Rare Cards Sparkle","Relic Filter","Replay The Spire","Spicy Shops","StSLib","SuperFastMode"],"gold_per_floor":[112,130,205,144,160,160,195,240,240,240,262,296,122,147,147,250,250,269,288,23,122,122,122,133,163,163,163,198,198,47,60,60,158,158,178,188,188,147,147,177,193,243,243,243,52,52,87,87,87,87],"floor_reached":51,"playtime":2831,"items_purged":["Strike_G","Strike_G","Strike_G"],"score":1095,"play_id":"8dd27457-31b3-4a4c-8a02-7b9909e1b139","local_time":"20201218143211","is_ascension_mode":false,"campfire_choices":[{"data":"Terror","floor":6,"key":"SMITH"},{"data":"Blade Dance","floor":10,"key":"SMITH"},{"data":"Blade Dance","floor":15,"key":"SMITH"},{"data":"Choke","floor":23,"key":"SMITH"},{"data":"Crescendo","floor":27,"key":"SMITH"},{"floor":32,"key":"DIG"},{"data":"Neutralize","floor":44,"key":"SMITH"},{"data":"Deep Breath","floor":49,"key":"SMITH"}],"circlet_count":0,"master_deck":["Defend_G","Defend_G","Defend_G","Survivor","Neutralize+1","Backflip","Choke+1","Dagger Spray+1","Blade Dance+1","Blade Dance+1","Terror+1","Secret Technique+1","Crescendo+1","Deep Breath+1"],"relics":["Ring of the Snake","aspiration:Nostalgia","Replay:M_StaffOfTheSnake","aspiration:HummingbirdHeart","Blue Doll","aspiration:SeaSaltIceCream","aspiration:Nostalgia","hermit:Momento","Odd Mushroom","Centennial Puzzle","Juzu Bracelet","aspiration:WatcherSkillbook","Shuriken","Toolbox","Divine Protection","Torii","aspiration:DSix","Potion Belt","Bottled Flame","Replay:Drink Me","Thread and Needle","Eternal Feather","Counterbalance","Darkstone Periapt","Lantern","aspiration:HatOfInfinitePower","Regal Pillow"],"acts_visited":["Exordium","TheCity","TheBeyond"],"potions_floor_usage":[16,19,28,33,40,40,50,50,50],"damage_taken":[{"damage":0,"enemies":"2 Louse","floor":1,"turns":3},{"damage":0,"enemies":"Jaw Worm","floor":2,"turns":4},{"damage":0,"enemies":"Small Slimes","floor":5,"turns":1},{"damage":16,"enemies":"Lagavulin","floor":7,"turns":5},{"damage":0,"enemies":"The Mushroom Lair","floor":11,"turns":2},{"damage":3,"enemies":"Gremlin Nob","floor":12,"turns":3},{"damage":31,"enemies":"Slime Boss","floor":16,"turns":8},{"damage":2,"enemies":"Chosen","floor":18,"turns":3},{"damage":5,"enemies":"2 Thieves","floor":19,"turns":3},{"damage":4,"enemies":"Chosen and Byrds","floor":24,"turns":3},{"damage":13,"enemies":"Book of Stabbing","floor":25,"turns":3},{"damage":0,"enemies":"Gremlin Leader","floor":28,"turns":3},{"damage":0,"enemies":"3 Cultists","floor":31,"turns":3},{"damage":3,"enemies":"Pondfish","floor":33,"turns":7},{"damage":0,"enemies":"3 Darklings","floor":35,"turns":3},{"damage":1,"enemies":"Orb Walker","floor":36,"turns":3},{"damage":7,"enemies":"Giant Head","floor":40,"turns":3},{"damage":9,"enemies":"Writhing Mass","floor":41,"turns":3},{"damage":0,"enemies":"Mind Bloom Boss Battle","floor":42,"turns":4},{"damage":0,"enemies":"R_Hoarder","floor":47,"turns":3},{"damage":0,"enemies":"Donu and Deca","floor":50,"turns":4}],"seed_played":"-2342127246141578049","potions_obtained":[{"floor":2,"key":"LiquidBronze"},{"floor":8,"key":"Toxic Potion"},{"floor":8,"key":"EntropicBrew"},{"floor":12,"key":"Toxic Potion"},{"floor":16,"key":"Fire Potion"},{"floor":19,"key":"DistilledChaos"},{"floor":28,"key":"Swift Potion"},{"floor":40,"key":"FearPotion"}],"is_trial":false,"path_per_floor":["M","M","?","$","M","R","E","?","T","R","?","E","$","T","R","B",null,"M","M","$","?","?","R","M","E","T","R","E","?","$","M","R_BF","B",null,"M","M","?","$","?","E","M","?","T","R","$","?","E","?","R","B",null],"character_chosen":"THE_SILENT","items_purchased":["Blade Dance","Secret Technique+1","Shuriken","Toolbox","Potion Belt","Thread and Needle","Lantern","aspiration:HatOfInfinitePower"],"campfire_rested":0,"item_purchase_floors":[4,13,20,20,30,38,45,45],"current_hp_per_floor":[70,70,70,70,70,70,54,37,37,37,37,34,34,34,34,3,70,68,63,63,63,63,63,59,46,46,46,46,46,46,46,46,43,53,53,52,52,52,52,45,36,36,36,42,42,42,42,42,48,48],"gold":87,"neow_bonus":"NOSTALGIA","is_daily":false,"chose_seed":false,"campfire_upgraded":7,"win_rate":0.0,"timestamp":1608312731,"path_taken":["M","M","?","$","M","R","E","?","T","R","?","E","$","?","R","BOSS","M","M","$","?","?","R","M","E","T","R","E","?","$","M","R_BF","BOSS","M","M","?","$","?","E","M","?","T","R","$","?","E","?","R","BOSS"],"items_purchased_type":["Card","Card","Relic","Relic","Relic","Relic","Relic","Relic"],"build_version":"2020-11-17","purchased_purges":3,"victory":true,"max_hp_per_floor":[70,70,70,70,70,70,70,70,70,70,70,70,70,70,70,70,70,70,70,70,70,70,70,70,70,70,70,70,70,70,70,70,70,53,53,53,53,53,53,53,53,53,53,53,53,53,53,50,50,50],"card_choices":[{"not_picked":["Dagger Throw","JustLucky"],"picked":"Backflip","floor":1},{"not_picked":["Acrobatics","ThirdEye"],"picked":"Choke","floor":2},{"not_picked":["Dagger Spray","Caltrops"],"picked":"Terror","floor":5},{"not_picked":["Deadly Poison","Poisoned Stab","Well Laid Plans"],"picked":"SKIP","floor":7},{"not_picked":["CutThroughFate","Crescendo"],"picked":"Infinite Blades","floor":11},{"not_picked":["Bouncing Flask","Bullet Time","Reflex"],"picked":"SKIP","floor":12},{"not_picked":["Dagger Throw","Blade Dance","Flechettes","Flying Knee"],"picked":"SKIP","floor":18},{"not_picked":["Quick Slash","Vengeance","Replay:Anticipation","FlyingSleeves"],"picked":"SKIP","floor":19},{"not_picked":["Slice+1","Prepared","BattleHymn","Expertise+1"],"picked":"SKIP","floor":24},{"not_picked":["SpiritShield","Quick Slash","InnerPeace"],"picked":"Crescendo","floor":25},{"not_picked":["Consecrate","All Out Attack+1","WaveOfTheHand","Heel Hook"],"picked":"SKIP","floor":28},{"not_picked":["Flying Knee+1","Tantrum+1","BowlingBash","Protect"],"picked":"SKIP","floor":31},{"not_picked":["Flying Knee+1","Tantrum+1","BowlingBash","Protect"],"picked":"SKIP","floor":31},{"not_picked":["PathToVictory","CrushJoints+1","Replay:BluntJabs+1","Quick Slash+1"],"picked":"SKIP","floor":35},{"not_picked":["Replay:Battleflow","BowlingBash","FlurryOfBlows+1","Quick Slash+1"],"picked":"SKIP","floor":36},{"not_picked":["Doppelganger","Dagger Throw+1","Halt","Night Terror"],"picked":"SKIP","floor":40},{"not_picked":["EmptyBody+1","PiercingWail","Adaptation","CutThroughFate+1"],"picked":"SKIP","floor":41},{"not_picked":["Metamorphosis","Secret Weapon","Finesse"],"picked":"Deep Breath","floor":46},{"not_picked":["Prepared+1","Slice","FlyingSleeves","Prostrate+1"],"picked":"SKIP","floor":47}],"player_experience":11974,"relics_obtained":[{"floor":7,"key":"aspiration:HummingbirdHeart"},{"floor":8,"key":"Blue Doll"},{"floor":9,"key":"aspiration:SeaSaltIceCream"},{"floor":11,"key":"Odd Mushroom"},{"floor":12,"key":"Centennial Puzzle"},{"floor":14,"key":"Juzu Bracelet"},{"floor":25,"key":"Divine Protection"},{"floor":26,"key":"Torii"},{"floor":28,"key":"aspiration:DSix"},{"floor":32,"key":"Bottled Flame"},{"floor":40,"key":"Eternal Feather"},{"floor":42,"key":"Counterbalance"},{"floor":43,"key":"Darkstone Periapt"},{"floor":47,"key":"Regal Pillow"}],"event_choices":[{"damage_healed":0,"gold_gain":0,"player_choice":"Fought Mushrooms","damage_taken":0,"max_hp_gain":0,"max_hp_loss":0,"event_name":"Mushrooms","floor":11,"gold_loss":0},{"damage_healed":0,"gold_gain":99,"player_choice":"Steal","damage_taken":0,"max_hp_gain":0,"max_hp_loss":0,"event_name":"betterThird:BetterNest","floor":21,"gold_loss":0},{"damage_healed":0,"gold_gain":0,"player_choice":"Ignored","damage_taken":0,"max_hp_gain":0,"max_hp_loss":0,"event_name":"Ghosts","floor":22,"gold_loss":0},{"damage_healed":0,"gold_gain":0,"player_choice":"Ignored","damage_taken":0,"max_hp_gain":0,"max_hp_loss":0,"event_name":"Vampires","floor":29,"gold_loss":0},{"damage_healed":0,"gold_gain":0,"player_choice":"Ignored","damage_taken":0,"max_hp_gain":0,"max_hp_loss":0,"event_name":"Tomb of Lord Red Mask","floor":37,"gold_loss":0},{"cards_removed":["Infinite Blades"],"damage_healed":0,"gold_gain":0,"player_choice":"Removed Power","damage_taken":0,"max_hp_gain":0,"max_hp_loss":0,"event_name":"Falling","floor":39,"gold_loss":0},{"damage_healed":0,"gold_gain":0,"player_choice":"Fight","damage_taken":0,"max_hp_gain":0,"max_hp_loss":0,"event_name":"MindBloom","floor":42,"gold_loss":0},{"damage_healed":0,"gold_gain":0,"player_choice":"Memory 1","damage_taken":0,"max_hp_gain":0,"max_hp_loss":0,"event_name":"SensoryStone","floor":46,"gold_loss":0},{"damage_healed":0,"gold_gain":0,"player_choice":"Max HP","damage_taken":0,"max_hp_gain":0,"max_hp_loss":3,"event_name":"Winding Halls","floor":48,"gold_loss":0}],"is_beta":true,"boss_relics":[{"not_picked":["Fusion Hammer","Painkiller Herb"],"picked":"aspiration:WatcherSkillbook"},{"not_picked":["aspiration:RitualDagger","Replay:Wanted Poster"],"picked":"Replay:Drink Me"}],"items_purged_floors":[4,13,30],"is_endless":false,"potions_floor_spawned":[2,12,16,18,19,24,28,40,42],"ascension_level":0}}