{"host":"vin62evtek9meclw","time":1608271753,"event":{"mods":["BaseMod","Filter the Spire","Minty Spire (QoL Compilation)","Relic Stats","StSLib","ojb\u0027s Info Mod"],"gold_per_floor":[112,132,143,163,173,173,203,215,215,215,165,165,165,196,196,300,300,312,328,253,253,34,34,68,68,94,126,141,158,158,174,174,279,279,292,44,64,64,78,110,130,130,154,154,181,181,208,48,48,48,48,48,48,76,76],"floor_reached":56,"playtime":2589,"items_purged":["Reflex","Well Laid Plans+1"],"score":1332,"play_id":"547a8cd7-1b64-4741-baa4-9a82431d9bc3","local_time":"20201218000913","is_ascension_mode":false,"campfire_choices":[{"data":"Catalyst","floor":6,"key":"SMITH"},{"data":"Blade Dance","floor":10,"key":"SMITH"},{"floor":13,"key":"REST"},{"data":"Burst","floor":15,"key":"SMITH"},{"data":"Ghostly","floor":23,"key":"SMITH"},{"data":"Ghostly","floor":25,"key":"SMITH"},{"floor":32,"key":"REST"},{"floor":42,"key":"RECALL"},{"floor":44,"key":"REST"},{"floor":46,"key":"REST"},{"floor":49,"key":"REST"},{"floor":52,"key":"REST"}],"circlet_count":0,"master_deck":["Survivor","Neutralize+1","Blade Dance+1","Deadly Poison","Catalyst+1","Backflip","Bouncing Flask","Sucker Punch+1","Burst+1","Venomology","Corpse Explosion","Terror","Cloak And Dagger","Tactician","Storm of Steel","Acrobatics","Ghostly","Ghostly","Ghostly+1","Ghostly","Ghostly+1","Burst","Footwork+1","Malaise","PiercingWail","Sadistic Nature+1"],"relics":["Runic Pyramid","StoneCalendar","Kunai","Anchor","Pandora\u0027s Box","Toolbox","Gremlin Horn","Frozen Egg 2","Fusion Hammer","Whetstone","Akabeko","CeramicFish","Toy Ornithopter"],"acts_visited":["Exordium","TheCity","TheBeyond","TheEnding"],"potions_floor_usage":[5,7,14,18,19,27,27,27,31,33,35,37,40,41,45,55,55,55],"damage_taken":[{"damage":2,"enemies":"Cultist","floor":1,"turns":4},{"damage":2,"enemies":"Small Slimes","floor":2,"turns":4},{"damage":3,"enemies":"Jaw Worm","floor":3,"turns":3},{"damage":5,"enemies":"Looter","floor":4,"turns":3},{"damage":14,"enemies":"3 Louse","floor":5,"turns":3},{"damage":8,"enemies":"Gremlin Nob","floor":7,"turns":3},{"damage":11,"enemies":"Exordium Thugs","floor":8,"turns":6},{"damage":19,"enemies":"3 Sentries","floor":14,"turns":7},{"damage":1,"enemies":"Hexaghost","floor":16,"turns":5},{"damage":0,"enemies":"Chosen","floor":18,"turns":3},{"damage":13,"enemies":"3 Byrds","floor":19,"turns":4},{"damage":11,"enemies":"Book of Stabbing","floor":24,"turns":5},{"damage":0,"enemies":"Slavers","floor":27,"turns":3},{"damage":2,"enemies":"Snecko","floor":28,"turns":4},{"damage":2,"enemies":"Centurion and Healer","floor":29,"turns":4},{"damage":10,"enemies":"Cultist and Chosen","floor":31,"turns":5},{"damage":3,"enemies":"Champ","floor":33,"turns":8},{"damage":0,"enemies":"Orb Walker","floor":35,"turns":3},{"damage":4,"enemies":"3 Darklings","floor":37,"turns":3},{"damage":1,"enemies":"Sphere and 2 Shapes","floor":39,"turns":4},{"damage":3,"enemies":"Giant Head","floor":40,"turns":7},{"damage":2,"enemies":"Transient","floor":41,"turns":5},{"damage":0,"enemies":"Reptomancer","floor":45,"turns":5},{"damage":5,"enemies":"3 Darklings","floor":47,"turns":3},{"damage":15,"enemies":"Time Eater","floor":50,"turns":8},{"damage":2,"enemies":"Shield and Spear","floor":54,"turns":5},{"damage":34,"enemies":"The Heart","floor":55,"turns":8}],"seed_played":"6357433240764551278","potions_obtained":[{"floor":1,"key":"Weak Potion"},{"floor":2,"key":"DuplicationPotion"},{"floor":7,"key":"SteroidPotion"},{"floor":8,"key":"LiquidBronze"},{"floor":14,"key":"Block Potion"},{"floor":28,"key":"Strength Potion"},{"floor":29,"key":"Block Potion"},{"floor":33,"key":"EssenceOfSteel"},{"floor":35,"key":"AttackPotion"},{"floor":40,"key":"SteroidPotion"},{"floor":41,"key":"PowerPotion"},{"floor":47,"key":"Explosive Potion"}],"is_trial":false,"path_per_floor":["M","M","M","M","M","R","E","M","T","R","?","?","R","E","R","B",null,"M","M","?","?","$","R","E","R","T","E","M","M","?","M","R","B",null,"M","$","M","?","M","E","M","R","T","R","E","R","M","$","R","B",null,"R","$","E","B",null],"character_chosen":"THE_SILENT","items_purchased":["Toolbox","Malaise","Sadistic Nature+1"],"campfire_rested":6,"item_purchase_floors":[22,36,48],"current_hp_per_floor":[68,66,63,58,44,44,36,25,25,25,25,18,39,20,20,19,70,70,57,57,35,35,35,24,24,24,24,22,20,20,10,20,17,35,35,35,31,31,30,27,25,25,25,35,35,35,30,30,35,20,35,35,35,33,7],"gold":76,"neow_bonus":"BOSS_RELIC","is_daily":false,"chose_seed":false,"campfire_upgraded":5,"win_rate":0.0,"timestamp":1608271753,"path_taken":["M","M","M","M","M","R","E","M","T","R","?","?","R","E","R","BOSS","M","M","?","?","$","R","E","R","T","E","M","M","?","?","R","BOSS","M","$","M","?","M","E","M","R","T","R","E","R","M","$","R","BOSS","R","$","E","BOSS"],"items_purchased_type":["Relic","Card","Card"],"build_version":"2020-12-13","purchased_purges":2,"victory":true,"max_hp_per_floor":[70,70,70,70,70,70,70,70,70,70,70,70,70,70,70,70,70,70,70,70,35,35,35,35,35,35,35,35,35,35,35,35,35,35,35,35,35,35,35,35,35,35,35,35,35,35,35,35,35,35,35,35,35,35,35],"relic_stats":{"Gremlin Horn":[6,6],"counters":[27,125],"CeramicFish":18,"StoneCalendar":[216],"Pandora\u0027s Box":["Corpse Explosion","Terror","Cloak And Dagger","Tactician","Storm of Steel","Masterful Stab","Reflex","Accuracy"],"Kunai":[31],"Whetstone":["Neutralize","Sucker Punch"],"obtain_stats":[{"Gremlin Horn":24,"CeramicFish":45,"StoneCalendar":7,"Whetstone":40,"Frozen Egg 2":27,"Akabeko":43,"Anchor":14,"Toolbox":22,"Pandora\u0027s Box":17,"Fusion Hammer":34,"Kunai":9,"Toy Ornithopter":54,"Ring of the Snake":0,"Runic Pyramid":0},{"Gremlin Horn":12,"CeramicFish":23,"StoneCalendar":6,"Whetstone":21,"Frozen Egg 2":13,"Akabeko":22,"Anchor":8,"Toolbox":11,"Pandora\u0027s Box":9,"Fusion Hammer":17,"Kunai":7,"Toy Ornithopter":26,"Ring of the Snake":0,"Runic Pyramid":0},{"Gremlin Horn":50,"CeramicFish":101,"StoneCalendar":20,"Whetstone":91,"Frozen Egg 2":53,"Akabeko":96,"Anchor":33,"Toolbox":45,"Pandora\u0027s Box":38,"Fusion Hammer":74,"Kunai":26,"Toy Ornithopter":117,"Ring of the Snake":0,"Runic Pyramid":0}],"Toy Ornithopter":8},"card_choices":[{"not_picked":["Predator","Choke"],"picked":"Blade Dance","floor":1},{"not_picked":["Underhanded Strike","Reflex"],"picked":"Deadly Poison","floor":2},{"not_picked":["Accuracy","Deadly Poison"],"picked":"Riddle With Holes","floor":3},{"not_picked":["Blade Dance","Flying Knee"],"picked":"Catalyst","floor":4},{"not_picked":["Endless Agony","Dagger Spray"],"picked":"Backflip","floor":5},{"not_picked":["Caltrops","Flying Knee"],"picked":"Bouncing Flask","floor":7},{"not_picked":["Well Laid Plans","Dagger Spray"],"picked":"Sucker Punch","floor":8},{"not_picked":["Outmaneuver","Prepared"],"picked":"Burst","floor":14},{"not_picked":["Tools of the Trade","A Thousand Cuts"],"picked":"Venomology","floor":16},{"not_picked":["Endless Agony","Sucker Punch"],"picked":"Acrobatics","floor":18},{"not_picked":["Masterful Stab","Eviscerate","Flying Knee"],"picked":"SKIP","floor":19},{"not_picked":["Infinite Blades","Masterful Stab","Endless Agony+1"],"picked":"SKIP","floor":24},{"not_picked":["Heel Hook","Dagger Throw+1","Sucker Punch"],"picked":"SKIP","floor":27},{"not_picked":["Endless Agony+1","Bane","Setup+1"],"picked":"SKIP","floor":28},{"not_picked":["Slice","Bullet Time","Prepared"],"picked":"SKIP","floor":29},{"not_picked":["Outmaneuver","Dagger Spray","Acrobatics"],"picked":"SKIP","floor":31},{"not_picked":["Venomology","Storm of Steel"],"picked":"Burst","floor":33},{"not_picked":["Choke+1","Catalyst+1"],"picked":"Footwork+1","floor":35},{"not_picked":["Deadly Poison+1","Bane","Slice"],"picked":"SKIP","floor":37},{"not_picked":["Dagger Throw+1","Infinite Blades+1","Deadly Poison+1"],"picked":"SKIP","floor":39},{"not_picked":["Deflect","Deadly Poison","Footwork+1"],"picked":"SKIP","floor":40},{"not_picked":["Footwork+1","Outmaneuver","Die Die Die"],"picked":"SKIP","floor":41},{"not_picked":["Underhanded Strike","Acrobatics","Distraction+1"],"picked":"SKIP","floor":45},{"not_picked":["Bouncing Flask+1","Skewer"],"picked":"PiercingWail","floor":47},{"not_picked":["Bane+1","Outmaneuver+1","Dodge and Roll"],"picked":"SKIP","floor":54}],"player_experience":2210845,"relics_obtained":[{"floor":7,"key":"StoneCalendar"},{"floor":9,"key":"Kunai"},{"floor":14,"key":"Anchor"},{"floor":24,"key":"Gremlin Horn"},{"floor":27,"key":"Frozen Egg 2"},{"floor":40,"key":"Whetstone"},{"floor":43,"key":"Akabeko"},{"floor":45,"key":"CeramicFish"},{"floor":54,"key":"Toy Ornithopter"}],"event_choices":[{"cards_removed":["Strike_G"],"damage_healed":0,"gold_gain":0,"player_choice":"Card Removal","damage_taken":0,"max_hp_gain":0,"max_hp_loss":0,"event_name":"The Cleric","floor":11,"gold_loss":50},{"cards_removed":["Defend_G"],"damage_healed":0,"gold_gain":0,"player_choice":"Card Removal","damage_taken":7,"max_hp_gain":0,"max_hp_loss":0,"event_name":"Golden Wing","floor":12,"gold_loss":0},{"cards_removed":["Masterful Stab"],"damage_healed":0,"gold_gain":0,"player_choice":"Gave Gold","damage_taken":0,"max_hp_gain":0,"max_hp_loss":0,"event_name":"Beggar","floor":20,"gold_loss":75},{"damage_healed":0,"gold_gain":0,"player_choice":"Became a Ghost","damage_taken":0,"max_hp_gain":0,"max_hp_loss":35,"event_name":"Ghosts","floor":21,"gold_loss":0,"cards_obtained":["Ghostly","Ghostly","Ghostly","Ghostly","Ghostly"]},{"damage_healed":0,"gold_gain":0,"cards_transformed":["Accuracy"],"player_choice":"Transformed","damage_taken":0,"max_hp_gain":0,"max_hp_loss":0,"event_name":"Transmorgrifier","floor":30,"gold_loss":0,"cards_obtained":["Well Laid Plans"]},{"cards_removed":["Riddle With Holes"],"damage_healed":0,"gold_gain":0,"player_choice":"Removed Attack","damage_taken":0,"max_hp_gain":0,"max_hp_loss":0,"event_name":"Falling","floor":38,"gold_loss":0}],"is_beta":false,"boss_relics":[{"not_picked":["Velvet Choker","Ectoplasm"],"picked":"Pandora\u0027s Box"},{"not_picked":["Calling Bell","Astrolabe"],"picked":"Fusion Hammer"}],"items_purged_floors":[22,36],"is_endless":false,"potions_floor_spawned":[1,2,7,8,14,19,28,29,33,35,40,41,47],"ascension_level":0}}