{"host":"99ad87xtd5ypi7ii","time":1608257124,"event":{"mods":["BaseMod","Hermit","Highlight Path","Marisa????????","Minty Spire (QoL Compilation)","Robot Space Explorer","StSLib","The Bladedancer","The Construct","The Cursed","The Disciple","The Gatherer","The Hierophant","The Runesmith","The Servant 0.9.4","TheVacant"],"gold_per_floor":[119,161,184,184,209,209,241,238,238,238,206,254,271,328,328,216,216],"floor_reached":16,"playtime":1055,"items_purged":[],"score":158,"play_id":"ab0347fd-e4dc-4d19-af79-fcf5202aa635","local_time":"20201218030524","is_ascension_mode":false,"campfire_choices":[{"data":"hierophant:Mercenaries","floor":6,"key":"SMITH"},{"data":"hierophant:AuricBeam","floor":10,"key":"SMITH"},{"floor":15,"key":"REST"}],"circlet_count":0,"master_deck":["hierophant:Strike_Hierophant","hierophant:Strike_Hierophant","hierophant:Strike_Hierophant","hierophant:Strike_Hierophant","hierophant:Punish","hierophant:Defend_Hierophant","hierophant:Defend_Hierophant","hierophant:Defend_Hierophant","hierophant:Defend_Hierophant","hierophant:ChurchCoffers","hierophant:RustyCrate","hierophant:Doubloon","hierophant:Doubloon","hierophant:RustyCrate","hierophant:Doubloon","hierophant:Doubloon","hierophant:Doubloon","hierophant:ConvertCurrency","hierophant:Mercenaries+1","Pain","hierophant:AuricBeam+1","hierophant:Doubloon","hierophant:CursedGold","hierophant:Doubloon","hierophant:CursedGold","hierophant:BulkyChest"],"relics":["hierophant:PropheticMaskRelic","WarpedTongs","Gremlin Horn"],"acts_visited":["Exordium"],"potions_floor_usage":[5,12,13,16],"damage_taken":[{"damage":0,"enemies":"Small Slimes","floor":1,"turns":4},{"damage":2,"enemies":"Cultist","floor":2,"turns":5},{"damage":2,"enemies":"2 Louse","floor":3,"turns":3},{"damage":9,"enemies":"Lots of Slimes","floor":5,"turns":4},{"damage":5,"enemies":"Looter","floor":7,"turns":2},{"damage":0,"enemies":"Large Slime","floor":8,"turns":2},{"damage":1,"enemies":"Exordium Wildlife","floor":11,"turns":2},{"damage":8,"enemies":"3 Louse","floor":12,"turns":3},{"damage":8,"enemies":"3 Sentries","floor":13,"turns":4},{"damage":12,"enemies":"Exordium Thugs","floor":14,"turns":4},{"damage":63,"enemies":"Slime Boss","floor":16,"turns":11}],"seed_played":"-8790963195246974421","potions_obtained":[{"floor":2,"key":"Fire Potion"},{"floor":5,"key":"Regen Potion"},{"floor":7,"key":"SkillPotion"},{"floor":14,"key":"Explosive Potion"}],"is_trial":false,"path_per_floor":["M","M","M","?","M","R","M","M","T","R","M","M","E","M","R","B"],"character_chosen":"HIEROPHANT","items_purchased":[],"campfire_rested":1,"item_purchase_floors":[],"current_hp_per_floor":[75,73,71,71,62,62,57,57,57,57,56,60,52,40,62,0,0],"gold":216,"neow_bonus":"THREE_CARDS","is_daily":false,"chose_seed":false,"campfire_upgraded":2,"win_rate":0.0,"timestamp":1608257124,"path_taken":["M","M","M","?","M","R","M","M","T","R","?","M","E","M","R","BOSS"],"items_purchased_type":[],"build_version":"2020-12-13","purchased_purges":0,"victory":false,"max_hp_per_floor":[75,75,75,75,75,75,75,75,75,75,75,75,75,75,75,75,75],"card_choices":[{"not_picked":["hierophant:FieryStrike","hierophant:DisplayOfPower"],"picked":"hierophant:RustyCrate","floor":0},{"not_picked":["hierophant:Sermon","hierophant:OrnateBuckler"],"picked":"hierophant:RustyCrate","floor":1},{"not_picked":["hierophant:Repentance","hierophant:RustyCrate"],"picked":"hierophant:ConvertCurrency","floor":2},{"not_picked":["hierophant:BulkyChest","hierophant:Blessing"],"picked":"hierophant:Mercenaries","floor":3},{"not_picked":["hierophant:Encroach","hierophant:Flagellation","hierophant:Smite"],"picked":"SKIP","floor":5},{"not_picked":["hierophant:Doomsaying","hierophant:RustyCrate","hierophant:Exaltation"],"picked":"SKIP","floor":7},{"not_picked":["hierophant:Encroach","hierophant:ArchangelShield"],"picked":"hierophant:AuricBeam","floor":8},{"not_picked":["hierophant:OrnateBuckler","hierophant:Sermon","hierophant:Shelter"],"picked":"SKIP","floor":11},{"not_picked":["hierophant:RepressedViolence","hierophant:Levitation"],"picked":"hierophant:CursedGold","floor":12},{"not_picked":["hierophant:SecretStash","hierophant:DisplayOfPower"],"picked":"hierophant:CursedGold","floor":13},{"not_picked":["hierophant:Smite","hierophant:HammerAndAnvil"],"picked":"hierophant:BulkyChest","floor":14}],"player_experience":772138,"relics_obtained":[{"floor":13,"key":"Gremlin Horn"}],"event_choices":[{"damage_healed":0,"gold_gain":0,"player_choice":"Rummage","damage_taken":0,"relics_obtained":["WarpedTongs"],"max_hp_gain":0,"max_hp_loss":0,"event_name":"Accursed Blacksmith","floor":4,"gold_loss":0,"cards_obtained":["Pain"]}],"is_beta":false,"boss_relics":[],"items_purged_floors":[],"is_endless":false,"potions_floor_spawned":[2,5,7,14],"killed_by":"Slime Boss","ascension_level":0}}