{"host":"99ad87xtd5ypi7ii","time":1608258216,"event":{"mods":["BaseMod","Hermit","Highlight Path","Marisa????????","Minty Spire (QoL Compilation)","Robot Space Explorer","StSLib","The Bladedancer","The Construct","The Cursed","The Disciple","The Gatherer","The Hierophant","The Runesmith","The Servant 0.9.4","TheVacant"],"gold_per_floor":[110,60,235,223,213,213,243,243,270,229,229,230,155,169,169,81,81],"floor_reached":16,"playtime":1059,"items_purged":["Doubt"],"score":102,"play_id":"b90595cc-0e31-4e99-a32e-7839c93e8f21","local_time":"20201218032336","is_ascension_mode":false,"campfire_choices":[{"data":"hierophant:PristineSoul","floor":6,"key":"SMITH"},{"data":"hierophant:PristineSoul","floor":8,"key":"SMITH"},{"floor":11,"key":"REST"},{"floor":15,"key":"REST"}],"circlet_count":0,"master_deck":["hierophant:Strike_Hierophant","hierophant:Strike_Hierophant","hierophant:Strike_Hierophant","hierophant:Punish","hierophant:Defend_Hierophant","hierophant:Defend_Hierophant","hierophant:Defend_Hierophant","hierophant:Defend_Hierophant","hierophant:ChurchCoffers","hierophant:AuricShield","hierophant:OrnateBuckler","hierophant:Doubloon","hierophant:Refuge","hierophant:PristineSoul+1","hierophant:PristineSoul+1","hierophant:PristineSoul","hierophant:Bribe"],"relics":["hierophant:PropheticMaskRelic","Art of War","Bronze Scales"],"acts_visited":["Exordium"],"potions_floor_usage":[16],"damage_taken":[{"damage":0,"enemies":"2 Louse","floor":1,"turns":2},{"damage":0,"enemies":"Jaw Worm","floor":4,"turns":5},{"damage":5,"enemies":"Small Slimes","floor":5,"turns":4},{"damage":0,"enemies":"3 Louse","floor":7,"turns":3},{"damage":59,"enemies":"Gremlin Nob","floor":10,"turns":7},{"damage":0,"enemies":"Gremlin Gang","floor":12,"turns":3},{"damage":0,"enemies":"2 Fungi Beasts","floor":14,"turns":2},{"damage":64,"enemies":"Slime Boss","floor":16,"turns":12}],"seed_played":"1821675971451521507","potions_obtained":[{"floor":1,"key":"Ancient Potion"},{"floor":5,"key":"Dexterity Potion"}],"is_trial":false,"path_per_floor":["M","?","?","M","M","R","M","R","T","E","R","M","$","M","R","B"],"character_chosen":"HIEROPHANT","items_purchased":[],"campfire_rested":2,"item_purchase_floors":[],"current_hp_per_floor":[75,75,75,75,70,70,70,70,70,11,33,33,33,33,55,0,0],"gold":81,"neow_bonus":"THREE_CARDS","is_daily":false,"chose_seed":false,"campfire_upgraded":2,"win_rate":0.0,"timestamp":1608258216,"path_taken":["M","?","?","M","M","R","M","R","T","E","R","M","$","M","R","BOSS"],"items_purchased_type":[],"build_version":"2020-12-13","purchased_purges":1,"victory":false,"max_hp_per_floor":[75,75,75,75,75,75,75,75,75,75,75,75,75,75,75,75,75],"card_choices":[{"not_picked":["hierophant:Encroach","hierophant:FlamingChariot"],"picked":"hierophant:AuricShield","floor":0},{"not_picked":["hierophant:Prophecy","hierophant:PassingBell"],"picked":"hierophant:OrnateBuckler","floor":1},{"not_picked":["hierophant:Doubloon","hierophant:FaithHealing"],"picked":"hierophant:Refuge","floor":4},{"not_picked":["hierophant:Sermon","hierophant:FlamingChariot"],"picked":"hierophant:PristineSoul","floor":5},{"not_picked":["hierophant:ArchangelShield","hierophant:HammerAndAnvil"],"picked":"hierophant:PristineSoul","floor":7},{"not_picked":["hierophant:Upheaval","hierophant:CoinFling"],"picked":"hierophant:PristineSoul","floor":10},{"not_picked":["hierophant:Doubloon","hierophant:RepressedViolence"],"picked":"hierophant:Bribe","floor":12},{"not_picked":["hierophant:Chorus","hierophant:Batter","hierophant:ArchangelShield"],"picked":"SKIP","floor":14}],"player_experience":773193,"relics_obtained":[{"floor":9,"key":"Art of War"},{"floor":10,"key":"Bronze Scales"}],"event_choices":[{"cards_removed":["hierophant:Strike_Hierophant"],"damage_healed":0,"gold_gain":0,"player_choice":"Card Removal","damage_taken":0,"max_hp_gain":0,"max_hp_loss":0,"event_name":"The Cleric","floor":2,"gold_loss":50},{"damage_healed":0,"gold_gain":175,"player_choice":"AGREE","damage_taken":0,"max_hp_gain":0,"max_hp_loss":0,"event_name":"Liars Game","floor":3,"gold_loss":0,"cards_obtained":["Doubt"]}],"is_beta":false,"boss_relics":[],"items_purged_floors":[13],"is_endless":false,"potions_floor_spawned":[1,5],"killed_by":"Slime Boss","ascension_level":0}}