{"host":"3srbdas3e7jgqz5l","time":1608326461,"event":{"mods":["BaseMod","Downfall","Minty Spire (QoL Compilation)","StSLib"],"gold_per_floor":[99,118,43,61,77,77,77,252,262,262,262],"floor_reached":10,"playtime":390,"items_purged":[],"score":64,"play_id":"ac3bac26-0183-4f1d-8908-eafdc89be35d","local_time":"20201218212101","is_ascension_mode":true,"campfire_choices":[{"floor":1,"key":"RECALL"},{"data":"Slimebound:CorrosiveSpit","floor":3,"key":"SMITH"},{"data":"Slimebound:Split","floor":6,"key":"SMITH"}],"circlet_count":0,"master_deck":["Slimebound:Strike_Slimebound","Slimebound:Strike_Slimebound","Slimebound:Strike_Slimebound","Slimebound:Tackle","Slimebound:Defend_Slimebound","Slimebound:Defend_Slimebound","Slimebound:Defend_Slimebound","Slimebound:Defend_Slimebound","Slimebound:Split+1","Slimebound:CorrosiveSpit+1","Slimebound:SplitBruiser","Slimebound:SplitLeeching","Doubt","Slimebound:Nibble"],"relics":["SacredBark","downfall:HeartBlessingRed","Eternal Feather"],"acts_visited":["Exordium"],"potions_floor_usage":[],"damage_taken":[{"damage":7,"enemies":"Jaw Worm","floor":2,"turns":3},{"damage":13,"enemies":"Small Slimes","floor":4,"turns":3},{"damage":11,"enemies":"2 Louse","floor":5,"turns":3},{"damage":42,"enemies":"Exordium Wildlife","floor":9,"turns":5},{"damage":28,"enemies":"Lagavulin","floor":10,"turns":3}],"seed_played":"-3876683226447449788","potions_obtained":[{"floor":5,"key":"Energy Potion"}],"is_trial":false,"path_per_floor":["R","M","R","M","M","R","T","?","M","E"],"character_chosen":"SLIMEBOUND","items_purchased":[],"campfire_rested":0,"item_purchase_floors":[],"current_hp_per_floor":[60,57,57,52,49,49,49,49,23,0,0],"gold":262,"neow_bonus":"BOSS_RELIC","is_daily":false,"chose_seed":false,"campfire_upgraded":2,"win_rate":0.0,"timestamp":1608326461,"path_taken":["R","M","R","M","M","R","T","?","M","E"],"items_purchased_type":[],"build_version":"2020-12-13","purchased_purges":0,"victory":false,"max_hp_per_floor":[60,60,60,60,60,60,60,60,60,60,60],"card_choices":[{"not_picked":["Slimebound:GoopSpray","Slimebound:FormOfPuddle"],"picked":"Slimebound:SplitBruiser","floor":2},{"not_picked":["Slimebound:FirmFortitude","Slimebound:ItLooksTasty","Slimebound:ViciousTackle"],"picked":"SKIP","floor":4},{"not_picked":["Slimebound:GrowthPunch","Slimebound:Grow"],"picked":"Slimebound:SplitLeeching","floor":5},{"not_picked":["Slimebound:LeechingTouch","Slimebound:Replication"],"picked":"Slimebound:Nibble","floor":9}],"player_experience":452348,"relics_obtained":[{"floor":7,"key":"Eternal Feather"}],"event_choices":[],"is_beta":false,"boss_relics":[],"items_purged_floors":[],"is_endless":false,"potions_floor_spawned":[5],"killed_by":"Lagavulin","ascension_level":2}}