{"host":"o0q01dgb4z8zpo6o","time":1608276492,"event":{"mods":["BaseMod","GifTheSpireLib","Minty Spire (QoL Compilation)","Relic Stats","StSLib"],"gold_per_floor":[113,113,125,125,125,125,150,69,69,87,162,162,162,194,194,273,273,289,289,306,52,52,52],"floor_reached":22,"playtime":574,"items_purged":[],"score":376,"play_id":"64b8aed9-834c-455a-a602-c88f1777db31","local_time":"20201217232812","is_ascension_mode":true,"campfire_choices":[{"data":"Darkness","floor":6,"key":"SMITH"},{"data":"Loop","floor":12,"key":"SMITH"},{"floor":15,"key":"REST"}],"circlet_count":0,"master_deck":["AscendersBane","Strike_B","Strike_B+1","Strike_B+1","Strike_B","Defend_B","Defend_B","Defend_B","Zap","Dualcast","Coolheaded","Darkness+1","Loop+1","Loop","Rebound","Rainbow","Hologram","Loop+1","Genetic Algorithm"],"relics":["Cracked Core","NeowsBlessing","TungstenRod","Mercury Hourglass","StrikeDummy","Akabeko","Inserter","Mummified Hand"],"acts_visited":["Exordium","TheCity"],"potions_floor_usage":[16,16,18,18,18,22],"damage_taken":[{"damage":0,"enemies":"Small Slimes","floor":1,"turns":1},{"damage":0,"enemies":"2 Louse","floor":3,"turns":1},{"damage":0,"enemies":"Gremlin Nob","floor":7,"turns":1},{"damage":4,"enemies":"Jaw Worm","floor":10,"turns":4},{"damage":21,"enemies":"Lagavulin","floor":14,"turns":5},{"damage":3,"enemies":"Hexaghost","floor":16,"turns":6},{"damage":23,"enemies":"2 Thieves","floor":18,"turns":3},{"damage":27,"enemies":"Shell Parasite","floor":20,"turns":4},{"damage":14,"enemies":"3 Cultists","floor":22,"turns":4}],"seed_played":"-9204215269065223467","potions_obtained":[{"floor":10,"key":"Strength Potion"},{"floor":14,"key":"Block Potion"},{"floor":16,"key":"EntropicBrew"},{"floor":20,"key":"SkillPotion"}],"is_trial":false,"path_per_floor":["M","?","M","?","?","R","E","$","T","M","?","R","?","E","R","B",null,"M","?","M","$","M"],"character_chosen":"DEFECT","items_purchased":["Loop","Mummified Hand"],"campfire_rested":1,"item_purchase_floors":[8,21],"current_hp_per_floor":[64,57,57,62,39,39,39,39,39,35,25,25,25,4,26,23,63,40,40,13,13,0,0],"gold":52,"neow_bonus":"THREE_ENEMY_KILL","is_daily":false,"chose_seed":false,"campfire_upgraded":2,"win_rate":0.0,"timestamp":1608276492,"path_taken":["M","?","M","?","?","R","E","?","T","M","?","R","?","E","R","BOSS","M","?","M","$","M"],"items_purchased_type":["Card","Relic"],"build_version":"2020-12-13","purchased_purges":0,"victory":false,"max_hp_per_floor":[71,71,71,76,76,76,76,76,76,76,76,76,76,76,76,76,76,76,76,76,76,76,76],"relic_stats":{"Inserter":[5],"counters":[9,29],"Mummified Hand":[2],"obtain_stats":[{"Inserter":17,"NeowsBlessing":0,"Mummified Hand":21,"Cracked Core":0,"StrikeDummy":13,"TungstenRod":7,"Akabeko":14,"Mercury Hourglass":9},{"Inserter":6,"NeowsBlessing":0,"Mummified Hand":8,"Cracked Core":0,"StrikeDummy":4,"TungstenRod":3,"Akabeko":5,"Mercury Hourglass":3},{"Inserter":18,"NeowsBlessing":0,"Mummified Hand":25,"Cracked Core":0,"StrikeDummy":7,"TungstenRod":3,"Akabeko":12,"Mercury Hourglass":3}],"TungstenRod":14,"Mercury Hourglass":[81]},"card_choices":[{"not_picked":["Conserve Battery","Compile Driver"],"picked":"Coolheaded","floor":1},{"not_picked":["Reprogram","Force Field"],"picked":"Darkness","floor":3},{"not_picked":["Double Energy","Turbo"],"picked":"Loop","floor":7},{"not_picked":["Sunder","Go for the Eyes"],"picked":"Rebound","floor":10},{"not_picked":["Blizzard","Gash","Rebound"],"picked":"SKIP","floor":14},{"not_picked":["Meteor Strike","Hyperbeam"],"picked":"Rainbow","floor":16},{"not_picked":["Redo","Capacitor"],"picked":"Hologram","floor":18},{"not_picked":["Sunder","Streamline"],"picked":"Genetic Algorithm","floor":20}],"player_experience":1008375,"relics_obtained":[{"floor":7,"key":"TungstenRod"},{"floor":9,"key":"Mercury Hourglass"},{"floor":14,"key":"Akabeko"}],"event_choices":[{"cards_removed":["Defend_B"],"damage_healed":0,"gold_gain":0,"player_choice":"Card Removal","damage_taken":7,"max_hp_gain":0,"max_hp_loss":0,"event_name":"Golden Wing","floor":2,"gold_loss":0},{"damage_healed":0,"gold_gain":0,"player_choice":"Donut","damage_taken":0,"max_hp_gain":5,"max_hp_loss":0,"event_name":"Big Fish","floor":4,"gold_loss":0},{"damage_healed":0,"gold_gain":0,"player_choice":"Entered Light","damage_taken":23,"max_hp_gain":0,"max_hp_loss":0,"event_name":"Shining Light","floor":5,"gold_loss":0,"cards_upgraded":["Strike_B","Strike_B"]},{"damage_healed":0,"gold_gain":75,"player_choice":"Gather Gold","damage_taken":11,"max_hp_gain":0,"max_hp_loss":0,"event_name":"World of Goop","floor":11,"gold_loss":0},{"damage_healed":0,"gold_gain":0,"player_choice":"Searched \u00271\u0027 times","damage_taken":0,"relics_obtained":["StrikeDummy"],"max_hp_gain":0,"max_hp_loss":0,"event_name":"Dead Adventurer","floor":13,"gold_loss":0},{"damage_healed":0,"gold_gain":0,"player_choice":"Copied","damage_taken":0,"max_hp_gain":0,"max_hp_loss":0,"event_name":"Duplicator","floor":19,"gold_loss":0,"cards_obtained":["Loop"]}],"is_beta":false,"boss_relics":[{"not_picked":["Philosopher\u0027s Stone","Cursed Key"],"picked":"Inserter"}],"items_purged_floors":[],"is_endless":false,"potions_floor_spawned":[10,14,16,20],"killed_by":"3 Cultists","ascension_level":15}}