{"host":"r6jigiblrojhp6xe","time":1608264388,"event":{"mods":["AchievementEnabler","BaseMod","DeckTracker","Minty Spire (QoL Compilation)","Quick Restart","Rare Cards Sparkle","Relic Stats","StSLib","SuperFastMode","everything is the same but u backflip on backflip"],"gold_per_floor":[113,113,138,160,194,194,194,194],"floor_reached":7,"playtime":124,"items_purged":[],"score":82,"play_id":"d8befd70-aa20-4bdb-8605-c8843bc9c318","local_time":"20201218130628","is_ascension_mode":true,"campfire_choices":[{"data":"Eruption","floor":6,"key":"SMITH"}],"circlet_count":0,"master_deck":["AscendersBane","Strike_P","Strike_P","Strike_P","Defend_P","Defend_P","Defend_P","Eruption+1","Vigilance","FearNoEvil","EmptyFist"],"relics":["PureWater","Golden Idol","CeramicFish"],"acts_visited":["Exordium"],"potions_floor_usage":[],"damage_taken":[{"damage":3,"enemies":"2 Louse","floor":1,"turns":4},{"damage":2,"enemies":"Jaw Worm","floor":4,"turns":4},{"damage":5,"enemies":"Small Slimes","floor":5,"turns":2},{"damage":37,"enemies":"3 Sentries","floor":7,"turns":6}],"seed_played":"5225985092703643588","potions_obtained":[{"floor":1,"key":"FearPotion"}],"is_trial":false,"path_per_floor":["M","?","T","M","M","R","E"],"character_chosen":"WATCHER","items_purchased":[],"campfire_rested":0,"item_purchase_floors":[],"current_hp_per_floor":[58,37,37,35,30,30,0,0],"gold":194,"neow_bonus":"REMOVE_TWO","is_daily":false,"chose_seed":false,"campfire_upgraded":1,"win_rate":0.0,"timestamp":1608264388,"path_taken":["M","?","?","M","M","R","E"],"items_purchased_type":[],"build_version":"2020-12-13","purchased_purges":0,"victory":false,"max_hp_per_floor":[62,62,62,62,62,62,62,62],"relic_stats":{"counters":[4,16],"Golden Idol":8,"CeramicFish":18,"obtain_stats":[{"Golden Idol":2,"CeramicFish":3,"PureWater":0},{"Golden Idol":1,"CeramicFish":1,"PureWater":0},{"Golden Idol":4,"CeramicFish":4,"PureWater":0}]},"card_choices":[{"not_picked":["FlyingSleeves","Crescendo","JustLucky"],"picked":"SKIP","floor":1},{"not_picked":["InnerPeace","Collect"],"picked":"FearNoEvil","floor":4},{"not_picked":["FlurryOfBlows","Consecrate"],"picked":"EmptyFist","floor":5}],"player_experience":501166,"relics_obtained":[{"floor":3,"key":"CeramicFish"}],"event_choices":[{"damage_healed":0,"gold_gain":0,"player_choice":"Take Damage","damage_taken":21,"relics_obtained":["Golden Idol"],"max_hp_gain":0,"max_hp_loss":0,"event_name":"Golden Idol","floor":2,"gold_loss":0}],"is_beta":false,"boss_relics":[],"items_purged_floors":[],"is_endless":false,"potions_floor_spawned":[1],"killed_by":"3 Sentries","ascension_level":20}}