{"host":"2461dio7vetlq1z3","time":1608319148,"event":{"mods":["2.2 Compatiblity","AchievementEnabler","BaseMod","Better Third Choice","Hermit","Minty Spire (QoL Compilation)","Relic Stats","Spicy Shops","StSLib","The Animator","Waifu the Spire"],"gold_per_floor":[15,15,30,50,65,65,92,92,143,175,175,208,208,145,145,219,219,233,253,253,253,78,78,78,78,78,104,114,124,154,168,168,247,247,265,280,297,312,323,349,349,365,365,395,395,407,407,425,425,425,425,425,425,0,34,34],"floor_reached":57,"playtime":3865,"items_purged":["Strike_R","Strike_R","Strike_R"],"score":2748,"play_id":"ca973e6a-8f5d-4172-a95b-b01622646ebc","local_time":"20201218201908","is_ascension_mode":true,"campfire_choices":[{"data":"Armaments","floor":6,"key":"SMITH"},{"data":"Immolate","floor":8,"key":"SMITH"},{"data":"Feel No Pain","floor":11,"key":"SMITH"},{"floor":13,"key":"REST"},{"data":"Feed","floor":15,"key":"SMITH"},{"data":"Corruption","floor":23,"key":"SMITH"},{"data":"Bash","floor":25,"key":"SMITH"},{"data":"Shockwave","floor":32,"key":"SMITH"},{"floor":45,"key":"RECALL"},{"data":"Demon Form","floor":47,"key":"SMITH"},{"data":"Shockwave","floor":49,"key":"SMITH"},{"data":"Feel No Pain","floor":53,"key":"SMITH"}],"circlet_count":0,"master_deck":["AscendersBane","Strike_R+1","Defend_R","Defend_R","Defend_R","Defend_R","Bash+1","Immolate+1","Armaments+1","Wild Strike+1","Feel No Pain+1","Flex","Corruption+1","Shrug It Off","Feed+1","Reaper","Burning Pact+1","Feel No Pain+1","Feel No Pain","Shockwave+1","Demon Form+1","Shrug It Off","Limit Break","Burning Pact+1","Offering","Pain","Shockwave+1","Dark Embrace","Demon Form+1","Dark Embrace"],"relics":["Burning Blood","Bottled Flame","Whetstone","Blood Vial","White Beast Statue","betterThird:SlimedRelic","Coffee Dripper","Nilry\u0027s Codex","Question Card","Self Forming Clay","Ice Cream","Runic Cube","Thread and Needle","WarpedTongs","Pantograph","DollysMirror","Toy Ornithopter"],"acts_visited":["Exordium","TheCity","TheBeyond","TheEnding"],"potions_floor_usage":[7,12,16,19,27,28,33,33,48,50,56,56,56],"damage_taken":[{"damage":2,"enemies":"Cultist","floor":1,"turns":4},{"damage":4,"enemies":"Jaw Worm","floor":3,"turns":3},{"damage":0,"enemies":"2 Louse","floor":4,"turns":1},{"damage":17,"enemies":"Looter","floor":5,"turns":3},{"damage":8,"enemies":"Gremlin Nob","floor":7,"turns":3},{"damage":37,"enemies":"Lagavulin","floor":10,"turns":8},{"damage":23,"enemies":"Gremlin Nob","floor":12,"turns":4},{"damage":21,"enemies":"Hexaghost","floor":16,"turns":10},{"damage":7,"enemies":"Chosen","floor":18,"turns":3},{"damage":23,"enemies":"3 Byrds","floor":19,"turns":8},{"damage":24,"enemies":"Slavers","floor":27,"turns":3},{"damage":5,"enemies":"Centurion and Healer","floor":28,"turns":7},{"damage":26,"enemies":"Snecko","floor":29,"turns":7},{"damage":10,"enemies":"Book of Stabbing","floor":30,"turns":6},{"damage":0,"enemies":"3 Cultists","floor":31,"turns":5},{"damage":17,"enemies":"Collector","floor":33,"turns":12},{"damage":14,"enemies":"Orb Walker","floor":35,"turns":5},{"damage":18,"enemies":"3 Darklings","floor":36,"turns":5},{"damage":23,"enemies":"4 Shapes","floor":37,"turns":11},{"damage":34,"enemies":"Maw","floor":38,"turns":10},{"damage":8,"enemies":"Writhing Mass","floor":39,"turns":8},{"damage":20,"enemies":"Nemesis","floor":40,"turns":7},{"damage":13,"enemies":"Jaw Worm Horde","floor":42,"turns":4},{"damage":32,"enemies":"Reptomancer","floor":44,"turns":6},{"damage":8,"enemies":"Sphere and 2 Shapes","floor":46,"turns":6},{"damage":38,"enemies":"3 Darklings","floor":48,"turns":7},{"damage":28,"enemies":"Time Eater","floor":50,"turns":10},{"damage":34,"enemies":"Awakened One","floor":51,"turns":9},{"damage":50,"enemies":"Shield and Spear","floor":55,"turns":6},{"damage":30,"enemies":"The Heart","floor":56,"turns":10}],"seed_played":"-4581595699634531018","potions_obtained":[{"floor":3,"key":"BlessingOfTheForge"},{"floor":5,"key":"SpeedPotion"},{"floor":12,"key":"Strength Potion"},{"floor":16,"key":"DistilledChaos"},{"floor":18,"key":"Swift Potion"},{"floor":19,"key":"BloodPotion"},{"floor":27,"key":"HeartOfIron"},{"floor":28,"key":"SpeedPotion"},{"floor":30,"key":"Weak Potion"},{"floor":33,"key":"AttackPotion"},{"floor":35,"key":"SteroidPotion"},{"floor":36,"key":"LiquidMemories"},{"floor":44,"key":"BloodPotion"},{"floor":48,"key":"EntropicBrew"}],"is_trial":false,"path_per_floor":["M","$","M","M","M","R","E","R","T","E","R","E","R","?","R","B",null,"M","M","?","?","$","R","?","R","T","E","M","M","E","M","R","B",null,"M","M","M","M","M","E","?","M","T","E","R","M","R","M","R","B","B",null,"R","$","E","B",null],"character_chosen":"IRONCLAD","items_purchased":["Dark Embrace","DollysMirror","PowerPotion"],"campfire_rested":1,"item_purchase_floors":[54,54,54],"current_hp_per_floor":[72,72,74,75,64,64,62,62,62,31,31,16,38,27,27,18,64,71,66,66,45,45,45,45,45,45,33,73,65,76,103,103,107,107,99,107,98,116,123,113,113,127,127,127,127,135,135,134,134,117,139,139,139,139,143,147],"gold":34,"neow_bonus":"THREE_RARE_CARDS","is_daily":false,"chose_seed":false,"campfire_upgraded":10,"win_rate":0.0,"timestamp":1608319148,"path_taken":["M","?","M","M","M","R","E","R","T","E","R","E","R","?","R","BOSS","M","M","?","?","$","R","?","R","T","E","?","M","E","M","R","BOSS","M","?","M","M","M","E","?","M","T","E","R","M","R","?","R","BOSS","BOSS","R","$","E","BOSS"],"items_purchased_type":["Card","Relic","Potion"],"build_version":"2020-12-13","purchased_purges":3,"victory":true,"max_hp_per_floor":[75,75,75,75,75,75,75,75,75,75,75,75,75,75,75,79,79,79,83,83,83,83,83,83,83,83,87,91,95,99,103,103,107,107,107,107,115,119,123,127,127,127,127,131,131,135,135,139,139,139,139,139,139,139,143,147],"relic_stats":{"Blood Vial":28,"counters":[30,191],"Self Forming Clay":[279],"Pantograph":27,"Whetstone":["Strike_R","Wild Strike"],"Question Card":17,"obtain_stats":[{"Ice Cream":30,"Nilry\u0027s Codex":21,"Self Forming Clay":27,"Thread and Needle":40,"Whetstone":9,"Question Card":26,"Burning Blood":0,"White Beast Statue":12,"WarpedTongs":41,"Blood Vial":10,"Bottled Flame":7,"DollysMirror":54,"betterThird:SlimedRelic":14,"Pantograph":44,"Coffee Dripper":17,"Toy Ornithopter":55,"Runic Cube":34},{"Ice Cream":14,"Nilry\u0027s Codex":10,"Self Forming Clay":11,"Thread and Needle":22,"Whetstone":5,"Question Card":10,"Burning Blood":0,"White Beast Statue":7,"WarpedTongs":22,"Blood Vial":6,"Bottled Flame":5,"DollysMirror":28,"betterThird:SlimedRelic":7,"Pantograph":24,"Coffee Dripper":8,"Toy Ornithopter":29,"Runic Cube":16},{"Ice Cream":70,"Nilry\u0027s Codex":47,"Self Forming Clay":50,"Thread and Needle":133,"Whetstone":14,"Question Card":47,"Burning Blood":0,"White Beast Statue":26,"WarpedTongs":133,"Blood Vial":22,"Bottled Flame":14,"DollysMirror":175,"betterThird:SlimedRelic":26,"Pantograph":143,"Coffee Dripper":36,"Toy Ornithopter":181,"Runic Cube":87}],"Burning Blood":128,"Toy Ornithopter":0,"Runic Cube":[97],"WarpedTongs":[55]},"card_choices":[{"not_picked":["Bludgeon","Fiend Fire"],"picked":"Immolate","floor":0},{"not_picked":["Perfected Strike","Thunderclap"],"picked":"Armaments","floor":1},{"not_picked":["Armaments","Flex"],"picked":"Wild Strike","floor":3},{"not_picked":["Clothesline","Cleave"],"picked":"Feel No Pain","floor":4},{"not_picked":["Entrench","Wild Strike"],"picked":"Flex","floor":5},{"not_picked":["Blood for Blood","Pummel"],"picked":"Corruption","floor":7},{"not_picked":["Searing Blow","Perfected Strike"],"picked":"Shrug It Off","floor":10},{"not_picked":["Clash","Shockwave"],"picked":"Feed","floor":12},{"not_picked":["Barricade","Immolate"],"picked":"Reaper","floor":16},{"not_picked":["Rage","Anger","Body Slam"],"picked":"SKIP","floor":18},{"not_picked":["Reckless Charge","Spot Weakness"],"picked":"Burning Pact+1","floor":19},{"not_picked":["Hemokinesis+1","Rupture","Intimidate","Bloodletting"],"picked":"SKIP","floor":27},{"not_picked":["Hemokinesis+1","Rupture","Intimidate","Bloodletting"],"picked":"SKIP","floor":27},{"not_picked":["Pummel","Clash","Pommel Strike","Whirlwind"],"picked":"SKIP","floor":28},{"not_picked":["Havoc","Evolve","Iron Wave"],"picked":"Feel No Pain","floor":29},{"not_picked":["Metallicize","Disarm","Seeing Red"],"picked":"Feel No Pain","floor":30},{"not_picked":["Headbutt","Sentinel","Hemokinesis"],"picked":"Shockwave","floor":31},{"not_picked":["Juggernaut","Reaper","Limit Break"],"picked":"Demon Form","floor":33},{"not_picked":["Havoc","Perfected Strike","Cleave","Warcry+1"],"picked":"SKIP","floor":35},{"not_picked":["Havoc","Thunderclap","Armaments"],"picked":"Shrug It Off","floor":36},{"not_picked":["Blood for Blood","Cleave","Clash","Heavy Blade+1"],"picked":"SKIP","floor":37},{"not_picked":["Flame Barrier","Clash","Sentinel"],"picked":"Limit Break","floor":38},{"not_picked":["Anger+1","Entrench","Cleave+1"],"picked":"Burning Pact+1","floor":39},{"not_picked":["Carnage","Body Slam","Shockwave"],"picked":"Offering","floor":40},{"not_picked":["Reckless Charge","Combust","Anger","Perfected Strike"],"picked":"SKIP","floor":42},{"not_picked":["Perfected Strike+1","Havoc","Iron Wave+1","Heavy Blade"],"picked":"SKIP","floor":44},{"not_picked":["Iron Wave","Perfected Strike","Flex"],"picked":"Shockwave","floor":46},{"not_picked":["Inflame","Armaments","Clothesline","Infernal Blade"],"picked":"SKIP","floor":48},{"not_picked":["Disarm","Cleave","Iron Wave"],"picked":"Dark Embrace","floor":55}],"player_experience":813249,"relics_obtained":[{"floor":7,"key":"Bottled Flame"},{"floor":9,"key":"Whetstone"},{"floor":10,"key":"Blood Vial"},{"floor":12,"key":"White Beast Statue"},{"floor":21,"key":"Nilry\u0027s Codex"},{"floor":26,"key":"Question Card"},{"floor":27,"key":"Self Forming Clay"},{"floor":30,"key":"Ice Cream"},{"floor":40,"key":"Thread and Needle"},{"floor":44,"key":"Pantograph"},{"floor":55,"key":"Toy Ornithopter"}],"event_choices":[{"damage_healed":0,"gold_gain":0,"player_choice":"Slimed","damage_taken":11,"max_hp_gain":0,"max_hp_loss":0,"event_name":"betterThird:BetterGoop","floor":14,"gold_loss":63},{"damage_healed":0,"gold_gain":0,"player_choice":"Ignored","damage_taken":0,"max_hp_gain":0,"max_hp_loss":0,"event_name":"The Mausoleum","floor":20,"gold_loss":0},{"damage_healed":0,"gold_gain":0,"player_choice":"Obtained Book","damage_taken":21,"max_hp_gain":0,"max_hp_loss":0,"event_name":"Cursed Tome","floor":21,"gold_loss":0},{"cards_removed":["Strike_R"],"damage_healed":0,"gold_gain":0,"player_choice":"Purged","damage_taken":0,"max_hp_gain":0,"max_hp_loss":0,"event_name":"Purifier","floor":24,"gold_loss":0},{"damage_healed":0,"gold_gain":0,"player_choice":"Rummage","damage_taken":0,"relics_obtained":["WarpedTongs"],"max_hp_gain":0,"max_hp_loss":0,"event_name":"Accursed Blacksmith","floor":41,"gold_loss":0,"cards_obtained":["Pain"]}],"is_beta":false,"boss_relics":[{"not_picked":["Sozu","Velvet Choker"],"picked":"Coffee Dripper"},{"not_picked":["SacredBark","Astrolabe"],"picked":"Runic Cube"}],"items_purged_floors":[22,22,54],"is_endless":false,"potions_floor_spawned":[3,5,12,16,18,19,27,28,29,30,31,33,35,36,37,38,39,40,42,44,46,48,55],"ascension_level":20}}