{"host":"f5gffvlv6a66yqkd","time":1608291331,"event":{"mods":["2.2 Compatiblity","BaseMod","Colored Map","DeckTracker","Keyboard Shortcuts","Minty Spire (QoL Compilation)","Permanent Neow","Quick Restart","Relic Stats","StSLib","SuperFastMode"],"gold_per_floor":[13,28,28,42,53,53,83,83,83,102,102,102],"floor_reached":11,"playtime":216,"items_purged":[],"score":150,"play_id":"3e48fe43-01a9-4c6b-a0ee-3cfb5003cad5","local_time":"20201218203531","is_ascension_mode":true,"campfire_choices":[{"data":"Creative AI","floor":6.0,"key":"SMITH"},{"floor":8.0,"key":"REST"}],"circlet_count":0,"master_deck":["AscendersBane","Strike_B","Strike_B","Strike_B","Strike_B","Defend_B","Defend_B","Defend_B","Defend_B","Zap+1","Dualcast","Secret Technique","Hologram","Sweeping Beam","Creative AI+1","Cold Snap","Streamline","Force Field"],"relics":["Cracked Core","Letter Opener","HornCleat"],"acts_visited":["Exordium"],"potions_floor_usage":[],"damage_taken":[{"damage":1.0,"enemies":"2 Louse","floor":1.0,"turns":4.0},{"damage":3.0,"enemies":"Cultist","floor":2.0,"turns":3.0},{"damage":2.0,"enemies":"Jaw Worm","floor":4.0,"turns":4.0},{"damage":12.0,"enemies":"3 Louse","floor":5.0,"turns":4.0},{"damage":28.0,"enemies":"Gremlin Nob","floor":7.0,"turns":4.0},{"damage":11.0,"enemies":"Exordium Wildlife","floor":10.0,"turns":4.0},{"damage":30,"enemies":"Lagavulin","floor":11,"turns":5}],"seed_played":"-4715303378181377030","potions_obtained":[{"floor":2.0,"key":"AttackPotion"},{"floor":7.0,"key":"PotionOfCapacity"},{"floor":10.0,"key":"GamblersBrew"}],"is_trial":false,"path_per_floor":["M","M","?","M","M","R","E","R","T","M","E"],"character_chosen":"DEFECT","items_purchased":[],"campfire_rested":1,"item_purchase_floors":[],"current_hp_per_floor":[63,60,60,58,46,46,18,39,39,28,0,0],"gold":102,"neow_bonus":"RANDOM_COLORLESS_2","is_daily":false,"chose_seed":false,"campfire_upgraded":1,"win_rate":0.0,"timestamp":1608291331,"path_taken":["M","M","?","?","M","R","E","R","T","M","E"],"items_purchased_type":[],"build_version":"2020-12-13","purchased_purges":0,"victory":false,"max_hp_per_floor":[71,71,71,71,71,71,71,71,71,71,71,71],"relic_stats":{"counters":[7,28],"Letter Opener":[15],"obtain_stats":[{"HornCleat":9,"Letter Opener":7,"Cracked Core":0},{"HornCleat":5,"Letter Opener":5,"Cracked Core":0},{"HornCleat":19,"Letter Opener":19,"Cracked Core":0}]},"card_choices":[{"not_picked":["Violence","Magnetism"],"picked":"Secret Technique","floor":0.0},{"not_picked":["Steam Power","Redo"],"picked":"Hologram","floor":1.0},{"not_picked":["Leap","Go for the Eyes"],"picked":"Sweeping Beam","floor":2.0},{"not_picked":["Self Repair","Leap"],"picked":"Creative AI","floor":4.0},{"not_picked":["Rebound","Redo"],"picked":"Cold Snap","floor":5.0},{"not_picked":["Consume","Machine Learning"],"picked":"Streamline","floor":7.0},{"not_picked":["Rebound","Reinforced Body"],"picked":"Force Field","floor":10.0}],"player_experience":1463801,"relics_obtained":[{"floor":7.0,"key":"Letter Opener"},{"floor":9.0,"key":"HornCleat"}],"event_choices":[{"damage_healed":0.0,"max_hp_gain":0.0,"max_hp_loss":0.0,"gold_gain":0.0,"event_name":"Upgrade Shrine","player_choice":"Upgraded","floor":3.0,"gold_loss":0.0,"damage_taken":0.0,"cards_upgraded":["Zap"]}],"is_beta":false,"boss_relics":[],"items_purged_floors":[],"is_endless":false,"potions_floor_spawned":[2,7,10],"killed_by":"Lagavulin","ascension_level":20}}