{"host":"cccop0r9ue4xv1s4","time":1608273964,"event":{"mods":["AchievementEnabler","BaseMod","Downfall","HololiveMod","Minty Spire (QoL Compilation)","Quick Restart","Shop Mod","StSLib","SuperFastMode","The Servant 0.9.4"],"gold_per_floor":[115,115,115,130,146,146,181,191,243,254,273,273,273,283,283,381,381,392,392,409,427,90,119,119,138,138,138,150,65,65,80,80,182,182,198,198,198,211,223,249,249,284,309,326,361,115,115,131,131,131],"floor_reached":51,"playtime":1007,"items_purged":["Defend_R","Defend_R"],"score":911,"play_id":"51c595c1-c803-46f3-b1f3-fcbedfad4fb9","local_time":"20201218144604","is_ascension_mode":false,"campfire_choices":[{"data":"Bash","floor":6.0,"key":"SMITH"},{"data":"Heavy Blade","floor":15.0,"key":"SMITH"},{"data":"Flex","floor":24.0,"key":"SMITH"},{"data":"Clash","floor":27.0,"key":"SMITH"},{"data":"Clash","floor":30.0,"key":"SMITH"},{"data":"Strike_R","floor":32.0,"key":"SMITH"},{"data":"Strike_R","floor":41.0,"key":"SMITH"},{"data":"Strike_R","floor":47,"key":"SMITH"},{"data":"Strike_R","floor":49,"key":"SMITH"}],"circlet_count":0,"master_deck":["Strike_R+1","Strike_R+1","Strike_R+1","Strike_R+1","Strike_R+1","Bash+1","Flex+1","Heavy Blade+1","Clash+1","Clash+1","Clash+1"],"relics":["Burning Blood","NeowsBlessing","CultistMask","Toxic Egg 2","Hololive_LightStick","PreservedInsect","Hololive_Finger","Self Forming Clay","Question Card","Bag of Marbles","Bag of Preparation","Runic Cube","FossilizedHelix","Pen Nib","Vajra","Meat on the Bone","Medical Kit"],"acts_visited":["Exordium","TheCity","TheBeyond"],"potions_floor_usage":[50,50,50],"damage_taken":[{"damage":0.0,"enemies":"Jaw Worm","floor":1.0,"turns":1.0},{"damage":0.0,"enemies":"Cultist","floor":4.0,"turns":1.0},{"damage":0.0,"enemies":"Small Slimes","floor":5.0,"turns":1.0},{"damage":19.0,"enemies":"Gremlin Nob","floor":7.0,"turns":4.0},{"damage":11.0,"enemies":"Blue Slaver","floor":8.0,"turns":4.0},{"damage":9.0,"enemies":"Red Slaver","floor":10.0,"turns":3.0},{"damage":29.0,"enemies":"Large Slime","floor":11.0,"turns":6.0},{"damage":0.0,"enemies":"2 Fungi Beasts","floor":14.0,"turns":1.0},{"damage":0.0,"enemies":"Slime Boss","floor":16.0,"turns":4.0},{"damage":0.0,"enemies":"Spheric Guardian","floor":18.0,"turns":2.0},{"damage":0.0,"enemies":"Shell Parasite","floor":20.0,"turns":2.0},{"damage":0.0,"enemies":"Chosen and Byrds","floor":21.0,"turns":4.0},{"damage":20.0,"enemies":"Slavers","floor":23.0,"turns":5.0},{"damage":12.0,"enemies":"Sentry and Sphere","floor":25.0,"turns":4.0},{"damage":4.0,"enemies":"Snake Plant","floor":28.0,"turns":2.0},{"damage":0.0,"enemies":"Snecko","floor":31.0,"turns":2.0},{"damage":38.0,"enemies":"Collector","floor":33.0,"turns":4.0},{"damage":3.0,"enemies":"3 Shapes","floor":35.0,"turns":2.0},{"damage":0.0,"enemies":"Orb Walker","floor":38.0,"turns":1.0},{"damage":0.0,"enemies":"4 Shapes","floor":39.0,"turns":2.0},{"damage":12.0,"enemies":"Reptomancer","floor":40.0,"turns":2.0},{"damage":0.0,"enemies":"Giant Head","floor":42.0,"turns":5.0},{"damage":0.0,"enemies":"Maw","floor":44.0,"turns":4.0},{"damage":6.0,"enemies":"Nemesis","floor":45.0,"turns":3.0},{"damage":0,"enemies":"3 Darklings","floor":48,"turns":1},{"damage":68,"enemies":"Awakened One","floor":50,"turns":7}],"seed_played":"-2901374192936208191","potions_obtained":[{"floor":5.0,"key":"GamblersBrew"},{"floor":7.0,"key":"hexamod:EctoCoolerPotion"},{"floor":8.0,"key":"FearPotion"},{"floor":20.0,"key":"Block Potion"},{"floor":23.0,"key":"hexamod:EctoCoolerPotion"},{"floor":25.0,"key":"Slimebound:ThreeZeroPotion"},{"floor":35.0,"key":"PowerPotion"},{"floor":39.0,"key":"ElixirPotion"},{"floor":40.0,"key":"Ancient Potion"},{"floor":45.0,"key":"SkillPotion"}],"is_trial":false,"path_per_floor":["M","?","?","M","M","R","E","M","T","M","M","?","?","M","R","B",null,"M","?","M","M","$","E","R","M","T","R","M","?","R","M","R","B",null,"M","?","?","M","M","E","R","E","T","M","E","$","R","M","R","B",null],"character_chosen":"IRONCLAD","items_purchased":["Self Forming Clay","Medical Kit"],"campfire_rested":0,"item_purchase_floors":[22,46],"current_hp_per_floor":[80,85,85,85,85,85,72,67,67,64,41,34,31,37,37,43,85,85,85,85,85,85,71,71,65,65,65,67,67,67,73,73,41,85,85,85,85,85,85,79,79,85,85,85,85,85,85,85,85,35],"gold":131,"neow_bonus":"THREE_ENEMY_KILL","is_daily":false,"chose_seed":false,"campfire_upgraded":9,"win_rate":0.0,"timestamp":1608273964,"path_taken":["M","?","?","M","?","R","E","M","T","M","M","?","?","M","R","BOSS","M","?","?","M","$","E","R","M","T","R","M","?","R","M","R","BOSS","M","?","?","?","M","E","R","E","T","M","E","$","R","M","R","BOSS"],"items_purchased_type":["Relic","Relic"],"build_version":"2020-12-13","purchased_purges":2,"victory":true,"max_hp_per_floor":[80,85,85,85,85,85,85,85,85,85,85,85,85,85,85,85,85,85,85,85,85,85,85,85,85,85,85,85,85,85,85,85,85,85,85,85,85,85,85,85,85,85,85,85,85,85,85,85,85,85],"card_choices":[{"not_picked":["Perfected Strike","Cleave"],"picked":"Flex","floor":1.0},{"not_picked":["Iron Wave","Pommel Strike","Shockwave"],"picked":"SKIP","floor":4.0},{"not_picked":["Iron Wave","Pommel Strike","Shockwave"],"picked":"SKIP","floor":4.0},{"not_picked":["Armaments","Havoc","Berserk"],"picked":"SKIP","floor":5.0},{"not_picked":["Entrench+1","Perfected Strike","Thunderclap"],"picked":"SKIP","floor":7.0},{"not_picked":["Infernal Blade+1","Thunderclap"],"picked":"Heavy Blade","floor":8.0},{"not_picked":["Armaments+1","Anger"],"picked":"Clash","floor":10.0},{"not_picked":["Spot Weakness+1","Inflame"],"picked":"Clash","floor":11.0},{"not_picked":["Metallicize","Fiend Fire","Searing Blow"],"picked":"SKIP","floor":14.0},{"not_picked":["Pommel Strike","Power Through+1","Feel No Pain"],"picked":"SKIP","floor":18.0},{"not_picked":["True Grit+1","Dual Wield+1","Warcry+1"],"picked":"SKIP","floor":20.0},{"not_picked":["Feel No Pain+1","Twin Strike","Shrug It Off+1"],"picked":"SKIP","floor":21.0},{"not_picked":["Wild Strike+1","Evolve","Reckless Charge"],"picked":"SKIP","floor":23.0},{"not_picked":["Wild Strike+1","Evolve","Reckless Charge"],"picked":"SKIP","floor":23.0},{"not_picked":["Hemokinesis","Clothesline","Pommel Strike"],"picked":"Clash+1","floor":25.0},{"not_picked":["Brutality","Flex+1","Sword Boomerang+1","Perfected Strike"],"picked":"SKIP","floor":28.0},{"not_picked":["Thunderclap","Anger+1","Body Slam","Carnage"],"picked":"SKIP","floor":31.0},{"not_picked":["Burning Pact+1","Shrug It Off+1","Second Wind+1","Dropkick"],"picked":"SKIP","floor":35.0},{"not_picked":["Iron Wave","Power Through+1","Headbutt","Clash+1"],"picked":"SKIP","floor":38.0},{"not_picked":["Seeing Red+1","Anger+1","Wild Strike","Flame Barrier+1"],"picked":"SKIP","floor":39.0},{"not_picked":["Heavy Blade","Entrench+1","Shrug It Off+1","Flame Barrier+1"],"picked":"SKIP","floor":40.0},{"not_picked":["Carnage+1","Sentinel+1","Corruption","Rage+1"],"picked":"SKIP","floor":42.0},{"not_picked":["Combust+1","Shrug It Off+1","Armaments+1","Headbutt"],"picked":"SKIP","floor":44.0},{"not_picked":["Headbutt","Fire Breathing+1","Havoc+1","Shrug It Off+1"],"picked":"SKIP","floor":45.0},{"not_picked":["Dropkick+1","Wild Strike","Anger+1","Shockwave+1"],"picked":"SKIP","floor":48}],"player_experience":285194,"relics_obtained":[{"floor":7.0,"key":"Toxic Egg 2"},{"floor":9.0,"key":"Hololive_LightStick"},{"floor":23.0,"key":"Question Card"},{"floor":26.0,"key":"Bag of Marbles"},{"floor":40.0,"key":"FossilizedHelix"},{"floor":42.0,"key":"Pen Nib"},{"floor":43.0,"key":"Vajra"},{"floor":45.0,"key":"Meat on the Bone"}],"event_choices":[{"damage_healed":0.0,"max_hp_gain":5.0,"max_hp_loss":0.0,"gold_gain":0.0,"event_name":"Big Fish","player_choice":"Donut","floor":2.0,"gold_loss":0.0,"damage_taken":0.0},{"damage_healed":0.0,"max_hp_gain":0.0,"max_hp_loss":0.0,"gold_gain":0.0,"event_name":"FaceTrader","player_choice":"Trade","floor":3.0,"gold_loss":0.0,"damage_taken":0.0,"relics_obtained":["CultistMask"]},{"cards_removed":["Defend_R"],"damage_healed":0.0,"max_hp_gain":0.0,"max_hp_loss":0.0,"gold_gain":0.0,"event_name":"Golden Wing","player_choice":"Card Removal","floor":12.0,"gold_loss":0.0,"damage_taken":7.0},{"damage_healed":0.0,"max_hp_gain":0.0,"max_hp_loss":0.0,"gold_gain":0.0,"event_name":"Scrap Ooze","player_choice":"Success","floor":13.0,"gold_loss":0.0,"damage_taken":3.0,"relics_obtained":["PreservedInsect"]},{"damage_healed":0.0,"max_hp_gain":0.0,"max_hp_loss":0.0,"gold_gain":0.0,"event_name":"Wheel of Change","player_choice":"Full Heal","floor":19.0,"gold_loss":0.0,"damage_taken":0.0},{"damage_healed":0.0,"max_hp_gain":0.0,"max_hp_loss":0.0,"gold_gain":0.0,"event_name":"Addict","player_choice":"Obtained Relic","floor":29.0,"gold_loss":85.0,"damage_taken":0.0,"relics_obtained":["Bag of Preparation"]},{"cards_removed":["Defend_R"],"damage_healed":0.0,"max_hp_gain":0.0,"max_hp_loss":0.0,"gold_gain":0.0,"event_name":"Falling","player_choice":"Removed Skill","floor":36.0,"gold_loss":0.0,"damage_taken":0.0},{"damage_healed":0.0,"max_hp_gain":0.0,"max_hp_loss":0.0,"gold_gain":0.0,"event_name":"Accursed Blacksmith","player_choice":"Forge","floor":37.0,"gold_loss":0.0,"damage_taken":0.0,"cards_upgraded":["Strike_R"]}],"is_beta":false,"boss_relics":[{"not_picked":["Pandora\u0027s Box","Hololive_TopUpMoneyS"],"picked":"Hololive_Finger"},{"not_picked":["Mark of Pain","Fusion Hammer"],"picked":"Runic Cube"}],"items_purged_floors":[22,46],"is_endless":false,"potions_floor_spawned":[5,7,8,20,23,25,31,35,39,40,45,48],"ascension_level":0}}