{"host":"373g0ui1bgeshz9m","time":1608305248,"event":{"mods":["Act Like it!","Aspiration","BaseMod","Beaked The Cultist","Better Third Choice","Colored Map","Conspire","Downfall","Halation","Hermit","Hubris","Infinite Spire","Jorbs\u0027s Wanderer Trilogy","Minty Spire (QoL Compilation)","Pale of the Ancients","Permanent Neow","Quick Restart","Replay The Spire","Shade Mod","Shop Mod","Spikes Relics","StSLib","The Animator","The Bladedancer","The Bug Knight","The Construct","The Cursed","The Factory","The Florist","The Judge","The Jungle","The Necromancer","The Sage","The Wild Card","Trackpad","vexMod"],"gold_per_floor":[99,109,109,109,128,29,29,29,14,14,14],"floor_reached":10,"playtime":488,"items_purged":[],"score":54,"play_id":"8255eae5-37c0-4b64-a9cd-3b09551e1ca1","local_time":"20201218102728","is_ascension_mode":false,"campfire_choices":[{"floor":1,"key":"RECALL"},{"data":"Slimebound:CorrosiveSpit","floor":8,"key":"SMITH"}],"circlet_count":0,"master_deck":["Slimebound:Strike_Slimebound","Slimebound:Strike_Slimebound","Slimebound:Strike_Slimebound","Slimebound:Tackle","Slimebound:Defend_Slimebound","Slimebound:Defend_Slimebound","Slimebound:Defend_Slimebound","Slimebound:Defend_Slimebound","Slimebound:Split","Slimebound:CorrosiveSpit+1","Slimebound:RainOfGoop+1","Slimebound:RollThrough","Slimebound:LivingWall","Panacea","Slimebound:Equalize"],"relics":["Slimebound:AbsorbEndCombat","downfall:BrokenWingStatue"],"acts_visited":["Exordium"],"potions_floor_usage":[],"damage_taken":[{"damage":8,"enemies":"Jaw Worm","floor":2,"turns":3},{"damage":0,"enemies":"2 Louse","floor":5,"turns":2},{"damage":14,"enemies":"downfall:FleeingMerchant","floor":6,"turns":4},{"damage":9,"enemies":"downfall:FleeingMerchant","floor":9,"turns":4},{"damage":7,"enemies":"3 Sentries","floor":10,"turns":2}],"seed_played":"2737942855287833242","potions_obtained":[{"floor":5,"key":"Slimebound:SlimyTonguePotion"}],"is_trial":false,"path_per_floor":["R_BF","M","?","?","M","$","T","R","$","E"],"character_chosen":"SLIMEBOUND","items_purchased":["Panacea"],"campfire_rested":0,"item_purchase_floors":[6],"current_hp_per_floor":[60,57,57,57,60,60,60,60,60,53,53],"gold":14,"neow_bonus":"THREE_CARDS","is_daily":false,"chose_seed":false,"campfire_upgraded":1,"win_rate":0.0,"timestamp":1608305248,"path_taken":["R_BF","M","?","?","?","$","T","R","?","E"],"items_purchased_type":["Card"],"build_version":"2020-12-13","purchased_purges":0,"victory":false,"max_hp_per_floor":[60,60,60,60,60,60,60,60,60,60,60],"card_choices":[{"not_picked":["Slimebound:LevelUp","Slimebound:SplitAcid"],"picked":"Slimebound:RainOfGoop","floor":0},{"not_picked":["Slimebound:GoopTackle","Slimebound:LeechEnergy"],"picked":"Slimebound:RollThrough","floor":2},{"not_picked":["Slimebound:SplitMire","Slimebound:Grow"],"picked":"Slimebound:LivingWall","floor":5},{"not_picked":["Slimebound:SlimeTap","Slimebound:SplitAcid","Slimebound:FormOfPuddle"],"picked":"SKIP","floor":6},{"not_picked":["Slimebound:GoopSpray","Slimebound:LeechingTouch"],"picked":"Slimebound:Equalize","floor":9}],"player_experience":87948,"relics_obtained":[],"event_choices":[{"damage_healed":0,"gold_gain":0,"player_choice":"Forge","damage_taken":0,"max_hp_gain":0,"max_hp_loss":0,"event_name":"Accursed Blacksmith","floor":4,"gold_loss":0,"cards_upgraded":["Slimebound:RainOfGoop"]}],"is_beta":false,"boss_relics":[],"items_purged_floors":[],"is_endless":false,"potions_floor_spawned":[5],"killed_by":"3 Sentries","ascension_level":0}}