{"host":"qcjfperppaz4o5r6","time":1608269333,"event":{"mods":["AchievementEnabler","BaseMod","BetterRewards","Colored Map","Colored Powertips","Duelist Mod","Gremlin Mod","Marisa????????","Minty Spire (QoL Compilation)","Relic Stats","Replay The Spire","Shop Mod","StSLib","The Animator","The Bladedancer","The Construct","The Cursed","The Gatherer","The Mystic","The Poker Player","The Servant 0.9.4","The Wild Card","Waifu the Spire","everything is the same but u backflip on backflip"],"gold_per_floor":[142,142,142,92,92,92,117,117,117,132,144,155,155,155,155,256,256,266,266,176,28,28,46,46,66,66,169,169,169],"floor_reached":28,"playtime":2169,"items_purged":[],"score":214,"play_id":"7510a9b2-fd70-4732-bce7-93d0bd392f96","local_time":"20201218002853","is_ascension_mode":false,"campfire_choices":[{"data":"theDuelist:FrostflameDragon","floor":6,"key":"SMITH"},{"data":"theDuelist:BabyDragon","floor":8,"key":"SMITH"},{"floor":15,"key":"REST"},{"floor":24,"key":"REST"}],"circlet_count":0,"master_deck":["theDuelist:BabyDragon+1","theDuelist:CastleWalls","theDuelist:CastleWalls+1","theDuelist:CaveDragon","theDuelist:CaveDragon","theDuelist:LesserDragon+1","theDuelist:LesserDragon","theDuelist:Sparks","theDuelist:Sparks","theDuelist:YamataDragon","theDuelist:DragonCaptureJar+1","theDuelist:LavaDragon","theDuelist:FrostflameDragon+1","theDuelist:DefensiveTactics","theDuelist:DreadnoughtDreadnoid","ReplayTheSpireMod:Splinters","theDuelist:SliferSky","theDuelist:CyberValley+1","theDuelist:TyrantWing","theDuelist:DragonPiper","theDuelist:CoralDragon","theDuelist:DragonMastery","theDuelist:ArmageddonDragonEmp+1","CurseOfTheBell","theDuelist:LordD","theDuelist:CurseAnubis","theDuelist:Earthquake+1","theDuelist:HorusServant","theDuelist:SilverDragon","theDuelist:ExploderDragon+1","theDuelist:CyberDragonDrei+1"],"relics":["theDuelist:MillenniumPuzzle","theDuelist:CardPoolRelic","theDuelist:CardPoolBasicRelic","theDuelist:BoosterPackPoolRelic","theDuelist:CardPoolAddRelic","theDuelist:CardPoolMinusRelic","theDuelist:CardPoolSaveRelic","theDuelist:CardPoolOptionsRelic","ReplayTheSpireMod:TigerMarble","Pen Nib","theDuelist:WhiteBowlRelic","theDuelist:CardRewardRelicD","Calling Bell","Nunchaku","Replay:Bottled Steam","Another Sword","theDuelist:MillenniumArmor","theDuelist:MerchantPendant","Whetstone","Replay:Baseball","ReplayTheSpireMod:Ninjato","Toy Ornithopter"],"acts_visited":["Exordium","TheCity"],"potions_floor_usage":[7,16],"damage_taken":[{"damage":6,"enemies":"Jaw Worm","floor":1,"turns":2},{"damage":36,"enemies":"Gremlin Nob","floor":7,"turns":6},{"damage":0,"enemies":"Small Slimes","floor":10,"turns":4},{"damage":0,"enemies":"2 Louse","floor":11,"turns":2},{"damage":3,"enemies":"Lots of Slimes","floor":12,"turns":5},{"damage":8,"enemies":"Slime Boss","floor":16,"turns":9},{"damage":21,"enemies":"Shell Parasite","floor":18,"turns":7},{"damage":42,"enemies":"2 Thieves","floor":20,"turns":5},{"damage":17,"enemies":"Sentry and Sphere","floor":23,"turns":5},{"damage":9,"enemies":"Snake Plant","floor":25,"turns":4},{"damage":10,"enemies":"Chosen and Byrds","floor":28,"turns":8}],"seed_played":"3289877024890099254","potions_obtained":[{"floor":1,"key":"theDuelist:VampireVial"},{"floor":7,"key":"theDuelist:WhiteBottle"}],"is_trial":false,"path_per_floor":["M","?","?","$","?","R","E","R","T","M","M","M","T","?","R","B",null,"M","?","M","$","?","M","R","M","T","?","M"],"character_chosen":"THE_DUELIST","items_purchased":["theDuelist:FrostflameDragon","theDuelist:MerchantPendant","Whetstone","Replay:Baseball"],"campfire_rested":2,"item_purchase_floors":[4,21,21,21],"current_hp_per_floor":[74,74,74,74,74,74,38,38,38,38,38,35,35,19,43,35,80,59,59,17,17,43,26,50,41,41,9,0,0],"gold":169,"neow_bonus":"RANDOM_COMMON_RELIC","is_daily":false,"chose_seed":false,"campfire_upgraded":2,"win_rate":0.0,"timestamp":1608269333,"path_taken":["M","?","?","$","?","R","E","R","T","?","M","M","?","?","R","BOSS","M","?","M","$","?","M","R","M","T","?","M"],"items_purchased_type":["Card","Relic","Relic","Relic"],"build_version":"2020-12-13","purchased_purges":0,"victory":false,"max_hp_per_floor":[80,80,80,80,80,80,80,80,80,80,80,80,80,80,80,80,80,80,80,80,80,80,80,80,80,80,80,80,80],"relic_stats":{"Nunchaku":[2],"counters":[11,57],"Pen Nib":[4],"Whetstone":["theDuelist:ArmageddonDragonEmp","theDuelist:CyberValley"],"obtain_stats":[{"theDuelist:MillenniumArmor":19,"ReplayTheSpireMod:Ninjato":26,"theDuelist:CardRewardRelicD":13,"Pen Nib":7,"theDuelist:MerchantPendant":21,"theDuelist:MillenniumPuzzle":0,"theDuelist:CardPoolSaveRelic":0,"Whetstone":21,"theDuelist:WhiteBowlRelic":9,"Calling Bell":17,"theDuelist:BoosterPackPoolRelic":0,"theDuelist:CardPoolMinusRelic":0,"Nunchaku":17,"Replay:Baseball":21,"theDuelist:CardPoolBasicRelic":0,"theDuelist:CardPoolAddRelic":0,"Another Sword":17,"theDuelist:CardPoolOptionsRelic":0,"ReplayTheSpireMod:TigerMarble":0,"Toy Ornithopter":27,"theDuelist:CardPoolRelic":0,"Replay:Bottled Steam":17},{"theDuelist:MillenniumArmor":7,"ReplayTheSpireMod:Ninjato":10,"theDuelist:CardRewardRelicD":5,"Pen Nib":2,"theDuelist:MerchantPendant":8,"theDuelist:MillenniumPuzzle":0,"theDuelist:CardPoolSaveRelic":0,"Whetstone":8,"theDuelist:WhiteBowlRelic":2,"Calling Bell":6,"theDuelist:BoosterPackPoolRelic":0,"theDuelist:CardPoolMinusRelic":0,"Nunchaku":6,"Replay:Baseball":8,"theDuelist:CardPoolBasicRelic":0,"theDuelist:CardPoolAddRelic":0,"Another Sword":6,"theDuelist:CardPoolOptionsRelic":0,"ReplayTheSpireMod:TigerMarble":0,"Toy Ornithopter":10,"theDuelist:CardPoolRelic":0,"Replay:Bottled Steam":6},{"theDuelist:MillenniumArmor":35,"ReplayTheSpireMod:Ninjato":49,"theDuelist:CardRewardRelicD":19,"Pen Nib":8,"theDuelist:MerchantPendant":40,"theDuelist:MillenniumPuzzle":0,"theDuelist:CardPoolSaveRelic":0,"Whetstone":40,"theDuelist:WhiteBowlRelic":8,"Calling Bell":28,"theDuelist:BoosterPackPoolRelic":0,"theDuelist:CardPoolMinusRelic":0,"Nunchaku":28,"Replay:Baseball":40,"theDuelist:CardPoolBasicRelic":0,"theDuelist:CardPoolAddRelic":0,"Another Sword":28,"theDuelist:CardPoolOptionsRelic":0,"ReplayTheSpireMod:TigerMarble":0,"Toy Ornithopter":49,"theDuelist:CardPoolRelic":0,"Replay:Bottled Steam":28}],"Toy Ornithopter":0},"card_choices":[{"not_picked":["theDuelist:ScrapIronScarecrow","theDuelist:BurstBreath","theDuelist:TyrantWing","theDuelist:SeismicShockwave"],"picked":"theDuelist:DragonCaptureJar","floor":1},{"not_picked":["theDuelist:ViceDragon","theDuelist:SilverDragon"],"picked":"theDuelist:LavaDragon","floor":1},{"not_picked":["theDuelist:TailSwipe","theDuelist:Lancephorhynchus","theDuelist:FiveHeaded","theDuelist:CyberDragonInfinity"],"picked":"theDuelist:SliferSky","floor":7},{"not_picked":["theDuelist:TwinBarrelDragon","theDuelist:TornadoDragon"],"picked":"theDuelist:CyberValley","floor":7},{"not_picked":["theDuelist:VeilDarkness+1","theDuelist:SafeZone","theDuelist:DragonCaptureJar","theDuelist:DefenseDraw"],"picked":"theDuelist:TyrantWing","floor":10},{"not_picked":["theDuelist:TornadoDragon","theDuelist:Frostosaurus","theDuelist:ScrapIronScarecrow"],"picked":"SKIP","floor":10},{"not_picked":["theDuelist:CaveDragon","theDuelist:CyberDragonCore"],"picked":"theDuelist:DragonPiper","floor":11},{"not_picked":["theDuelist:BattleguardKing","theDuelist:BigFire","theDuelist:Hinotama","theDuelist:RainbowOverdragon","theDuelist:ForbiddenLance"],"picked":"SKIP","floor":11},{"not_picked":["theDuelist:TrihornedDragon","theDuelist:CyberDragonCore"],"picked":"theDuelist:CoralDragon","floor":12},{"not_picked":["theDuelist:MadSwordBeast","theDuelist:GiantRex","theDuelist:BarrelDragon","theDuelist:TrihornedDragon","theDuelist:BlackStego"],"picked":"SKIP","floor":12},{"not_picked":["theDuelist:TailSwipe","theDuelist:QueenDragunDjinn","theDuelist:GaiaDragonChamp","theDuelist:DefensiveTactics"],"picked":"theDuelist:DragonMastery","floor":16},{"not_picked":["theDuelist:VoidOgreDragon","theDuelist:SeismicShockwave"],"picked":"theDuelist:ArmageddonDragonEmp","floor":16},{"not_picked":["theDuelist:BusterBlader","theDuelist:ScrapIronScarecrow","theDuelist:MoltenDestruction","theDuelist:SuperancientDinobeast"],"picked":"theDuelist:LordD","floor":18},{"not_picked":["theDuelist:BusterDrake","theDuelist:ArtifactIgnition","theDuelist:MaskedDragon+1"],"picked":"SKIP","floor":18},{"not_picked":["theDuelist:DarkDriceratops","theDuelist:LavaDragon+1","theDuelist:CoralDragon","theDuelist:AncientPixieDragon","theDuelist:AxeDespair"],"picked":"SKIP","floor":20},{"not_picked":["theDuelist:TornadoDragon","theDuelist:BlackTyranno","theDuelist:Anthrosaurus"],"picked":"SKIP","floor":20},{"not_picked":["theDuelist:StampingDestruction","theDuelist:CyberRevsystem","theDuelist:CyberEmergency","theDuelist:SoulCharge"],"picked":"theDuelist:Earthquake+1","floor":23},{"not_picked":["theDuelist:ScrapIronScarecrow","theDuelist:CyberRevsystem"],"picked":"theDuelist:HorusServant","floor":23},{"not_picked":["theDuelist:FrostflameDragon+1","theDuelist:BusterDrake","theDuelist:BeserkDragon","theDuelist:AtomicScrapDragon"],"picked":"theDuelist:SilverDragon","floor":25},{"not_picked":["theDuelist:AquaDolphin","theDuelist:Dracocension","theDuelist:MaskedDragon+1"],"picked":"SKIP","floor":25},{"not_picked":["theDuelist:ClawHermos","theDuelist:DragonZombie"],"picked":"theDuelist:ExploderDragon+1","floor":27},{"not_picked":["theDuelist:BlackTyranno","theDuelist:Hydrogeddon"],"picked":"theDuelist:CyberDragonDrei+1","floor":27}],"player_experience":25365,"relics_obtained":[{"floor":7,"key":"Pen Nib"},{"floor":9,"key":"theDuelist:WhiteBowlRelic"},{"floor":13,"key":"theDuelist:CardRewardRelicD"},{"floor":17,"key":"Nunchaku"},{"floor":17,"key":"Replay:Bottled Steam"},{"floor":17,"key":"Another Sword"},{"floor":26,"key":"ReplayTheSpireMod:Ninjato"},{"floor":27,"key":"Toy Ornithopter"}],"event_choices":[{"damage_healed":0,"gold_gain":0,"player_choice":"Grow","damage_taken":0,"max_hp_gain":0,"max_hp_loss":0,"event_name":"Living Wall","floor":2,"gold_loss":0,"cards_upgraded":["theDuelist:DragonCaptureJar"]},{"damage_healed":0,"gold_gain":0,"player_choice":"Leave","duelist":true,"damage_taken":0,"max_hp_gain":0,"max_hp_loss":0,"event_name":"Egyptian Village","floor":3,"gold_loss":0},{"damage_healed":0,"gold_gain":0,"player_choice":"3 cards matched","damage_taken":0,"max_hp_gain":0,"max_hp_loss":0,"event_name":"Match and Keep!","floor":5,"gold_loss":0,"cards_obtained":["theDuelist:DefensiveTactics","theDuelist:DreadnoughtDreadnoid","ReplayTheSpireMod:Splinters"]},{"damage_healed":0,"gold_gain":0,"player_choice":"Entered Light","damage_taken":16,"max_hp_gain":0,"max_hp_loss":0,"event_name":"Shining Light","floor":14,"gold_loss":0,"cards_upgraded":["theDuelist:LesserDragon","theDuelist:CastleWalls"]},{"damage_healed":0,"gold_gain":0,"player_choice":"Took item - Received: Millennium Armor","duelist":true,"damage_taken":0,"max_hp_gain":0,"max_hp_loss":0,"event_name":"Millennium Items","floor":19,"gold_loss":0},{"damage_healed":26,"gold_gain":0,"player_choice":"Heal","damage_taken":0,"max_hp_gain":0,"max_hp_loss":0,"event_name":"The Library","floor":22,"gold_loss":0}],"is_beta":false,"boss_relics":[{"not_picked":["SacredBark","Tiny House"],"picked":"Calling Bell"}],"items_purged_floors":[],"is_endless":false,"potions_floor_spawned":[1,7],"killed_by":"Chosen and Byrds","ascension_level":0}}