{"host":"ocy7z4248lncoz2b","time":1608273960,"event":{"mods":["BaseMod","Beaked The Cultist","Better Match","Better Sensory Stone","Better Third Choice","BetterRewards","Clockwork Mod","Colored Powertips","Conspire","Downfall","Friendly Minions","Highlight Path","Hubris","Infinite Spire","Marisa????????","Mimic Mod","Minty Spire (QoL Compilation)","READ ME - Guardian Mod","Replay The Spire","Shop Mod","Spicy Shops","Spikes Relics","StSLib","SuperFastMode","The Blue Laboratory","The Construct","The Jungle"],"gold_per_floor":[99,99,134,134,134,161,185,47,66,66,66,77,87,87,105,201,251,251,24,36,46,46,46],"floor_reached":22,"playtime":845,"items_purged":["Regret"],"score":242,"play_id":"12bfeccf-7d1c-4db5-b5d5-843bc59fa536","local_time":"20201218154600","is_ascension_mode":false,"campfire_choices":[{"data":"construct:DefenseMode","floor":1,"key":"SMITH"},{"data":"construct:CreateCores","floor":10,"key":"SMITH"},{"data":"construct:CreateCores+1","floor":18,"key":"SMITH"}],"circlet_count":0,"master_deck":["Guardian:Gem_Fragmented","construct:Strike_Gold","construct:Strike_Gold","construct:Strike_Gold","construct:Strike_Gold","construct:Strike_Gold","construct:Defend_Gold","construct:Defend_Gold","construct:Defend_Gold","construct:Defend_Gold","construct:Defend_Gold","construct:AttackMode","construct:DefenseMode+1","construct:Boost","construct:Enhance","construct:CreateCores+2","construct:FlashFreeze+1","construct:LaserCore","construct:ClusterMines","ReplayTheSpireMod:Mirror System","construct:ShiftingStance","construct:Autoturret","construct:ReactiveShield","construct:FlashFreeze+1","construct:Autoturret","construct:SuppressiveFire","construct:SaveState"],"relics":["construct:ClockworkPhoenix","downfall:HeartsMalice","infinitespire:Lychee Nut","downfall:ShatteredFragment","conspire:Dentures","Simple Rune","MerchantsRug","Replay:Wax Seal","Tiny House","DollysMirror"],"acts_visited":["Exordium","TheCity"],"potions_floor_usage":[15,16,22],"damage_taken":[{"damage":0,"enemies":"Cultist","floor":2,"turns":1},{"damage":0,"enemies":"Gremlin Nob","floor":3,"turns":1},{"damage":0,"enemies":"Lagavulin","floor":6,"turns":1},{"damage":2,"enemies":"downfall:FleeingMerchant","floor":8,"turns":4},{"damage":0,"enemies":"Small Slimes","floor":9,"turns":6},{"damage":3,"enemies":"Jaw Worm","floor":12,"turns":2},{"damage":2,"enemies":"Blue Slaver","floor":13,"turns":3},{"damage":10,"enemies":"Exordium Wildlife","floor":15,"turns":6},{"damage":32,"enemies":"downfall:Watcher","floor":16,"turns":12},{"damage":3,"enemies":"downfall:FleeingMerchant","floor":19,"turns":4},{"damage":35,"enemies":"conspire:FuzzyDice","floor":20,"turns":7},{"damage":29,"enemies":"Spheric Guardian","floor":21,"turns":8},{"damage":22,"enemies":"Shelled Parasite and Fungi","floor":22,"turns":5}],"seed_played":"-4305914127707307228","potions_obtained":[{"floor":3,"key":"blueLaboratory:NullPotion"},{"floor":6,"key":"blueLaboratory:EnragingPotion"},{"floor":9,"key":"EssenceOfSteel"},{"floor":12,"key":"construct:MegaPotion"},{"floor":15,"key":"blueLaboratory:Moonshine"},{"floor":17,"key":"GamblersBrew"},{"floor":21,"key":"blueLaboratory:LouseDecoction"}],"is_trial":false,"path_per_floor":["R","M","E","?","?","E","T","$","M","R","?","M","M","T","M","B",null,"R","$","M","M","M"],"character_chosen":"THE_CONSTRUCT_MOD","items_purchased":["MerchantsRug","DollysMirror","construct:Autoturret"],"campfire_rested":0,"item_purchase_floors":[8,19,19],"current_hp_per_floor":[85,85,63,48,48,48,48,52,58,58,58,58,61,61,57,31,68,68,65,34,11,0,0],"gold":46,"neow_bonus":"THREE_ENEMY_KILL","is_daily":false,"chose_seed":false,"campfire_upgraded":3,"win_rate":0.0,"timestamp":1608273960,"path_taken":["R","M","E","?","?","E","T","$","M","R","?","M","M","?","M","BOSS","R","$","M","M","M"],"items_purchased_type":["Relic","Relic","Card"],"build_version":"2020-12-13","purchased_purges":1,"victory":false,"max_hp_per_floor":[85,85,63,63,63,63,63,63,63,63,63,63,63,63,63,63,68,68,68,68,68,68,68],"card_choices":[{"not_picked":["construct:HeavyBolt","construct:FocusedBeam"],"picked":"construct:Boost","floor":2},{"not_picked":["construct:ForceCore","construct:BatteryAcid"],"picked":"construct:Enhance","floor":3},{"not_picked":["construct:Backfire","construct:Electrocute"],"picked":"construct:FlashFreeze","floor":6},{"not_picked":["construct:HeavyBolt","construct:Electrocute","construct:OmegaCannon"],"picked":"SKIP","floor":8},{"not_picked":["construct:HardReboot","construct:Chainstrike"],"picked":"construct:LaserCore","floor":9},{"not_picked":["construct:Anticipate","construct:HeavyBolt"],"picked":"construct:ClusterMines","floor":12},{"not_picked":["construct:MassProduction","construct:CreateCores"],"picked":"ReplayTheSpireMod:Mirror System","floor":13},{"not_picked":["construct:Anticipate","construct:Accumulate","construct:Analyze"],"picked":"SKIP","floor":15},{"not_picked":["construct:MassProduction","construct:Afterburners"],"picked":"construct:ShiftingStance","floor":16},{"not_picked":["construct:Impenetrable","construct:ChargeShot"],"picked":"construct:Autoturret","floor":17},{"not_picked":["construct:SyphonStrike","construct:CreateCores"],"picked":"construct:ReactiveShield","floor":19},{"not_picked":["construct:Reinforce+1","construct:NuclearCore"],"picked":"construct:SuppressiveFire","floor":20},{"not_picked":["construct:ShiftStrike+1","construct:Tumble"],"picked":"construct:SaveState","floor":21}],"player_experience":256101,"relics_obtained":[{"floor":3,"key":"infinitespire:Lychee Nut"},{"floor":6,"key":"conspire:Dentures"},{"floor":7,"key":"Simple Rune"},{"floor":14,"key":"Replay:Wax Seal"}],"event_choices":[],"is_beta":false,"boss_relics":[{"not_picked":["hubris:BlackHole","Kintsugi"],"picked":"Tiny House"}],"items_purged_floors":[19],"is_endless":false,"potions_floor_spawned":[3,6,9,12,15,21],"killed_by":"Shelled Parasite and Fungi","ascension_level":0}}