{"host":"l2821e3dgmq4sghh","time":1608323115,"event":{"mods":["BaseMod","Colored Powertips","Minty Spire (QoL Compilation)","StSLib"],"gold_per_floor":[115,115,134,144,69,69,99,99,122,155,155,183,183,195,195,266,266,282,282,282,282,301,301,311,311,383,418,432,452,452,462,462,541,541,559,216,254,42,92,92,129,139,139,139,164,183,183,222,222,262,262,262,36,91,91,91],"floor_reached":55,"playtime":8178,"items_purged":["Strike_G","Reflex","Dagger Spray"],"score":1462,"play_id":"8d4dd974-d2fc-4862-b1df-1ff56910e097","local_time":"20201218212515","is_ascension_mode":true,"campfire_choices":[{"data":"Poisoned Stab","floor":6.0,"key":"SMITH"},{"data":"Bane","floor":8.0,"key":"SMITH"},{"data":"Die Die Die","floor":11.0,"key":"SMITH"},{"data":"A Thousand Cuts","floor":13.0,"key":"SMITH"},{"data":"Neutralize","floor":15.0,"key":"SMITH"},{"data":"Ghostly","floor":23.0,"key":"SMITH"},{"data":"Ghostly","floor":25.0,"key":"SMITH"},{"data":"Dash","floor":30.0,"key":"SMITH"},{"data":"Dash","floor":32.0,"key":"SMITH"},{"data":"Well Laid Plans","floor":40.0,"key":"SMITH"},{"floor":47.0,"key":"RECALL"},{"data":"Noxious Fumes","floor":49.0,"key":"SMITH"},{"data":"Ghostly","floor":52.0,"key":"SMITH"}],"circlet_count":0,"master_deck":["AscendersBane","Survivor","Neutralize+1","Poisoned Stab+1","Well Laid Plans","Bane+1","Die Die Die+1","A Thousand Cuts+1","Blur","Adrenaline","Riddle With Holes","Phantasmal Killer","Outmaneuver","Bane","Deflect","Dash+1","Dodge and Roll","Necronomicurse","Ghostly+1","Ghostly+1","Ghostly+1","PiercingWail","Concentrate+1","Choke","Dash+1","Backflip+1","Adrenaline","Crippling Poison+1","HandOfGreed","Well Laid Plans+1","Backflip+1","Backstab","Dodge and Roll","Backflip","Well Laid Plans+1","Noxious Fumes+1","Bullet Time","Grand Finale+1"],"relics":["Ring of the Snake","NeowsBlessing","Bag of Preparation","Lantern","Orichalcum","Smiling Mask","Pandora\u0027s Box","MutagenicStrength","Necronomicon","Sundial","Oddly Smooth Stone","SlaversCollar","Bag of Marbles","Molten Egg 2","Calipers"],"acts_visited":["Exordium","TheCity","TheBeyond","TheEnding"],"potions_floor_usage":[54,54],"damage_taken":[{"damage":0.0,"enemies":"2 Louse","floor":1.0,"turns":1.0},{"damage":0.0,"enemies":"Cultist","floor":3.0,"turns":1.0},{"damage":0.0,"enemies":"Small Slimes","floor":4.0,"turns":1.0},{"damage":23.0,"enemies":"3 Sentries","floor":7.0,"turns":10.0},{"damage":0.0,"enemies":"Gremlin Nob","floor":10.0,"turns":2.0},{"damage":8.0,"enemies":"3 Sentries","floor":12.0,"turns":5.0},{"damage":0.0,"enemies":"Looter","floor":14.0,"turns":2.0},{"damage":24.0,"enemies":"Hexaghost","floor":16.0,"turns":12.0},{"damage":0.0,"enemies":"Chosen","floor":18.0,"turns":4.0},{"damage":0.0,"enemies":"3 Byrds","floor":22.0,"turns":3.0},{"damage":0.0,"enemies":"3 Cultists","floor":24.0,"turns":3.0},{"damage":6.0,"enemies":"Book of Stabbing","floor":27.0,"turns":5.0},{"damage":0.0,"enemies":"Snecko","floor":28.0,"turns":2.0},{"damage":0.0,"enemies":"Chosen and Byrds","floor":29.0,"turns":6.0},{"damage":0.0,"enemies":"Centurion and Healer","floor":31.0,"turns":4.0},{"damage":2.0,"enemies":"Collector","floor":33.0,"turns":8.0},{"damage":0.0,"enemies":"Orb Walker","floor":35.0,"turns":2.0},{"damage":0.0,"enemies":"3 Darklings","floor":37.0,"turns":6.0},{"damage":0.0,"enemies":"4 Shapes","floor":41.0,"turns":2.0},{"damage":0.0,"enemies":"Transient","floor":42.0,"turns":6.0},{"damage":0.0,"enemies":"Giant Head","floor":45.0,"turns":7.0},{"damage":0.0,"enemies":"3 Darklings","floor":46.0,"turns":3.0},{"damage":0.0,"enemies":"4 Shapes","floor":48.0,"turns":4.0},{"damage":4.0,"enemies":"Donu and Deca","floor":50.0,"turns":7.0},{"damage":9,"enemies":"Shield and Spear","floor":54,"turns":8},{"damage":24,"enemies":"The Heart","floor":55,"turns":3}],"seed_played":"5279822199429463819","potions_obtained":[{"floor":1.0,"key":"FearPotion"},{"floor":4.0,"key":"Dexterity Potion"},{"floor":7.0,"key":"Fire Potion"},{"floor":10.0,"key":"Weak Potion"},{"floor":16.0,"key":"Regen Potion"},{"floor":27.0,"key":"LiquidBronze"},{"floor":31.0,"key":"CultistPotion"},{"floor":37.0,"key":"Block Potion"},{"floor":41.0,"key":"DistilledChaos"},{"floor":46.0,"key":"SkillPotion"}],"is_trial":false,"path_per_floor":["M","?","M","M","$","R","E","R","T","E","R","E","R","M","R","B",null,"M","?","?","?","M","R","M","R","T","E","M","M","R","M","R","B",null,"M","$","M","$","?","R","M","M","T","?","E","M","R","M","R","B",null,"R","$","E","B"],"character_chosen":"THE_SILENT","items_purchased":["HandOfGreed","Well Laid Plans","Bag of Marbles","Bullet Time","Block Potion"],"campfire_rested":0,"item_purchase_floors":[36,36,38,53,53],"current_hp_per_floor":[59,59,59,59,59,59,36,36,36,36,36,28,28,28,28,4,51,51,51,30,30,30,30,30,30,30,24,24,24,24,24,24,22,30,30,30,30,30,30,30,30,30,30,30,30,30,30,30,30,26,31,31,31,22,0,0],"gold":91,"neow_bonus":"THREE_ENEMY_KILL","is_daily":false,"chose_seed":false,"campfire_upgraded":12,"win_rate":0.0,"timestamp":1608323115,"path_taken":["M","?","M","?","$","R","E","R","T","E","R","E","R","M","R","BOSS","M","?","?","?","M","R","M","R","T","E","M","M","R","M","R","BOSS","M","$","M","$","?","R","M","?","T","?","E","M","R","M","R","BOSS","R","$","E","BOSS"],"items_purchased_type":["Card","Card","Relic","Card","Potion"],"build_version":"2020-12-13","purchased_purges":3,"victory":false,"max_hp_per_floor":[66,66,66,66,66,66,66,66,66,66,66,66,66,66,66,66,66,66,66,66,33,33,33,33,33,33,33,33,33,33,33,33,33,33,33,33,33,33,33,33,33,33,33,33,33,33,33,33,33,33,33,33,33,33,33,33],"card_choices":[{"not_picked":["Terror","Concentrate"],"picked":"Poisoned Stab","floor":1.0},{"not_picked":["Deadly Poison","Poisoned Stab"],"picked":"Dagger Spray","floor":3.0},{"not_picked":["Distraction","Dodge and Roll"],"picked":"Well Laid Plans","floor":4.0},{"not_picked":["Catalyst","Accuracy"],"picked":"Bane","floor":7.0},{"not_picked":["Flying Knee","Masterful Stab"],"picked":"Die Die Die","floor":10.0},{"not_picked":["Outmaneuver","Poisoned Stab"],"picked":"A Thousand Cuts","floor":12.0},{"not_picked":["Concentrate","Infinite Blades"],"picked":"Blur","floor":14.0},{"not_picked":["Night Terror","Burst"],"picked":"Adrenaline","floor":16.0},{"not_picked":["Blade Dance","Endless Agony"],"picked":"Dodge and Roll","floor":18.0},{"not_picked":["Terror","Endless Agony"],"picked":"PiercingWail","floor":22.0},{"not_picked":["Eviscerate","Masterful Stab"],"picked":"Concentrate+1","floor":24.0},{"not_picked":["Eviscerate","Dagger Throw+1"],"picked":"Choke","floor":27.0},{"not_picked":["Poisoned Stab","Sucker Punch"],"picked":"Dash","floor":28.0},{"not_picked":["Finisher","Quick Slash"],"picked":"Backflip+1","floor":29.0},{"not_picked":["Setup","Quick Slash","Slice"],"picked":"SKIP","floor":31.0},{"not_picked":["Corpse Explosion","Envenom"],"picked":"Adrenaline","floor":33.0},{"not_picked":["Noxious Fumes+1","Expertise"],"picked":"Crippling Poison+1","floor":35.0},{"not_picked":["Prepared","Bane"],"picked":"Backflip+1","floor":37.0},{"not_picked":["Underhanded Strike","Quick Slash"],"picked":"Backstab","floor":41.0},{"not_picked":["Bane","Envenom"],"picked":"Dodge and Roll","floor":42.0},{"not_picked":["Deflect","Bane+1"],"picked":"Backflip","floor":45.0},{"not_picked":["Dodge and Roll","Glass Knife+1"],"picked":"Well Laid Plans+1","floor":46.0},{"not_picked":["Flechettes+1","Dagger Throw+1"],"picked":"Noxious Fumes","floor":48.0},{"not_picked":["Endless Agony+1","Reflex+1"],"picked":"Grand Finale+1","floor":54}],"player_experience":5318215,"relics_obtained":[{"floor":7.0,"key":"Bag of Preparation"},{"floor":9.0,"key":"Lantern"},{"floor":10.0,"key":"Orichalcum"},{"floor":12.0,"key":"Smiling Mask"},{"floor":20.0,"key":"Necronomicon"},{"floor":26.0,"key":"Sundial"},{"floor":27.0,"key":"Oddly Smooth Stone"},{"floor":45.0,"key":"Molten Egg 2"},{"floor":54,"key":"Calipers"}],"event_choices":[{"cards_removed":["Strike_G"],"damage_healed":0.0,"max_hp_gain":0.0,"max_hp_loss":0.0,"gold_gain":0.0,"event_name":"Wheel of Change","player_choice":"Card Removal","floor":2.0,"gold_loss":0.0,"damage_taken":0.0},{"damage_healed":0.0,"max_hp_gain":0.0,"max_hp_loss":0.0,"gold_gain":0.0,"event_name":"Drug Dealer","player_choice":"Inject Mutagens","floor":19.0,"gold_loss":0.0,"damage_taken":0.0,"relics_obtained":["MutagenicStrength"]},{"damage_healed":0.0,"max_hp_gain":0.0,"max_hp_loss":0.0,"gold_gain":0.0,"event_name":"Cursed Tome","player_choice":"Obtained Book","floor":20.0,"gold_loss":0.0,"damage_taken":21.0},{"damage_healed":0.0,"max_hp_gain":0.0,"max_hp_loss":33.0,"gold_gain":0.0,"event_name":"Ghosts","player_choice":"Became a Ghost","floor":21.0,"gold_loss":0.0,"damage_taken":0.0,"cards_obtained":["Ghostly","Ghostly","Ghostly"]},{"damage_healed":0.0,"max_hp_gain":0.0,"max_hp_loss":0.0,"gold_gain":50.0,"event_name":"Golden Shrine","player_choice":"Pray","floor":39.0,"gold_loss":0.0,"damage_taken":0.0},{"cards_removed":["Deadly Poison"],"damage_healed":0.0,"max_hp_gain":0.0,"max_hp_loss":0.0,"gold_gain":0.0,"event_name":"Falling","player_choice":"Removed Skill","floor":44.0,"gold_loss":0.0,"damage_taken":0.0}],"is_beta":false,"boss_relics":[{"not_picked":["Coffee Dripper","Runic Dome"],"picked":"Pandora\u0027s Box"},{"not_picked":["Fusion Hammer","Black Star"],"picked":"SlaversCollar"}],"items_purged_floors":[5,36,38],"is_endless":false,"potions_floor_spawned":[1,4,7,10,16,27,28,31,37,41,46,48],"killed_by":"The Heart","ascension_level":19}}