{"host":"April","time":1610953140,"event":{"mods":["BaseMod","Minty Spire (QoL Compilation)"],"gold_per_floor":[117,137,31,31,45,73,73,107,107,107,133,147,176,176,176,280,280,300,300,353,9,108,135,135,150,150,150,181,456,12,44,44,142,192,231,250,7,20,20,47,47,81,104,54,54,89,108,141,141,141],"floor_reached":51,"language":"ENG","playtime":3776,"items_purged":["Regret","Decay"],"score":987,"play_id":"5302bed3-0c3e-47a8-84a6-957899ed95d5","local_time":"20210117225900","is_ascension_mode":true,"campfire_choices":[{"data":"Strike_G","floor":7.0,"key":"SMITH"},{"floor":10.0,"key":"REST"},{"data":"Well Laid Plans","floor":15.0,"key":"SMITH"},{"floor":27.0,"key":"REST"},{"data":"Catalyst","floor":32,"key":"SMITH"},{"data":"Adrenaline","floor":41,"key":"SMITH"},{"data":"Panacea","floor":45,"key":"SMITH"},{"floor":49,"key":"REST"}],"circlet_count":0,"master_deck":["Strike_G+1","Strike_G","Strike_G","Strike_G","Strike_G+1","Defend_G","Defend_G","Defend_G","Defend_G","Defend_G+1","Survivor","Neutralize+1","Well Laid Plans+1","Bouncing Flask","Predator+1","Noxious Fumes","Quick Slash","Leg Sweep","Distraction+1","Adrenaline+1","Leg Sweep","All Out Attack","Burst","Flying Knee+1","Panacea+1","All Out Attack","Footwork+1","HandOfGreed+1","Catalyst+1","Prepared+1","Storm of Steel","Footwork+1","PiercingWail+1","Blur+1","Footwork+1","Catalyst","Acrobatics+1","Calculated Gamble"],"relics":["Ring of the Snake","Bag of Preparation","The Specimen","Sundial","MealTicket","StoneCalendar","Frozen Egg 2","HoveringKite","War Paint","Meat on the Bone","Centennial Puzzle","Enchiridion","Smiling Mask","Bottled Lightning","Orichalcum","Art of War","Tiny House","White Beast Statue","Pantograph","InkBottle","Snake Skull","Omamori","Strawberry","Whetstone"],"acts_visited":["Exordium","TheCity","TheBeyond"],"potions_floor_usage":[40,42,48,48,48],"damage_taken":[{"damage":0.0,"enemies":"Small Slimes","floor":1.0,"turns":5.0},{"damage":8.0,"enemies":"Cultist","floor":2.0,"turns":5.0},{"damage":1.0,"enemies":"2 Louse","floor":5.0,"turns":2.0},{"damage":27.0,"enemies":"Lagavulin","floor":6.0,"turns":6.0},{"damage":12.0,"enemies":"Gremlin Nob","floor":8.0,"turns":3.0},{"damage":10.0,"enemies":"3 Sentries","floor":11.0,"turns":6.0},{"damage":6.0,"enemies":"Exordium Wildlife","floor":12.0,"turns":4.0},{"damage":21.0,"enemies":"Gremlin Nob","floor":13.0,"turns":4.0},{"damage":2.0,"enemies":"Hexaghost","floor":16.0,"turns":8.0},{"damage":3.0,"enemies":"Spheric Guardian","floor":18.0,"turns":5.0},{"damage":32.0,"enemies":"Book of Stabbing","floor":23.0,"turns":8.0},{"damage":5.0,"enemies":"3 Byrds","floor":25.0,"turns":4.0},{"damage":37.0,"enemies":"Slavers","floor":28.0,"turns":4.0},{"damage":0,"enemies":"Gremlin Leader","floor":31,"turns":6},{"damage":46,"enemies":"Collector","floor":33,"turns":6},{"damage":10,"enemies":"3 Shapes","floor":35,"turns":4},{"damage":3,"enemies":"Orb Walker","floor":36,"turns":4},{"damage":0,"enemies":"Maw","floor":38,"turns":8},{"damage":5,"enemies":"Nemesis","floor":40,"turns":7},{"damage":55,"enemies":"Giant Head","floor":42,"turns":11},{"damage":8,"enemies":"Nemesis","floor":46,"turns":9},{"damage":15,"enemies":"4 Shapes","floor":47,"turns":6},{"damage":22,"enemies":"Reptomancer","floor":48,"turns":7},{"damage":33,"enemies":"Time Eater","floor":50,"turns":13}],"seed_played":"8453809830505687016","potions_obtained":[{"floor":2.0,"key":"PowerPotion"},{"floor":5.0,"key":"ColorlessPotion"},{"floor":6.0,"key":"Poison Potion"},{"floor":12.0,"key":"Swift Potion"},{"floor":25.0,"key":"ColorlessPotion"},{"floor":28.0,"key":"Strength Potion"},{"floor":34,"key":"DuplicationPotion"},{"floor":38,"key":"Fire Potion"},{"floor":40,"key":"FearPotion"},{"floor":42,"key":"EssenceOfSteel"},{"floor":47,"key":"BlessingOfTheForge"},{"floor":48,"key":"SmokeBomb"}],"is_trial":false,"path_per_floor":["M","M","$","?","M","E","R","E","T","R","E","M","E","?","R","B",null,"M","?","T","$","?","E","?","M","T","R","E","?","$","E","R","B",null,"M","M","$","M","T","E","R","E","T","$","R","E","M","E","R","B",null],"character_chosen":"THE_SILENT","items_purchased":["Predator","Noxious Fumes","Meat on the Bone","Panacea","HandOfGreed","Catalyst","Orichalcum","White Beast Statue"],"campfire_rested":3,"item_purchase_floors":[3,3,21,21,30,30,30,37],"current_hp_per_floor":[84,76,76,76,75,48,48,36,36,61,51,45,24,17,17,15,84,81,65,65,80,80,48,32,39,39,65,40,40,55,55,55,21,94,84,81,94,94,94,89,89,46,46,61,61,60,57,47,77,68],"gold":141,"neow_bonus":"TWENTY_PERCENT_HP_BONUS","is_daily":false,"chose_seed":false,"campfire_upgraded":5,"win_rate":0.0,"timestamp":1610953140,"path_taken":["M","M","$","?","M","E","R","E","T","R","E","?","E","?","R","BOSS","M","?","?","$","?","E","?","?","T","R","E","?","$","E","R","BOSS","M","M","$","?","?","E","R","E","T","?","R","E","M","E","R","BOSS"],"items_purchased_type":["Card","Card","Relic","Card","Card","Card","Relic","Relic"],"build_version":"2020-12-18","purchased_purges":2,"victory":true,"max_hp_per_floor":[84,84,84,84,84,84,84,84,84,84,84,84,84,84,84,84,84,84,89,89,89,89,89,89,89,89,89,89,89,89,89,89,89,94,94,94,94,94,94,94,94,94,94,94,94,101,101,101,101,101],"card_choices":[{"not_picked":["Endless Agony","Accuracy"],"picked":"Well Laid Plans","floor":1.0},{"not_picked":["Dagger Throw","Backflip"],"picked":"Bouncing Flask","floor":2.0},{"not_picked":["Blade Dance","Heel Hook"],"picked":"Quick Slash","floor":5.0},{"not_picked":["Blur","Dagger Throw"],"picked":"Leg Sweep","floor":6.0},{"not_picked":["Prepared","Setup"],"picked":"Distraction","floor":8.0},{"not_picked":["Bane","Accuracy"],"picked":"Adrenaline","floor":11.0},{"not_picked":["Outmaneuver","Underhanded Strike"],"picked":"Leg Sweep","floor":12.0},{"not_picked":["Noxious Fumes","Bane"],"picked":"All Out Attack","floor":13.0},{"not_picked":["Bullet Time","Glass Knife"],"picked":"Burst","floor":16.0},{"not_picked":["Skewer","Infinite Blades+1"],"picked":"Flying Knee+1","floor":18.0},{"not_picked":["Underhanded Strike","Riddle With Holes","Flying Knee"],"picked":"SKIP","floor":23.0},{"not_picked":["Slice","Deadly Poison"],"picked":"All Out Attack","floor":25.0},{"not_picked":["Accuracy+1","Crippling Poison+1"],"picked":"Footwork+1","floor":28.0},{"not_picked":["Tactician","Infinite Blades+1"],"picked":"Prepared+1","floor":31},{"not_picked":["Grand Finale","Burst"],"picked":"Storm of Steel","floor":33},{"not_picked":["Flying Knee","Deadly Poison+1"],"picked":"Footwork+1","floor":34},{"not_picked":["Deadly Poison+1","Masterful Stab+1"],"picked":"PiercingWail+1","floor":35},{"not_picked":["Outmaneuver+1","Acrobatics"],"picked":"Blur+1","floor":36},{"not_picked":["Sucker Punch","Finisher","All Out Attack"],"picked":"SKIP","floor":38},{"not_picked":["Caltrops+1","Quick Slash+1"],"picked":"Footwork+1","floor":40},{"not_picked":["Cloak And Dagger","Underhanded Strike","Dagger Spray"],"picked":"SKIP","floor":42},{"not_picked":["Deadly Poison","Dodge and Roll"],"picked":"Catalyst","floor":46},{"not_picked":["Deflect","Leg Sweep"],"picked":"Acrobatics+1","floor":47},{"not_picked":["Blade Dance+1","Poisoned Stab"],"picked":"Calculated Gamble","floor":48}],"player_experience":2577951,"relics_obtained":[{"floor":6.0,"key":"Bag of Preparation"},{"floor":8.0,"key":"The Specimen"},{"floor":9.0,"key":"Sundial"},{"floor":11.0,"key":"MealTicket"},{"floor":13.0,"key":"StoneCalendar"},{"floor":20.0,"key":"War Paint"},{"floor":23.0,"key":"Centennial Puzzle"},{"floor":24.0,"key":"Enchiridion"},{"floor":26.0,"key":"Smiling Mask"},{"floor":28.0,"key":"Bottled Lightning"},{"floor":31,"key":"Art of War"},{"floor":39,"key":"Pantograph"},{"floor":40,"key":"InkBottle"},{"floor":42,"key":"Snake Skull"},{"floor":43,"key":"Omamori"},{"floor":46,"key":"Strawberry"},{"floor":48,"key":"Whetstone"}],"event_choices":[{"damage_healed":0.0,"max_hp_gain":0.0,"max_hp_loss":0.0,"gold_gain":0.0,"event_name":"Upgrade Shrine","player_choice":"Upgraded","floor":4.0,"gold_loss":0.0,"damage_taken":0.0,"cards_upgraded":["Neutralize"]},{"damage_healed":0.0,"max_hp_gain":0.0,"max_hp_loss":0.0,"gold_gain":0.0,"event_name":"Scrap Ooze","player_choice":"Success","floor":14.0,"gold_loss":0.0,"damage_taken":7.0,"relics_obtained":["Frozen Egg 2"]},{"damage_healed":0.0,"max_hp_gain":5.0,"max_hp_loss":0.0,"gold_gain":0.0,"event_name":"Forgotten Altar","player_choice":"Shed Blood","floor":19.0,"gold_loss":0.0,"damage_taken":21.0},{"damage_healed":0.0,"max_hp_gain":0.0,"max_hp_loss":0.0,"gold_gain":99.0,"event_name":"Nest","player_choice":"Stole From Cult","floor":22.0,"gold_loss":0.0,"damage_taken":0.0},{"damage_healed":0.0,"max_hp_gain":0.0,"max_hp_loss":0.0,"gold_gain":0.0,"event_name":"Cursed Tome","player_choice":"Obtained Book","floor":24.0,"gold_loss":0.0,"damage_taken":16.0},{"damage_healed":0.0,"max_hp_gain":0.0,"max_hp_loss":0.0,"gold_gain":275.0,"event_name":"Golden Shrine","player_choice":"Desecrate","floor":29.0,"gold_loss":0.0,"damage_taken":0.0,"cards_obtained":["Regret"]}],"is_beta":true,"boss_relics":[{"not_picked":["Ring of the Serpent","Calling Bell"],"picked":"HoveringKite"},{"not_picked":["Velvet Choker","Empty Cage"],"picked":"Tiny House"}],"items_purged_floors":[30,44],"is_endless":false,"potions_floor_spawned":[2,5,6,12,25,28,38,40,42,46,47,48],"ascension_level":1}}