{"host":"q9718omregw4er46","time":1610996691,"event":{"mods":["BaseMod","Bestiary","Colored Powertips","Minty Spire (QoL Compilation)","Quick Restart","Relic Stats"],"gold_per_floor":[109,128,145,163,176,209,209,219,219,219,239,266,266,281,281,356,356,373,90,106,6,31,31,51,85,85,99,99,124,124,154,154,225,225,241,256,308,57,74,105,131,165,165,165,177,190,225,302,302,302,302],"floor_reached":52,"language":"ENG","playtime":2877,"items_purged":["Strike_P","Strike_P","Strike_P"],"score":2213,"play_id":"642720bd-2a0c-492e-8651-6bb33bc76cc9","local_time":"20210119000451","is_ascension_mode":true,"campfire_choices":[{"floor":7.0,"key":"REST"},{"floor":10.0,"key":"REST"},{"floor":15.0,"key":"REST"},{"floor":23.0,"key":"REST"},{"floor":28.0,"key":"REST"},{"floor":32.0,"key":"RECALL"},{"floor":44.0,"key":"REST"},{"floor":49.0,"key":"REST"}],"circlet_count":0,"master_deck":["AscendersBane","Strike_P+1","Defend_P+1","Defend_P+1","Defend_P+1","Defend_P+1","Eruption+1","Vigilance+1","EmptyFist+1","SandsOfTime","FearNoEvil","Devotion+1","CarveReality+1","ThirdEye+1","EmptyMind+1","Blasphemy+1","LessonLearned+1","MentalFortress","Meditate+1","CutThroughFate","Meditate+1","Devotion+1","Scrawl","Wallop+1","CrushJoints+1","MentalFortress+1"],"relics":["Fusion Hammer","Omamori","Sundial","Nunchaku","Boot","Snecko Eye","Anchor","Strawberry","WingedGreaves","Meat on the Bone","Juzu Bracelet","Smiling Mask","Busted Crown","StoneCalendar","Membership Card","Ancient Tea Set","Yang","Damaru","Oddly Smooth Stone","Toxic Egg 2"],"acts_visited":["Exordium","TheCity","TheBeyond"],"potions_floor_usage":[51],"damage_taken":[{"damage":1.0,"enemies":"Cultist","floor":1.0,"turns":3.0},{"damage":0.0,"enemies":"2 Louse","floor":2.0,"turns":2.0},{"damage":2.0,"enemies":"Jaw Worm","floor":3.0,"turns":2.0},{"damage":7.0,"enemies":"2 Fungi Beasts","floor":4.0,"turns":3.0},{"damage":1.0,"enemies":"Looter","floor":5.0,"turns":3.0},{"damage":27.0,"enemies":"Gremlin Nob","floor":6.0,"turns":4.0},{"damage":15.0,"enemies":"3 Louse","floor":8.0,"turns":4.0},{"damage":11.0,"enemies":"2 Fungi Beasts","floor":11.0,"turns":3.0},{"damage":27.0,"enemies":"Lagavulin","floor":12.0,"turns":8.0},{"damage":0.0,"enemies":"Large Slime","floor":14.0,"turns":3.0},{"damage":0.0,"enemies":"Slime Boss","floor":16.0,"turns":3.0},{"damage":17.0,"enemies":"2 Thieves","floor":18.0,"turns":4.0},{"damage":6.0,"enemies":"Shell Parasite","floor":20.0,"turns":3.0},{"damage":15.0,"enemies":"Snake Plant","floor":24.0,"turns":4.0},{"damage":18.0,"enemies":"Gremlin Leader","floor":25.0,"turns":6.0},{"damage":11.0,"enemies":"Chosen and Byrds","floor":27.0,"turns":5.0},{"damage":8.0,"enemies":"Slavers","floor":29.0,"turns":4.0},{"damage":24.0,"enemies":"Book of Stabbing","floor":31.0,"turns":5.0},{"damage":2.0,"enemies":"Collector","floor":33.0,"turns":6.0},{"damage":0.0,"enemies":"Orb Walker","floor":35.0,"turns":3.0},{"damage":0.0,"enemies":"3 Darklings","floor":36.0,"turns":4.0},{"damage":20.0,"enemies":"2 Orb Walkers","floor":37.0,"turns":5.0},{"damage":0.0,"enemies":"Sphere and 2 Shapes","floor":39.0,"turns":2.0},{"damage":0.0,"enemies":"Nemesis","floor":40.0,"turns":6.0},{"damage":16.0,"enemies":"Giant Head","floor":41.0,"turns":7.0},{"damage":43.0,"enemies":"Reptomancer","floor":42.0,"turns":5.0},{"damage":1.0,"enemies":"Writhing Mass","floor":45.0,"turns":3.0},{"damage":0.0,"enemies":"Jaw Worm Horde","floor":46.0,"turns":4.0},{"damage":0.0,"enemies":"Giant Head","floor":47.0,"turns":5.0},{"damage":50,"enemies":"Time Eater","floor":50,"turns":11},{"damage":12,"enemies":"Awakened One","floor":51,"turns":7}],"seed_played":"-887440460730673590","potions_obtained":[{"floor":2.0,"key":"Fruit Juice"},{"floor":4.0,"key":"Block Potion"},{"floor":8.0,"key":"Energy Potion"},{"floor":11.0,"key":"EssenceOfSteel"},{"floor":12.0,"key":"Dexterity Potion"},{"floor":16.0,"key":"Block Potion"},{"floor":29.0,"key":"Regen Potion"},{"floor":33.0,"key":"Block Potion"},{"floor":45.0,"key":"GamblersBrew"},{"floor":46.0,"key":"Energy Potion"}],"is_trial":false,"path_per_floor":["M","M","M","M","M","E","R","M","T","R","M","E","?","M","R","B",null,"M","$","M","$","T","R","M","E","T","M","R","E","?","E","R","B",null,"M","M","?","$","M","E","E","E","T","R","M","M","E","T","R","B","B",null],"character_chosen":"WATCHER","items_purchased":["Anchor","MentalFortress","Membership Card","Wallop"],"campfire_rested":7,"item_purchase_floors":[19,19,38,38],"current_hp_per_floor":[60,60,58,51,50,23,49,34,34,55,44,17,17,17,38,38,64,47,47,41,41,48,72,57,39,39,40,64,56,56,44,44,57,74,74,74,54,54,54,54,50,19,19,43,42,42,42,42,66,28,28],"gold":302,"neow_bonus":"BOSS_RELIC","is_daily":false,"chose_seed":false,"campfire_upgraded":0,"win_rate":0.0,"timestamp":1610996691,"path_taken":["M","M","M","M","M","E","R","M","T","R","M","E","?","M","R","BOSS","M","$","M","?","?","R","?","E","T","M","R","E","?","E","R","BOSS","M","M","?","$","M","E","E","E","T","R","M","M","E","?","R","BOSS","BOSS"],"items_purchased_type":["Relic","Card","Relic","Card"],"build_version":"2020-12-22","purchased_purges":3,"victory":true,"max_hp_per_floor":[68,68,68,68,68,68,73,73,73,73,73,73,73,73,73,73,73,73,73,73,73,80,80,80,80,80,80,80,80,80,80,80,80,80,80,80,80,80,80,80,80,80,80,80,80,80,80,80,80,80,80],"relic_stats":{"Nunchaku":[29],"Busted Crown":20,"counters":[31,137],"Sundial":[24],"Snecko Eye":[209,191,188,207],"StoneCalendar":[88],"Yang":[107],"Juzu Bracelet":0,"Boot":[38],"Smiling Mask":13,"obtain_stats":[{"Damaru":42,"Oddly Smooth Stone":47,"StoneCalendar":37,"Yang":41,"Omamori":6,"Juzu Bracelet":29,"Boot":13,"Smiling Mask":31,"Ancient Tea Set":40,"Nunchaku":12,"Anchor":19,"Busted Crown":34,"Sundial":9,"Strawberry":22,"Snecko Eye":17,"Fusion Hammer":0,"WingedGreaves":25,"Membership Card":38,"PureWater":0,"Toxic Egg 2":48,"Meat on the Bone":26},{"Damaru":26,"Oddly Smooth Stone":29,"StoneCalendar":22,"Yang":25,"Omamori":6,"Juzu Bracelet":17,"Boot":9,"Smiling Mask":18,"Ancient Tea Set":24,"Nunchaku":9,"Anchor":12,"Busted Crown":19,"Sundial":7,"Strawberry":13,"Snecko Eye":11,"Fusion Hammer":0,"WingedGreaves":15,"Membership Card":22,"PureWater":0,"Toxic Egg 2":29,"Meat on the Bone":15},{"Damaru":107,"Oddly Smooth Stone":119,"StoneCalendar":87,"Yang":102,"Omamori":17,"Juzu Bracelet":64,"Boot":32,"Smiling Mask":69,"Ancient Tea Set":95,"Nunchaku":32,"Anchor":42,"Busted Crown":75,"Sundial":21,"Strawberry":45,"Snecko Eye":38,"Fusion Hammer":0,"WingedGreaves":55,"Membership Card":87,"PureWater":0,"Toxic Egg 2":119,"Meat on the Bone":55}],"Meat on the Bone":72},"card_choices":[{"not_picked":["ClearTheMind","Protect"],"picked":"EmptyFist","floor":1.0},{"not_picked":["Weave","Worship"],"picked":"SandsOfTime","floor":2.0},{"not_picked":["SashWhip","Consecrate"],"picked":"FearNoEvil","floor":3.0},{"not_picked":["FlyingSleeves","WreathOfFlame","CrushJoints"],"picked":"SKIP","floor":4.0},{"not_picked":["Vengeance","ThirdEye"],"picked":"Devotion","floor":5.0},{"not_picked":["FearNoEvil","BowlingBash"],"picked":"CarveReality","floor":6.0},{"not_picked":["JustLucky","FlurryOfBlows"],"picked":"ThirdEye","floor":8.0},{"not_picked":["Prostrate","PathToVictory"],"picked":"EmptyMind","floor":11.0},{"not_picked":["Halt","CrushJoints"],"picked":"Blasphemy","floor":12.0},{"not_picked":["CarveReality","EmptyFist","Halt"],"picked":"SKIP","floor":14.0},{"not_picked":["Alpha","SpiritShield"],"picked":"LessonLearned","floor":16.0},{"not_picked":["SignatureMove","Protect","Study"],"picked":"SKIP","floor":18.0},{"not_picked":["PathToVictory","Perseverance","SashWhip+1"],"picked":"SKIP","floor":20.0},{"not_picked":["CutThroughFate","JustLucky"],"picked":"Meditate","floor":24.0},{"not_picked":["SashWhip","ForeignInfluence"],"picked":"CutThroughFate","floor":25.0},{"not_picked":["FearNoEvil","CrushJoints"],"picked":"Meditate","floor":27.0},{"not_picked":["Perseverance","Protect","CutThroughFate"],"picked":"SKIP","floor":29.0},{"not_picked":["Prostrate","Evaluate","FearNoEvil"],"picked":"SKIP","floor":31.0},{"not_picked":["DeusExMachina","Blasphemy"],"picked":"Scrawl","floor":33.0},{"not_picked":["Study+1"],"picked":"SKIP","floor":35.0},{"not_picked":["Perseverance"],"picked":"SKIP","floor":36.0},{"not_picked":["BowlingBash"],"picked":"SKIP","floor":39.0},{"not_picked":["Fasting2"],"picked":"SKIP","floor":40.0},{"not_picked":[],"picked":"CrushJoints+1","floor":41.0},{"not_picked":["Prostrate"],"picked":"SKIP","floor":42.0},{"not_picked":["JustLucky+1"],"picked":"SKIP","floor":45.0},{"not_picked":["EmptyBody+1"],"picked":"SKIP","floor":46.0},{"not_picked":[],"picked":"MentalFortress+1","floor":47.0}],"player_experience":1221681,"relics_obtained":[{"floor":6.0,"key":"Omamori"},{"floor":9.0,"key":"Sundial"},{"floor":12.0,"key":"Nunchaku"},{"floor":22.0,"key":"Strawberry"},{"floor":25.0,"key":"WingedGreaves"},{"floor":26.0,"key":"Meat on the Bone"},{"floor":29.0,"key":"Juzu Bracelet"},{"floor":31.0,"key":"Smiling Mask"},{"floor":37.0,"key":"StoneCalendar"},{"floor":40.0,"key":"Ancient Tea Set"},{"floor":41.0,"key":"Yang"},{"floor":42.0,"key":"Damaru"},{"floor":47.0,"key":"Oddly Smooth Stone"},{"floor":48.0,"key":"Toxic Egg 2"}],"event_choices":[{"damage_healed":0.0,"max_hp_gain":0.0,"max_hp_loss":0.0,"gold_gain":0.0,"event_name":"WeMeetAgain","player_choice":"Gave Potion","floor":13.0,"gold_loss":0.0,"damage_taken":0.0,"relics_obtained":["Boot"]},{"damage_healed":0.0,"max_hp_gain":0.0,"max_hp_loss":0.0,"gold_gain":0.0,"event_name":"Duplicator","player_choice":"Copied","floor":30.0,"gold_loss":0.0,"damage_taken":0.0,"cards_obtained":["Devotion"]},{"damage_healed":0.0,"max_hp_gain":0.0,"max_hp_loss":0.0,"gold_gain":0.0,"event_name":"Mysterious Sphere","player_choice":"Fight","floor":37.0,"gold_loss":0.0,"damage_taken":0.0}],"is_beta":false,"boss_relics":[{"not_picked":["Calling Bell","Astrolabe"],"picked":"Snecko Eye"},{"not_picked":["Sozu","Tiny House"],"picked":"Busted Crown"}],"items_purged_floors":[19,21,38],"is_endless":false,"potions_floor_spawned":[2,4,8,11,12,16,18,29,33,36,37,45,46,47],"ascension_level":20}}