{"host":"dzit4ljil6490tuf","time":1610956187,"event":{"mods":["BaseMod","Downfall","Hermit","Hubris","Minty Spire (QoL Compilation)","StSLib","The Cursed","The Runesmith","The Servant 0.9.4"],"gold_per_floor":[99,114,129,144,144,182,182,201,239,315,68,106,106,144,163,288,288,288,307,326,345,144,182,207,43,62,47,85,85,35,35,54,179,179,179,198,217,217,100,100,125,125,144,163,201,201,201,201],"floor_reached":47,"language":"ITA","playtime":2599,"items_purged":["Injury"],"score":648,"play_id":"203ee6dd-893e-4fcb-8609-2c8e341bda8e","local_time":"20210118084947","daily_mods":["Heirloom","Purple Cards","Elite Swarm"],"is_ascension_mode":false,"campfire_choices":[{"data":"Zap","floor":1,"key":"SMITH"},{"floor":13,"key":"REST"},{"data":"Defragment","floor":18,"key":"SMITH"},{"floor":29,"key":"REST"},{"data":"Echo Form","floor":35,"key":"SMITH"},{"floor":40,"key":"REST"},{"data":"Loop","floor":42,"key":"SMITH"}],"circlet_count":0,"master_deck":["Strike_B+1","Strike_B+1","Strike_B+1","Strike_B+1","Defend_B+1","Defend_B","Defend_B+1","Defend_B","Zap+1","Dualcast","Perseverance+1","Consecrate","Chaos+1","Ragnarok","Defragment+1","LessonLearned","ThirdEye","Auto Shields+1","WheelKick","Devotion","Brilliance+1","CutThroughFate","Echo Form+1","Leap","FlyingSleeves+1","Doom and Gloom+1","Beam Cell","Devotion","Rainbow+1","Necronomicurse","CarveReality+1","Brilliance","PathToVictory","Stack","CrushJoints+1","Apotheosis+1","Loop+1","MasterReality"],"relics":["Cracked Core","Incense Burner","Golden Idol","Runesmith:AutoHammer","Strawberry","WingedGreaves","Anchor","champ:DeflectingBracers","Philosopher\u0027s Stone","Lee\u0027s Waffle","hubris:FunFungus","Whetstone","Ancient Tea Set","Necronomicon","Nuclear Battery","hubris:BottledRain","War Paint","bronze:BronzeIdol"],"acts_visited":["Exordium","TheCity","TheBeyond"],"potions_floor_usage":[9,12,20,20,27,33,33,45,45,45],"damage_taken":[{"damage":0,"enemies":"Cultist","floor":2,"turns":3},{"damage":2,"enemies":"2 Louse","floor":3,"turns":3},{"damage":0,"enemies":"Small Slimes","floor":4,"turns":3},{"damage":10,"enemies":"Lagavulin","floor":6,"turns":7},{"damage":7,"enemies":"Blue Slaver","floor":8,"turns":2},{"damage":15,"enemies":"Gremlin Nob","floor":9,"turns":4},{"damage":0,"enemies":"downfall:FleeingMerchant","floor":11,"turns":4},{"damage":1,"enemies":"3 Sentries","floor":12,"turns":5},{"damage":30,"enemies":"Gremlin Nob","floor":14,"turns":5},{"damage":5,"enemies":"Looter","floor":15,"turns":3},{"damage":0,"enemies":"Slime Boss","floor":16,"turns":6},{"damage":13,"enemies":"Shell Parasite","floor":19,"turns":4},{"damage":28,"enemies":"Sentry and Sphere","floor":20,"turns":6},{"damage":33,"enemies":"Shelled Parasite and Fungi","floor":21,"turns":6},{"damage":3,"enemies":"downfall:FleeingMerchant","floor":22,"turns":4},{"damage":21,"enemies":"Book of Stabbing","floor":23,"turns":5},{"damage":5,"enemies":"downfall:FleeingMerchant","floor":25,"turns":4},{"damage":0,"enemies":"Centurion and Healer","floor":26,"turns":5},{"damage":22,"enemies":"downfall:FleeingMerchant","floor":27,"turns":4},{"damage":27,"enemies":"Slavers","floor":28,"turns":5},{"damage":1,"enemies":"Snecko","floor":32,"turns":3},{"damage":15,"enemies":"WA_ARCHETYPE_CALM","floor":33,"turns":5},{"damage":26,"enemies":"3 Darklings","floor":36,"turns":3},{"damage":0,"enemies":"Orb Walker","floor":37,"turns":2},{"damage":0,"enemies":"downfall:FleeingMerchant","floor":39,"turns":1},{"damage":16,"enemies":"3 Darklings","floor":43,"turns":5},{"damage":39,"enemies":"Writhing Mass","floor":44,"turns":5},{"damage":24,"enemies":"Giant Head","floor":45,"turns":6},{"damage":38,"enemies":"Transient","floor":47,"turns":4}],"seed_played":"-1283480827410872575","potions_obtained":[{"floor":2,"key":"Block Potion"},{"floor":4,"key":"SteroidPotion"},{"floor":8,"key":"Guardian:BlockOnCardUsePotion"},{"floor":12,"key":"Ancient Potion"},{"floor":14,"key":"Guardian:BlockOnCardUsePotion"},{"floor":26,"key":"bronze:BurnAndBuffPotion"},{"floor":28,"key":"FocusPotion"},{"floor":33,"key":"sneckomod:MuddlingPotion"},{"floor":44,"key":"EntropicBrew"},{"floor":45,"key":"EssenceOfSteel"}],"is_trial":false,"path_per_floor":["R","M","M","M","?","E","T","M","E","?","$","E","R","E","M","B",null,"R","M","M","M","$","E","T","$","M","$","E","R","?","?","M","B",null,"R","M","M","?","$","R","T","R","M","M","E","?","M"],"character_chosen":"DEFECT","items_purchased":["Auto Shields","WheelKick","Lee\u0027s Waffle","Doom and Gloom","Devotion","Apotheosis","Loop","hubris:BottledRain"],"campfire_rested":3,"item_purchase_floors":[11,11,22,22,25,39,39,39],"current_hp_per_floor":[75,75,73,73,73,63,70,63,48,48,48,47,71,41,36,36,82,82,69,41,8,89,68,68,64,65,46,20,46,78,62,65,50,89,89,64,65,68,68,92,92,92,80,43,19,19,0,0],"gold":201,"neow_bonus":"","is_daily":true,"chose_seed":false,"campfire_upgraded":4,"win_rate":0.0,"timestamp":1610956187,"path_taken":["R","M","M","?","?","E","T","M","E","?","$","E","R","E","M","BOSS","R","M","M","M","$","E","T","$","M","$","E","R","?","?","M","BOSS","R","M","M","?","$","R","T","R","M","M","E","?","M"],"items_purchased_type":["Card","Card","Relic","Card","Card","Card","Card","Relic"],"build_version":"2020-12-22","purchased_purges":1,"victory":false,"max_hp_per_floor":[75,75,75,75,75,75,82,82,82,82,82,82,82,82,82,82,82,82,82,82,82,89,89,89,89,89,89,89,89,89,89,89,89,89,89,89,89,92,92,92,92,92,92,92,92,92,92,92],"card_choices":[{"not_picked":["EmptyMind","Undo"],"picked":"Perseverance","floor":2},{"not_picked":["EmptyFist","Vengeance"],"picked":"Consecrate","floor":3},{"not_picked":["Streamline","Steam"],"picked":"Chaos","floor":4},{"not_picked":["All For One","Core Surge"],"picked":"Ragnarok","floor":6},{"not_picked":["Consecrate","Crescendo"],"picked":"Defragment","floor":8},{"not_picked":["hubris:DoWhile","Judgement"],"picked":"LessonLearned","floor":9},{"not_picked":["Study","Protect"],"picked":"ThirdEye","floor":11},{"not_picked":["Thunder Strike","hubris:DoWhile"],"picked":"Devotion","floor":12},{"not_picked":["DevaForm","Creative AI"],"picked":"Brilliance","floor":14},{"not_picked":["Sweeping Beam","Redo"],"picked":"CutThroughFate","floor":15},{"not_picked":["Fission","Omniscience"],"picked":"Echo Form","floor":16},{"not_picked":["Compile Driver","Collect","Go for the Eyes"],"picked":"SKIP","floor":19},{"not_picked":["TalkToTheHand","CrushJoints+1"],"picked":"Leap","floor":20},{"not_picked":["FollowUp","Auto Shields"],"picked":"FlyingSleeves+1","floor":21},{"not_picked":["Chaos","Hello World+1","Halt"],"picked":"SKIP","floor":22},{"not_picked":["Vault","hubris:DoWhile","Hyperbeam"],"picked":"SKIP","floor":23},{"not_picked":["Consecrate","JustLucky"],"picked":"Beam Cell","floor":25},{"not_picked":["CutThroughFate","Steam","Blizzard"],"picked":"SKIP","floor":26},{"not_picked":["Protect","White Noise","WaveOfTheHand"],"picked":"SKIP","floor":27},{"not_picked":["Meteor Strike","LessonLearned"],"picked":"Rainbow","floor":28},{"not_picked":["Consecrate","Redo+1"],"picked":"CarveReality+1","floor":32},{"not_picked":["hubris:SpecializedCircuitry","Machine Learning"],"picked":"Brilliance","floor":33},{"not_picked":["Protect+1","Rebound+1"],"picked":"PathToVictory","floor":36},{"not_picked":["Steam+1","BowlingBash+1"],"picked":"Stack","floor":37},{"not_picked":["Halt+1","Go for the Eyes"],"picked":"CrushJoints+1","floor":39},{"not_picked":["ClearTheMind+1","JustLucky","ForeignInfluence"],"picked":"SKIP","floor":43},{"not_picked":["Barrage+1","Adaptation+1","Amplify"],"picked":"SKIP","floor":44},{"not_picked":["LessonLearned","Judgement"],"picked":"MasterReality","floor":45}],"player_experience":588951,"relics_obtained":[{"floor":6,"key":"Runesmith:AutoHammer"},{"floor":7,"key":"Strawberry"},{"floor":9,"key":"WingedGreaves"},{"floor":12,"key":"Anchor"},{"floor":14,"key":"champ:DeflectingBracers"},{"floor":23,"key":"hubris:FunFungus"},{"floor":24,"key":"Whetstone"},{"floor":28,"key":"Ancient Tea Set"},{"floor":31,"key":"Necronomicon"},{"floor":41,"key":"War Paint"},{"floor":45,"key":"bronze:BronzeIdol"}],"event_choices":[{"damage_healed":0,"gold_gain":0,"player_choice":"Take Wound","damage_taken":0,"relics_obtained":["Golden Idol"],"max_hp_gain":0,"max_hp_loss":0,"event_name":"Golden Idol","floor":5,"gold_loss":0,"cards_obtained":["Injury"]},{"damage_healed":0,"gold_gain":76,"player_choice":"Gained Gold","damage_taken":0,"max_hp_gain":0,"max_hp_loss":0,"event_name":"Golden Wing","floor":10,"gold_loss":0}],"is_beta":false,"boss_relics":[{"not_picked":["expansioncontent:StudyCardRelic","Runesmith:UraniumAnvil"],"picked":"Philosopher\u0027s Stone"},{"not_picked":["Tiny House","SacredBark"],"picked":"Nuclear Battery"}],"items_purged_floors":[11],"is_endless":false,"potions_floor_spawned":[2,4,8,12,14,26,28,33,44,45],"killed_by":"Transient","ascension_level":0}}