{"host":"wutzay93uet9pf9y","time":1610990452,"event":{"mods":["BaseMod","Colored Map","Downfall","Minty Spire (QoL Compilation)","StSLib"],"gold_per_floor":[99,146,146,166,180,191,262,290,310,322,334,334,134,159,159,159,159,159],"floor_reached":16,"language":"ENG","playtime":819,"items_purged":[],"score":139,"play_id":"3956673a-9c52-49b2-9461-cf6db4b0c35c","local_time":"20210118122052","is_ascension_mode":false,"campfire_choices":[{"floor":1,"key":"RECALL"},{"floor":13,"key":"REST"}],"circlet_count":0,"master_deck":["Guardian:Strike_Guardian","Guardian:Strike_Guardian","Guardian:Strike_Guardian","Guardian:Strike_Guardian","Guardian:Defend_Guardian","Guardian:Defend_Guardian","Guardian:Defend_Guardian","Guardian:CurlUp","Guardian:TwinSlam","Guardian:BronzeOrb","Guardian:EvasiveProtocol","Guardian:SentryBeam","Guardian:PrismaticBeam+1","Guardian:RevengeProtocol","Guardian:Incinerate","Guardian:Repulse"],"relics":["Guardian:ModeShifter","Ornamental Fan","Juzu Bracelet","downfall:HeartBlessingRed","downfall:HeartBlessingBlue","Incense Burner"],"acts_visited":["Exordium"],"potions_floor_usage":[8,14,14,15],"damage_taken":[{"damage":6,"enemies":"Cultist","floor":4,"turns":4},{"damage":5,"enemies":"Jaw Worm","floor":5,"turns":4},{"damage":2,"enemies":"2 Louse","floor":6,"turns":2},{"damage":32,"enemies":"Gremlin Nob","floor":8,"turns":6},{"damage":9,"enemies":"Exordium Thugs","floor":9,"turns":6},{"damage":12,"enemies":"3 Louse","floor":10,"turns":4},{"damage":0,"enemies":"Large Slime","floor":11,"turns":5},{"damage":9,"enemies":"Lagavulin","floor":14,"turns":4},{"damage":0,"enemies":"Blue Slaver","floor":15,"turns":1},{"damage":74,"enemies":"IC_STATUS_ARCHETYPE","floor":16,"turns":13}],"seed_played":"8799570321708916173","potions_obtained":[{"floor":5,"key":"Energy Potion"},{"floor":6,"key":"hexamod:SoulburnPotion"},{"floor":11,"key":"DuplicationPotion"},{"floor":14,"key":"SmokeBomb"}],"is_trial":false,"path_per_floor":["R","T","?","M","M","M","T","E","M","M","M","?","R","E","M","B"],"character_chosen":"GUARDIAN","items_purchased":[],"campfire_rested":1,"item_purchase_floors":[],"current_hp_per_floor":[88,88,88,82,77,75,75,43,34,22,22,22,61,52,52,0,0,0],"gold":159,"neow_bonus":"TEN_PERCENT_HP_BONUS","is_daily":false,"chose_seed":false,"campfire_upgraded":0,"win_rate":0.0,"timestamp":1610990452,"path_taken":["R","?","?","M","?","M","T","E","M","M","M","?","R","E","M","BOSS"],"items_purchased_type":[],"build_version":"2020-12-22","purchased_purges":0,"victory":false,"max_hp_per_floor":[88,88,88,88,88,88,88,88,88,88,88,88,98,98,98,98,98,98],"card_choices":[{"not_picked":["Guardian:PiercingHide","Guardian:Clone"],"picked":"Guardian:Gem_Red","floor":4},{"not_picked":["Guardian:Gem_Green","Guardian:Gem_Red"],"picked":"Guardian:BronzeOrb","floor":5},{"not_picked":["Guardian:Clone","Guardian:Gem_Crimson"],"picked":"Guardian:EvasiveProtocol","floor":6},{"not_picked":["Guardian:RollAttack","Guardian:EvasiveProtocol"],"picked":"Guardian:SentryBeam","floor":8},{"not_picked":["Guardian:RollAttack","Guardian:BronzeOrb"],"picked":"Guardian:PrismaticBeam","floor":9},{"not_picked":["Guardian:BodySlam","Guardian:ShieldCharger"],"picked":"Guardian:RevengeProtocol","floor":10},{"not_picked":["Guardian:EvasiveProtocol","Guardian:ShieldCharger"],"picked":"Guardian:Incinerate","floor":11},{"not_picked":["Guardian:Clone","Guardian:Suspension"],"picked":"Guardian:Repulse","floor":14}],"player_experience":307053,"relics_obtained":[{"floor":7,"key":"Ornamental Fan"},{"floor":8,"key":"Juzu Bracelet"},{"floor":14,"key":"Incense Burner"}],"event_choices":[],"is_beta":false,"boss_relics":[],"items_purged_floors":[],"is_endless":false,"potions_floor_spawned":[5,6,11,14,15],"killed_by":"IC_STATUS_ARCHETYPE","ascension_level":0}}