{"host":"ykruzxakfolvqoa7","time":1610962156,"event":{"mods":["Act Like it!","BaseMod","Colored Powertips","Downfall","Elementarium","Hubris","Ironclad Rager","Menagerie","Mimic Mod","Minty Spire (QoL Compilation)","Spicy Shops","Spikes Relics","StSLib","Swap Starting Deck Mod","Wandering Minibosses"],"gold_per_floor":[111,126,63,175,183,183,191,191,191,191,205,211,1,8,8,57,57,65,63,63,63,29,44,44,44],"floor_reached":24,"language":"ENG","playtime":1177,"items_purged":[],"score":266,"play_id":"38062447-be45-44c4-82b4-fce4019bf13e","local_time":"20210118092916","is_ascension_mode":false,"campfire_choices":[{"floor":6,"key":"REST"},{"data":"Stack","floor":8,"key":"SMITH"},{"floor":10,"key":"REST"},{"floor":15,"key":"RECALL"}],"circlet_count":0,"master_deck":["Ball Lightning","Ball Lightning","Ball Lightning","Ball Lightning","Thunder Strike","Stack+1","Stack","Stack","Stack","Zap","Self Repair","White Noise","Shame","Leap","Hello World","Storm","Creative AI","Conserve Battery","RefreshScreen","Heatsinks","Hologram+1"],"relics":["Cracked Core","Menagerie:Aurumvore","Darkstone Periapt","Boot","hubris:ScarierMask","Nunchaku"],"acts_visited":["Exordium","TheCity"],"potions_floor_usage":[11,11,24],"damage_taken":[{"damage":6,"enemies":"Menagerie:MonstrousExperiment","floor":1,"turns":2},{"damage":7,"enemies":"Menagerie:WhisperingWraith","floor":2,"turns":3},{"damage":9,"enemies":"Menagerie:2_RABBITS","floor":5,"turns":3},{"damage":0,"enemies":"Menagerie:RedMage","floor":7,"turns":2},{"damage":10,"enemies":"Menagerie:MaskedSummoner","floor":11,"turns":3},{"damage":0,"enemies":"Menagerie:MeltingSalamander","floor":12,"turns":3},{"damage":8,"enemies":"Menagerie:EntropyWarlock","floor":14,"turns":3},{"damage":25,"enemies":"Menagerie:Chimera","floor":16,"turns":6},{"damage":10,"enemies":"Chosen","floor":18,"turns":3},{"damage":1,"enemies":"2 Thieves","floor":19,"turns":2},{"damage":66,"enemies":"Book of Stabbing","floor":23,"turns":7},{"damage":16,"enemies":"Snake Plant","floor":24,"turns":2}],"seed_played":"-1296995228894619258","potions_obtained":[{"floor":1,"key":"hexamod:SoulburnPotion"},{"floor":2,"key":"FocusPotion"},{"floor":12,"key":"Fire Potion"},{"floor":23,"key":"LiquidBronze"}],"is_trial":false,"path_per_floor":["M","M","?","?","M","R","M","R","T","R","E","M","$","M","R","B",null,"M","M","$","?","$","E","M"],"character_chosen":"DEFECT","items_purchased":["Storm","Heatsinks"],"campfire_rested":2,"item_purchase_floors":[13,22],"current_hp_per_floor":[32,32,32,32,30,52,52,52,52,74,64,71,71,63,63,45,75,65,71,71,71,71,12,0,0],"gold":44,"neow_bonus":"","is_daily":false,"chose_seed":false,"campfire_upgraded":1,"win_rate":0.0,"timestamp":1610962156,"path_taken":["M","M","?","?","?","R","M","R","T","R","E","M","$","M","R","BOSS","M","M","?","?","$","E","M"],"items_purchased_type":["Card","Card"],"build_version":"2020-12-22","purchased_purges":0,"victory":false,"max_hp_per_floor":[75,75,75,75,75,75,75,75,75,75,75,75,75,75,75,75,75,75,75,75,75,75,75,75,75],"card_choices":[{"not_picked":["Beam Cell","Scrape"],"picked":"Self Repair","floor":1},{"not_picked":["Darkness","Streamline"],"picked":"White Noise","floor":2},{"not_picked":["Rebound","Sweeping Beam","Turbo"],"picked":"SKIP","floor":5},{"not_picked":["Barrage","Coolheaded"],"picked":"Leap","floor":7},{"not_picked":["Coolheaded","Meteor Strike","Aggregate"],"picked":"SKIP","floor":11},{"not_picked":["Gash","Coolheaded"],"picked":"Hello World","floor":12},{"not_picked":["Chill","Consume","Hologram"],"picked":"SKIP","floor":14},{"not_picked":["Machine Learning","Hyperbeam"],"picked":"Creative AI","floor":16},{"not_picked":["Steam","Steam Power","Coolheaded"],"picked":"SKIP","floor":18},{"not_picked":["Aggregate","Hologram"],"picked":"Conserve Battery","floor":19},{"not_picked":["Leap","Hyperbeam"],"picked":"Hologram+1","floor":23}],"player_experience":394503,"relics_obtained":[{"floor":9,"key":"Darkstone Periapt"},{"floor":11,"key":"Boot"},{"floor":23,"key":"Nunchaku"}],"event_choices":[{"damage_healed":0,"gold_gain":0,"player_choice":"Pacify","damage_taken":0,"relics_obtained":["Menagerie:Aurumvore"],"max_hp_gain":0,"max_hp_loss":0,"event_name":"Menagerie:ScentOfGold","floor":3,"gold_loss":0},{"damage_healed":0,"gold_gain":225,"player_choice":"Raid","damage_taken":0,"max_hp_gain":0,"max_hp_loss":0,"event_name":"Menagerie:SpiderNest","floor":4,"gold_loss":0,"cards_obtained":["Shame"]}],"is_beta":false,"boss_relics":[{"not_picked":["Runic Dome","hubris:GrandSneckoEye"],"picked":"hubris:ScarierMask"}],"items_purged_floors":[],"is_endless":false,"potions_floor_spawned":[1,2,12,23],"killed_by":"Snake Plant","ascension_level":0}}