{"host":"qie07cxbi2v0we72","time":1610982041,"event":{"mods":["BaseMod","Minty Spire (QoL Compilation)","Relic Stats","StSLib","SuperFastMode","The Judge","Waifu the Spire","thorton"],"gold_per_floor":[118,142,74,74,103,103,426,391,414,414,456,640,640,675,675,680,680,680],"floor_reached":16,"language":"ENG","playtime":361,"items_purged":[],"score":100,"play_id":"ef7f5834-eff8-4b07-ad27-4691dcc7de85","local_time":"20210118160041","daily_mods":["Heirloom"],"is_ascension_mode":false,"campfire_choices":[{"floor":6,"key":"REST"},{"floor":10,"key":"REST"},{"floor":15,"key":"REST"}],"circlet_count":0,"master_deck":["thethorton:Strike","thethorton:Strike","thethorton:Strike","thethorton:Strike","thethorton:Defend","thethorton:Defend","thethorton:Defend","thethorton:Defend","thethorton:Heckle+1","thethorton:CreditCard","Normality","thethorton:BusinessCard","thethorton:LongTermPayoff","thethorton:CannonShot","Injury","thethorton:AngerMoment","thethorton:Jackpot","thethorton:Distance","Doubt","thethorton:MomentaryBreak"],"relics":["thethorton:CouragePotion","Gambling Chip","Golden Idol","Lantern","CeramicFish"],"acts_visited":["Exordium"],"potions_floor_usage":[11,16],"damage_taken":[{"damage":4,"enemies":"Cultist","floor":1,"turns":4},{"damage":25,"enemies":"Small Slimes","floor":2,"turns":7},{"damage":19,"enemies":"Jaw Worm","floor":5,"turns":6},{"damage":19,"enemies":"Exordium Wildlife","floor":7,"turns":5},{"damage":30,"enemies":"Gremlin Nob","floor":11,"turns":5},{"damage":18,"enemies":"Looter","floor":14,"turns":4},{"damage":38,"enemies":"Hexaghost","floor":16,"turns":8}],"seed_played":"4696560208939287513","potions_obtained":[{"floor":2,"key":"DistilledChaos"},{"floor":14,"key":"FearPotion"}],"is_trial":true,"path_per_floor":["M","M","$","?","M","R","M","?","T","R","E","?","?","M","R","B"],"character_chosen":"THE_THORT","items_purchased":["thethorton:CannonShot"],"campfire_rested":3,"item_purchase_floors":[3],"current_hp_per_floor":[64,39,39,39,20,40,21,38,38,58,28,28,28,10,30,0,0,0],"gold":680,"neow_bonus":"","is_daily":false,"chose_seed":false,"campfire_upgraded":0,"win_rate":0.0,"timestamp":1610982041,"path_taken":["M","?","$","?","M","R","M","?","T","R","E","?","?","M","R","BOSS"],"items_purchased_type":["Card"],"build_version":"2020-12-22","purchased_purges":0,"victory":false,"max_hp_per_floor":[68,68,68,68,68,68,68,68,68,68,68,68,68,68,68,68,68,68],"relic_stats":{"counters":[7,39],"Golden Idol":20,"Gambling Chip":[7],"CeramicFish":27,"obtain_stats":[{"Lantern":9,"Golden Idol":4,"Gambling Chip":0,"CeramicFish":11,"thethorton:CouragePotion":0},{"Lantern":4,"Golden Idol":2,"Gambling Chip":0,"CeramicFish":5,"thethorton:CouragePotion":0},{"Lantern":22,"Golden Idol":11,"Gambling Chip":0,"CeramicFish":27,"thethorton:CouragePotion":0}]},"card_choices":[{"not_picked":["thethorton:GoldBuffer","thethorton:Distance"],"picked":"thethorton:BusinessCard","floor":1},{"not_picked":["thethorton:FearfulRun","thethorton:SnowDay"],"picked":"thethorton:LongTermPayoff","floor":2},{"not_picked":["thethorton:DownPayment","thethorton:RunningKick"],"picked":"thethorton:AngerMoment","floor":5},{"not_picked":["thethorton:MomentaryBreak","thethorton:RunningKick"],"picked":"thethorton:Jackpot","floor":7},{"not_picked":["thethorton:BookBash","thethorton:BattleTrash"],"picked":"thethorton:Distance","floor":11},{"not_picked":["thethorton:DualBap","thethorton:SicklyRun"],"picked":"thethorton:MomentaryBreak","floor":14}],"player_experience":900158,"relics_obtained":[{"floor":9,"key":"Lantern"},{"floor":11,"key":"CeramicFish"}],"event_choices":[{"damage_healed":0,"gold_gain":0,"player_choice":"Take Wound","damage_taken":0,"relics_obtained":["Golden Idol"],"max_hp_gain":0,"max_hp_loss":0,"event_name":"Golden Idol","floor":4,"gold_loss":0,"cards_obtained":["Injury"]},{"damage_healed":17,"gold_gain":0,"player_choice":"Healed","damage_taken":0,"max_hp_gain":0,"max_hp_loss":0,"event_name":"The Cleric","floor":8,"gold_loss":35},{"damage_healed":0,"gold_gain":175,"player_choice":"AGREE","damage_taken":0,"max_hp_gain":0,"max_hp_loss":0,"event_name":"Liars Game","floor":12,"gold_loss":0,"cards_obtained":["Doubt"]},{"damage_healed":0,"gold_gain":0,"player_choice":"Upgraded","damage_taken":0,"max_hp_gain":0,"max_hp_loss":0,"event_name":"Upgrade Shrine","floor":13,"gold_loss":0,"cards_upgraded":["thethorton:Heckle"]}],"is_beta":false,"boss_relics":[],"items_purged_floors":[],"is_endless":true,"potions_floor_spawned":[2,14],"killed_by":"Hexaghost","ascension_level":0}}