{"host":"dtvgc7uk609653br","time":1610937608,"event":{"mods":["Arknights The Spire","BaseMod","Downfall","GungeonMod","Hermit","Kratos Character Expansion","Minty Spire (QoL Compilation)","Shade Mod","StSLib","The Bladedancer","The Druid","The Exalted","The Kombatant","The Necromancer"],"gold_per_floor":[99,114,134,59,79,113,113,132,132,145,162,112,131,131,141,244,244,194,210,224,224,237,254,254,239,189,189,218,168,188,199,218,313,313,263,277,277,287,43,43,43,93,111,121,71,123,123,133,147,147],"floor_reached":51,"language":"ENG","playtime":3228,"items_purged":[],"score":702,"play_id":"3f284115-564a-490d-a1b9-6c7f1752f2ef","local_time":"20210117214008","is_ascension_mode":false,"campfire_choices":[{"data":"Slimebound:CorrosiveSpit","floor":1,"key":"SMITH"},{"data":"Slimebound:SamplingLick","floor":12,"key":"SMITH"},{"data":"Slimebound:MassRepurpose","floor":18,"key":"SMITH"},{"data":"Slimebound:WasteNot","floor":26,"key":"SMITH"},{"data":"Slimebound:HauntingLick","floor":29,"key":"SMITH"},{"data":"Slimebound:Schlurp","floor":35,"key":"SMITH"},{"data":"Slimebound:Gluttony","floor":40,"key":"SMITH"},{"data":"Slimebound:ViciousTackle","floor":45,"key":"SMITH"}],"circlet_count":0,"master_deck":["Slimebound:Strike_Slimebound","Slimebound:Defend_Slimebound","Slimebound:Defend_Slimebound","Slimebound:Defend_Slimebound","Slimebound:Defend_Slimebound+1","Slimebound:Split","Slimebound:CorrosiveSpit+1","Slimebound:ItLooksTasty","Slimebound:LivingWall","Slimebound:GrowthPunch","Slimebound:Equalize","Slimebound:SamplingLick+1","Slimebound:SplitMire","Slimebound:LeechingTouch","Slimebound:MassRepurpose+1","Slimebound:ItLooksTasty","Slimebound:Schlurp+1","Slimebound:LeechingTouch","Slimebound:WasteNot+1","Slimebound:HauntingLick+1","Slimebound:HauntingLick+1","Slimebound:MegaLick","Slimebound:LivingWall+1","Slimebound:Gluttony+1","Slimebound:ViciousTackle+1","Slimebound:SamplingLick","Slimebound:LeechEnergy","Slimebound:AcidTongue"],"relics":["Slimebound:AbsorbEndCombat","Lantern","Slimebound:GreedOozeRelic","Toy Ornithopter","KratosMod:minohorn","Ancient Tea Set","SlaversCollar","Sundial","MutagenicStrength","Eternal Feather","Empty Cage","Strawberry","Meat on the Bone","Dead Branch","Blood Vial"],"acts_visited":["Exordium","TheCity","TheBeyond"],"potions_floor_usage":[16,16,33,33],"damage_taken":[{"damage":1,"enemies":"Cultist","floor":2,"turns":3},{"damage":4,"enemies":"2 Louse","floor":3,"turns":2},{"damage":0,"enemies":"Small Slimes","floor":5,"turns":3},{"damage":14,"enemies":"3 Sentries","floor":6,"turns":7},{"damage":0,"enemies":"2 Fungi Beasts","floor":8,"turns":3},{"damage":0,"enemies":"Lots of Slimes","floor":10,"turns":5},{"damage":0,"enemies":"Blue Slaver","floor":11,"turns":3},{"damage":0,"enemies":"Exordium Thugs","floor":13,"turns":4},{"damage":0,"enemies":"2 Fungi Beasts","floor":15,"turns":2},{"damage":49,"enemies":"WA_ARCHETYPE_RETAIN","floor":16,"turns":9},{"damage":1,"enemies":"3 Byrds","floor":19,"turns":4},{"damage":22,"enemies":"Cultist and Chosen","floor":20,"turns":6},{"damage":16,"enemies":"Sentry and Sphere","floor":22,"turns":5},{"damage":2,"enemies":"Centurion and Healer","floor":23,"turns":7},{"damage":2,"enemies":"downfall:FleeingMerchant","floor":25,"turns":4},{"damage":21,"enemies":"Gremlin Leader","floor":28,"turns":9},{"damage":5,"enemies":"Chosen and Byrds","floor":30,"turns":4},{"damage":18,"enemies":"Snecko","floor":31,"turns":5},{"damage":4,"enemies":"Centurion and Healer","floor":32,"turns":6},{"damage":70,"enemies":"DF_ARCHETYPE_CLAW","floor":33,"turns":10},{"damage":7,"enemies":"Orb Walker","floor":36,"turns":4},{"damage":51,"enemies":"3 Darklings","floor":38,"turns":7},{"damage":0,"enemies":"downfall:FleeingMerchant","floor":39,"turns":4},{"damage":0,"enemies":"downfall:FleeingMerchant","floor":42,"turns":6},{"damage":14,"enemies":"Sphere and 2 Shapes","floor":43,"turns":4},{"damage":0,"enemies":"Writhing Mass","floor":44,"turns":3},{"damage":13,"enemies":"downfall:FleeingMerchant","floor":46,"turns":4},{"damage":28,"enemies":"Jaw Worm Horde","floor":48,"turns":6},{"damage":5,"enemies":"4 Shapes","floor":49,"turns":4},{"damage":42,"enemies":"SI_POISON_ARCHETYPE","floor":50,"turns":8}],"seed_played":"192277640907653162","potions_obtained":[{"floor":6,"key":"ColorlessPotion"},{"floor":10,"key":"SpeedPotion"},{"floor":11,"key":"DistilledChaos"},{"floor":15,"key":"PowerPotion"},{"floor":16,"key":"PowerPotion"},{"floor":19,"key":"Slimebound:SpawnSlimePotion"},{"floor":33,"key":"SpeedPotion"},{"floor":38,"key":"Explosive Potion"}],"is_trial":false,"path_per_floor":["R","M","M","?","M","E","T","M","?","M","M","R","M","?","M","B",null,"R","M","M","?","M","M","T","$","R","?","E","R","M","M","M","B",null,"R","M","?","M","$","R","T","?","M","M","R","$","?","M","M","B",null],"character_chosen":"SLIMEBOUND","items_purchased":["Slimebound:Gluttony","Strawberry","Blood Vial","Slimebound:AcidTongue","DemoMod:LeadSkinPotion"],"campfire_rested":0,"item_purchase_floors":[39,39,46,46,46],"current_hp_per_floor":[65,65,62,62,64,57,57,61,58,65,65,65,65,70,70,33,70,70,70,52,52,42,52,52,60,60,60,50,62,65,51,54,14,70,70,64,56,36,50,65,65,72,67,68,77,68,87,66,70,52],"gold":147,"neow_bonus":"RANDOM_COMMON_RELIC","is_daily":false,"chose_seed":false,"campfire_upgraded":8,"win_rate":0.0,"timestamp":1610937608,"path_taken":["R","M","M","?","M","E","T","M","?","M","M","R","M","?","M","BOSS","R","M","M","?","M","M","T","$","R","?","E","R","M","M","M","BOSS","R","M","?","?","$","R","T","?","M","M","R","$","?","M","M","BOSS"],"items_purchased_type":["Card","Relic","Relic","Card","Undefined"],"build_version":"2020-12-22","purchased_purges":0,"victory":true,"max_hp_per_floor":[65,65,65,65,65,65,65,65,65,65,65,65,65,70,70,70,70,70,70,70,70,70,70,70,70,70,70,70,70,70,70,70,70,70,70,70,70,70,77,77,77,77,77,77,77,77,87,87,87,87],"card_choices":[{"not_picked":["Slimebound:SplitLeeching","Slimebound:SlimeBrawl"],"picked":"Slimebound:ItLooksTasty","floor":2},{"not_picked":["Slimebound:FinishingTackle","Slimebound:LeadByExample"],"picked":"Slimebound:LivingWall","floor":3},{"not_picked":["Slimebound:Dissolve","Slimebound:SplitAcid"],"picked":"Slimebound:GrowthPunch","floor":5},{"not_picked":["Slimebound:LivingWall","Slimebound:ComboTackle"],"picked":"Slimebound:Equalize","floor":6},{"not_picked":["Slimebound:ComboTackle","Slimebound:SlimeSpikes"],"picked":"Slimebound:SamplingLick","floor":8},{"not_picked":["Slimebound:RallyTheTroops","Slimebound:LivingWall"],"picked":"Slimebound:SplitMire","floor":10},{"not_picked":["Slimebound:ForwardTackle","Slimebound:Prepare","Slimebound:Replication"],"picked":"SKIP","floor":11},{"not_picked":["Slimebound:Chomp","Slimebound:Equalize"],"picked":"Slimebound:LeechingTouch","floor":13},{"not_picked":["Slimebound:SlimeTap","Slimebound:Dissolve","Slimebound:FinishingTackle"],"picked":"SKIP","floor":15},{"not_picked":["Slimebound:MinionMaster","Slimebound:CheckThePlaybook"],"picked":"Slimebound:MassRepurpose","floor":16},{"not_picked":["Slimebound:SplitAcid","Slimebound:FinishingTackle"],"picked":"Slimebound:ItLooksTasty","floor":19},{"not_picked":["Slimebound:LeechingTouch+1","Slimebound:GoopSpray"],"picked":"Slimebound:Schlurp","floor":20},{"not_picked":["Slimebound:SpikyOuterGoop","Slimebound:ServeAndProtect+1"],"picked":"Slimebound:LeechingTouch","floor":22},{"not_picked":["Slimebound:Prepare","Slimebound:ServeAndProtect","Slimebound:SplitAcid"],"picked":"SKIP","floor":23},{"not_picked":["Slimebound:SplitMire","Slimebound:ItLooksTasty+1"],"picked":"Slimebound:WasteNot","floor":25},{"not_picked":["Slimebound:FlameTackle","Slimebound:SplitMire+1"],"picked":"Slimebound:HauntingLick","floor":28},{"not_picked":["Slimebound:CheckThePlaybook","Slimebound:FormOfPuddle","Slimebound:Chomp"],"picked":"SKIP","floor":30},{"not_picked":["Slimebound:LevelUp","Slimebound:GrowthPunch","Slimebound:SlimeTap+1"],"picked":"SKIP","floor":31},{"not_picked":["Slimebound:SlimeBrawl+1","Slimebound:SplitBruiser","Slimebound:SplitMire"],"picked":"SKIP","floor":32},{"not_picked":["Slimebound:CheckThePlaybook","Slimebound:SlimeSlap"],"picked":"Slimebound:LeechLife","floor":33},{"not_picked":["Slimebound:FinishingTackle","Slimebound:SplitLeeching"],"picked":"Slimebound:HauntingLick+1","floor":36},{"not_picked":["Slimebound:Schlurp","Slimebound:ComboTackle"],"picked":"Slimebound:MegaLick","floor":38},{"not_picked":["Slimebound:CheckThePlaybook","Slimebound:ForwardTackle"],"picked":"Slimebound:LivingWall+1","floor":39},{"not_picked":["Slimebound:Prepare+1","Slimebound:SlimeSpikes+1"],"picked":"Slimebound:ViciousTackle","floor":42},{"not_picked":["Slimebound:LeechingTouch+1","Slimebound:SplitMire"],"picked":"Slimebound:SamplingLick","floor":43},{"not_picked":["Slimebound:ServeAndProtect","Slimebound:PressTheAttack"],"picked":"Slimebound:LeechEnergy","floor":44},{"not_picked":["Slimebound:SpikyOuterGoop","Slimebound:GoopTackle+1","Slimebound:ItLooksTasty"],"picked":"SKIP","floor":46},{"not_picked":["Slimebound:SplitBruiser","Slimebound:RollThrough+1","Slimebound:SlimeBarrage"],"picked":"SKIP","floor":48},{"not_picked":["Slimebound:LeechingTouch+1","Slimebound:RollThrough","Slimebound:LivingWall+1"],"picked":"SKIP","floor":49}],"player_experience":556247,"relics_obtained":[{"floor":6,"key":"Toy Ornithopter"},{"floor":7,"key":"KratosMod:minohorn"},{"floor":24,"key":"Sundial"},{"floor":28,"key":"Eternal Feather"},{"floor":41,"key":"Meat on the Bone"},{"floor":42,"key":"Dead Branch"}],"event_choices":[{"damage_healed":0,"gold_gain":0,"player_choice":"Success","damage_taken":3,"relics_obtained":["Ancient Tea Set"],"max_hp_gain":0,"max_hp_loss":0,"event_name":"Scrap Ooze","floor":9,"gold_loss":0},{"damage_healed":0,"gold_gain":0,"player_choice":"Donut","damage_taken":0,"max_hp_gain":5,"max_hp_loss":0,"event_name":"Big Fish","floor":14,"gold_loss":0},{"damage_healed":0,"gold_gain":0,"player_choice":"Ignored","damage_taken":0,"max_hp_gain":0,"max_hp_loss":0,"event_name":"Vampires","floor":21,"gold_loss":0},{"damage_healed":0,"gold_gain":0,"player_choice":"Inject Mutagens","damage_taken":0,"relics_obtained":["MutagenicStrength"],"max_hp_gain":0,"max_hp_loss":0,"event_name":"Drug Dealer","floor":27,"gold_loss":0},{"cards_removed":["Slimebound:LeechLife"],"damage_healed":9,"gold_gain":0,"player_choice":"Offered Rare","damage_taken":0,"max_hp_gain":10,"max_hp_loss":0,"event_name":"Bonfire Elementals","floor":47,"gold_loss":0}],"is_beta":false,"boss_relics":[{"not_picked":["SacredBark","Cursed Key"],"picked":"SlaversCollar"},{"not_picked":["Bromod:ArcaneEnergize","Bromod:ArcaneGrace"],"picked":"Empty Cage"}],"items_purged_floors":[],"is_endless":false,"potions_floor_spawned":[6,10,11,15,16,19,28,30,33,38,43,44,48,49],"ascension_level":0}}