{"host":"8lvnnmfamkc2d31d","time":1610963177,"event":{"mods":["2.2 Compatiblity","Act Like it!","Arknights The Spire","BaseMod","Colored Map","Minty Spire (QoL Compilation)","Relic Stats","StSLib"],"gold_per_floor":[118,118,193,193,204,239,164,192,215,242,257,257,257,285,285,364,364,377,357,407,407,407,437,466,83,109,144,172,183,214,240,240,313,313,326,351,370,370,262,262,262],"floor_reached":40,"language":"ENG","playtime":2770,"items_purged":[],"score":1152,"play_id":"b6072aa9-a8e5-4fa7-81dd-bf9a5f49bb4f","local_time":"20210118034617","daily_mods":["SealedDeck","Vintage","Heirloom","Time Dilation","Flight"],"is_ascension_mode":true,"campfire_choices":[{"data":"ats:Revitalization","floor":13,"key":"SMITH"},{"data":"ats:Apocalypse","floor":15,"key":"SMITH"},{"floor":32,"key":"RECALL"}],"circlet_count":0,"master_deck":["AscendersBane","ats:Shell Defense","ats:Shell Defense","ats:Healing Drone","ats:Apocalypse+1","ats:Apocalypse","ats:Revitalization+1","ats:Revitalization","ats:Spore Proliferation","ats:Composite Medical Shells+1","ats:Nebulous Foxfire","ats:Apocalypse","ats:Shell Defense","ats:Apocalypse+1","Panacea","ats:Shell Defense","ats:Rat Pack","ats:Thorns","ats:Shell Defense"],"relics":["ats:Sanity Plus","Turnip","Centennial Puzzle","ats:Spiritual Recovery","ats:Originium","ats:Lavender","Meat on the Bone","Ornamental Fan","Darkstone Periapt","ats:Industrial Water Cannon","PreservedInsect","Bottled Tornado","Enchiridion","Ancient Tea Set","MealTicket","Bottled Lightning","Bag of Preparation","InkBottle","Bag of Marbles","Blood Vial","Tiny Chest","Matryoshka","ats:Omniscience","Mercury Hourglass","Unceasing Top","Shovel"],"acts_visited":["Exordium","TheCity","TheBeyond"],"potions_floor_usage":[6,31],"damage_taken":[{"damage":24,"enemies":"Jaw Worm","floor":1,"turns":5},{"damage":13,"enemies":"Small Slimes","floor":5,"turns":4},{"damage":92,"enemies":"Gremlin Nob","floor":6,"turns":5},{"damage":39,"enemies":"Lagavulin","floor":8,"turns":9},{"damage":82,"enemies":"Gremlin Nob","floor":10,"turns":8},{"damage":13,"enemies":"2 Louse","floor":11,"turns":2},{"damage":41,"enemies":"3 Sentries","floor":14,"turns":5},{"damage":53,"enemies":"Slime Boss","floor":16,"turns":10},{"damage":44,"enemies":"Shell Parasite","floor":18,"turns":7},{"damage":41,"enemies":"2 Thieves","floor":19,"turns":5},{"damage":59,"enemies":"Slavers","floor":23,"turns":4},{"damage":32,"enemies":"Gremlin Leader","floor":24,"turns":7},{"damage":60,"enemies":"Slavers","floor":27,"turns":4},{"damage":51,"enemies":"Gremlin Leader","floor":28,"turns":8},{"damage":64,"enemies":"3 Cultists","floor":29,"turns":5},{"damage":69,"enemies":"Slavers","floor":30,"turns":4},{"damage":87,"enemies":"Book of Stabbing","floor":31,"turns":7},{"damage":117,"enemies":"Collector","floor":33,"turns":14},{"damage":16,"enemies":"3 Shapes","floor":35,"turns":5},{"damage":44,"enemies":"Mind Bloom Boss Battle","floor":36,"turns":13},{"damage":23,"enemies":"Orb Walker","floor":37,"turns":6},{"damage":84,"enemies":"Reptomancer","floor":40,"turns":3}],"seed_played":"5399805893902921902","potions_obtained":[{"floor":1,"key":"ColorlessPotion"},{"floor":16,"key":"SteroidPotion"},{"floor":18,"key":"SteroidPotion"},{"floor":24,"key":"Weak Potion"},{"floor":27,"key":"Weak Potion"},{"floor":33,"key":"PowerPotion"},{"floor":35,"key":"ats:Top Emergency Sanity Potion"}],"is_trial":true,"path_per_floor":["M","?","?","?","M","E","?","E","T","E","M","?","R","E","R","B",null,"M","M","?","?","?","E","E","$","T","E","E","M","E","E","R","B",null,"M","?","M","?","$","E"],"character_chosen":"DOCTOR_CLASS","items_purchased":["Panacea","Bottled Lightning","ats:Thorns","ats:Shell Defense"],"campfire_rested":0,"item_purchase_floors":[25,25,39,39],"current_hp_per_floor":[72,77,66,66,77,30,30,77,77,68,71,71,71,64,64,77,77,77,77,77,56,52,42,77,77,77,69,77,56,44,64,64,77,77,77,77,77,77,77,0,0],"gold":262,"neow_bonus":"","is_daily":false,"chose_seed":false,"campfire_upgraded":2,"win_rate":0.0,"timestamp":1610963177,"path_taken":["M","?","?","?","?","E","?","E","T","E","M","?","R","E","R","BOSS","M","?","?","?","?","E","E","$","T","E","E","?","E","E","R","BOSS","M","?","M","?","$","E"],"items_purchased_type":["Card","Relic","Card","Card"],"build_version":"2020-12-22","purchased_purges":0,"victory":false,"max_hp_per_floor":[72,77,77,77,77,77,77,77,77,77,77,77,77,77,77,77,77,77,77,77,77,77,77,77,77,77,77,77,77,77,77,77,77,77,77,77,77,77,77,77,77],"relic_stats":{"Darkstone Periapt":0,"counters":[22,140],"PreservedInsect":318,"Bag of Preparation":[20],"Mercury Hourglass":[87],"Blood Vial":6,"Centennial Puzzle":[63],"Shovel":0,"Ornamental Fan":[0],"MealTicket":0,"Tiny Chest":0,"Turnip":[13],"obtain_stats":[{"ats:Spiritual Recovery":5,"Darkstone Periapt":11,"Enchiridion":21,"Bag of Preparation":26,"Bottled Tornado":19,"Ancient Tea Set":23,"ats:Industrial Water Cannon":14,"Blood Vial":29,"Centennial Puzzle":1,"Matryoshka":31,"Shovel":37,"MealTicket":24,"Tiny Chest":30,"ats:Sanity":0,"ats:Omniscience":34,"InkBottle":27,"ats:Sanity Plus":17,"ats:Lavender":6,"PreservedInsect":18,"Mercury Hourglass":35,"ats:Originium":6,"Ornamental Fan":10,"Turnip":0,"Bag of Marbles":28,"Bottled Lightning":25,"Unceasing Top":36,"Meat on the Bone":8},{"ats:Spiritual Recovery":2,"Darkstone Periapt":6,"Enchiridion":10,"Bag of Preparation":12,"Bottled Tornado":10,"Ancient Tea Set":11,"ats:Industrial Water Cannon":7,"Blood Vial":15,"Centennial Puzzle":1,"Matryoshka":17,"Shovel":21,"MealTicket":12,"Tiny Chest":16,"ats:Sanity":0,"ats:Omniscience":18,"InkBottle":13,"ats:Sanity Plus":8,"ats:Lavender":3,"PreservedInsect":9,"Mercury Hourglass":19,"ats:Originium":3,"Ornamental Fan":5,"Turnip":0,"Bag of Marbles":14,"Bottled Lightning":12,"Unceasing Top":20,"Meat on the Bone":4},{"ats:Spiritual Recovery":9,"Darkstone Periapt":33,"Enchiridion":60,"Bag of Preparation":71,"Bottled Tornado":60,"Ancient Tea Set":64,"ats:Industrial Water Cannon":38,"Blood Vial":88,"Centennial Puzzle":5,"Matryoshka":99,"Shovel":137,"MealTicket":71,"Tiny Chest":92,"ats:Sanity":0,"ats:Omniscience":113,"InkBottle":75,"ats:Sanity Plus":48,"ats:Lavender":14,"PreservedInsect":55,"Mercury Hourglass":118,"ats:Originium":14,"Ornamental Fan":31,"Turnip":0,"Bag of Marbles":83,"Bottled Lightning":71,"Unceasing Top":131,"Meat on the Bone":23}],"InkBottle":[18],"Unceasing Top":[0],"Meat on the Bone":12},"card_choices":[{"not_picked":["ats:Powerful Strike","ats:Poison Spread","ats:Explosion Area Strengthen"],"picked":"SKIP","floor":6},{"not_picked":["ats:Encircling Forest","ats:Childhood Dance"],"picked":"ats:Nebulous Foxfire","floor":8},{"not_picked":["ats:Cat Scratch","ats:Chain Hook"],"picked":"ats:Apocalypse","floor":10},{"not_picked":["ats:Poison Spread","ats:Collapsing Strike","ats:Song Of Battle"],"picked":"SKIP","floor":14},{"not_picked":["ats:Counter Healing Mode","ats:Chain Hook"],"picked":"ats:Shell Defense","floor":23},{"not_picked":["ats:Flexible Camouflage","ats:Ignite"],"picked":"ats:Apocalypse+1","floor":24},{"not_picked":["ats:Guardian Obelisk","ats:Counter Healing Mode","ats:Automatic Cover"],"picked":"SKIP","floor":27},{"not_picked":["ats:Leaping Hammer","ats:Apocalypse"],"picked":"ats:Composite Medical Shells","floor":28},{"not_picked":["ats:Song Of Battle+1","ats:Sword Rain"],"picked":"ats:Shell Defense","floor":30},{"not_picked":["ats:Curse Doll+1","ats:Consecutive Shot Auto","ats:Sword Rain+1"],"picked":"SKIP","floor":31},{"not_picked":["ats:Shadow Assault","ats:Nebulous Foxfire"],"picked":"ats:Rat Pack","floor":33}],"player_experience":438212,"relics_obtained":[{"floor":1,"key":"Centennial Puzzle"},{"floor":5,"key":"ats:Spiritual Recovery"},{"floor":6,"key":"ats:Originium"},{"floor":6,"key":"ats:Lavender"},{"floor":8,"key":"ats:Originium"},{"floor":8,"key":"Meat on the Bone"},{"floor":10,"key":"ats:Originium"},{"floor":10,"key":"Ornamental Fan"},{"floor":11,"key":"Darkstone Periapt"},{"floor":14,"key":"ats:Industrial Water Cannon"},{"floor":18,"key":"PreservedInsect"},{"floor":19,"key":"Bottled Tornado"},{"floor":21,"key":"Enchiridion"},{"floor":23,"key":"ats:Originium"},{"floor":23,"key":"Ancient Tea Set"},{"floor":24,"key":"MealTicket"},{"floor":26,"key":"Bag of Preparation"},{"floor":27,"key":"InkBottle"},{"floor":28,"key":"Bag of Marbles"},{"floor":29,"key":"Blood Vial"},{"floor":30,"key":"Tiny Chest"},{"floor":31,"key":"Matryoshka"},{"floor":35,"key":"Mercury Hourglass"},{"floor":36,"key":"Unceasing Top"},{"floor":37,"key":"Shovel"}],"event_choices":[{"damage_healed":0,"gold_gain":0,"player_choice":"Donut","damage_taken":0,"max_hp_gain":5,"max_hp_loss":0,"event_name":"Big Fish","floor":2,"gold_loss":0},{"damage_healed":0,"gold_gain":75,"player_choice":"Gather Gold","damage_taken":11,"max_hp_gain":0,"max_hp_loss":0,"event_name":"World of Goop","floor":3,"gold_loss":0},{"damage_healed":0,"gold_gain":0,"player_choice":"Upgraded","damage_taken":0,"max_hp_gain":0,"max_hp_loss":0,"event_name":"Upgrade Shrine","floor":4,"gold_loss":0,"cards_upgraded":["ats:Composite Medical Shells"]},{"cards_removed":["ats:Poison Spread"],"damage_healed":0,"gold_gain":0,"player_choice":"Card Removal","damage_taken":0,"max_hp_gain":0,"max_hp_loss":0,"event_name":"The Cleric","floor":7,"gold_loss":75},{"damage_healed":0,"gold_gain":0,"player_choice":"Ignored","damage_taken":0,"max_hp_gain":0,"max_hp_loss":0,"event_name":"Transmorgrifier","floor":12,"gold_loss":0},{"damage_healed":0,"gold_gain":50,"player_choice":"Stole From Cult","damage_taken":0,"max_hp_gain":0,"max_hp_loss":0,"event_name":"Nest","floor":20,"gold_loss":0},{"damage_healed":0,"gold_gain":0,"player_choice":"Obtained Book","damage_taken":21,"max_hp_gain":0,"max_hp_loss":0,"event_name":"Cursed Tome","floor":21,"gold_loss":0},{"damage_healed":0,"gold_gain":0,"player_choice":"Bought 0 Potions","damage_taken":0,"max_hp_gain":0,"max_hp_loss":0,"event_name":"The Woman in Blue","floor":22,"gold_loss":0},{"damage_healed":0,"gold_gain":0,"player_choice":"Fight","damage_taken":0,"max_hp_gain":0,"max_hp_loss":0,"event_name":"MindBloom","floor":36,"gold_loss":0},{"cards_removed":["ats:Composite Medical Shells"],"damage_healed":0,"gold_gain":0,"player_choice":"Removed Power","damage_taken":0,"max_hp_gain":0,"max_hp_loss":0,"event_name":"Falling","floor":38,"gold_loss":0}],"is_beta":false,"boss_relics":[{"not_picked":["SacredBark","Busted Crown"],"picked":"ats:Sanity Plus"},{"not_picked":["ats:Tactical Delivery","Snecko Eye"],"picked":"ats:Omniscience"}],"items_purged_floors":[],"is_endless":false,"potions_floor_spawned":[1,16,18,24,27,29,33,35,37],"killed_by":"Reptomancer","ascension_level":20}}