{"host":"sc0o2qwpf9j16a4i","time":1610997941,"event":{"mods":["AchievementEnabler","BaseMod","BetterRewards","Block Reminder","Colored Map","Colored Powertips","Custom Start","Highlight Path","Minty Spire (QoL Compilation)","Relic Stats"],"gold_per_floor":[109,109,123,123,141,141,169,169,217,252,202,202,222,236,236,313,313,331,347,347,359,359,359,359],"floor_reached":23,"language":"ENG","playtime":854,"items_purged":["Strike_B","Strike_B"],"score":702,"play_id":"8fb15363-d37c-4f5f-b8f4-b462aa73285e","local_time":"20210118212541","is_ascension_mode":true,"campfire_choices":[{"floor":6,"key":"DIG"},{"floor":8,"key":"DIG"},{"floor":12,"key":"DIG"},{"floor":15,"key":"DIG"}],"circlet_count":0,"master_deck":["AscendersBane","Strike_B","Strike_B","Defend_B","Defend_B","Defend_B","Defend_B","Zap","Dualcast","Cold Snap","Ball Lightning","Self Repair","Glacier","Genetic Algorithm","Lockon","Coolheaded","Compile Driver","Loop"],"relics":["Cracked Core","Sling","Shovel","Dream Catcher","Membership Card","Oddly Smooth Stone","Singing Bowl","Vajra","Happy Flower","Ornamental Fan","Boot","MealTicket","Peace Pipe","Calipers","Cursed Key"],"acts_visited":["Exordium","TheCity"],"potions_floor_usage":[16,23],"damage_taken":[{"damage":4,"enemies":"2 Louse","floor":1,"turns":3},{"damage":2,"enemies":"Jaw Worm","floor":3,"turns":4},{"damage":0,"enemies":"Cultist","floor":5,"turns":3},{"damage":20,"enemies":"3 Sentries","floor":7,"turns":9},{"damage":15,"enemies":"Lagavulin","floor":10,"turns":5},{"damage":2,"enemies":"3 Louse","floor":13,"turns":4},{"damage":7,"enemies":"Exordium Wildlife","floor":14,"turns":4},{"damage":0,"enemies":"The Guardian","floor":16,"turns":11},{"damage":1,"enemies":"Shell Parasite","floor":18,"turns":5},{"damage":13,"enemies":"2 Thieves","floor":19,"turns":5},{"damage":26,"enemies":"Shelled Parasite and Fungi","floor":21,"turns":8},{"damage":66,"enemies":"Book of Stabbing","floor":23,"turns":7}],"seed_played":"-8579443392064142544","potions_obtained":[{"floor":1,"key":"Block Potion"},{"floor":10,"key":"SmokeBomb"},{"floor":14,"key":"ColorlessPotion"}],"is_trial":false,"path_per_floor":["M","?","M","?","M","R","E","R","T","E","$","R","M","M","R","B",null,"M","M","?","M","?","E"],"character_chosen":"DEFECT","items_purchased":["Sling","Shovel","Dream Catcher","Membership Card","Oddly Smooth Stone","Cold Snap","Ball Lightning","Self Repair","Singing Bowl","Glacier"],"campfire_rested":0,"item_purchase_floors":[0,0,0,0,0,0,0,0,0,0],"current_hp_per_floor":[27,27,32,71,73,73,62,62,62,56,71,71,78,80,80,83,83,85,79,79,60,60,0,0],"gold":359,"neow_bonus":"","is_daily":false,"chose_seed":false,"campfire_upgraded":0,"win_rate":0.0,"timestamp":1610997941,"path_taken":["M","?","M","?","M","R","E","R","T","E","$","R","M","?","R","BOSS","M","M","?","M","?","E"],"items_purchased_type":["Relic","Relic","Relic","Relic","Relic","Card","Card","Card","Relic","Card"],"build_version":"2020-12-22","purchased_purges":2,"victory":false,"max_hp_per_floor":[71,71,71,71,73,73,75,75,75,77,77,77,79,81,81,83,83,85,85,85,85,85,85,85],"relic_stats":{"Peace Pipe":0,"Dream Catcher":0,"Shovel":4,"Singing Bowl":14,"Happy Flower":[16],"counters":[66,327],"Ornamental Fan":[20],"MealTicket":51,"Boot":[26],"Cursed Key":0,"obtain_stats":[{"Calipers":15,"Gremlin Horn":29,"Singing Bowl":0,"Vajra":6,"StoneCalendar":46,"Runic Capacitor":13,"Smiling Mask":26,"Sling":0,"Boot":9,"Cursed Key":17,"Blood Vial":14,"Sozu":17,"Emotion Chip":6,"Nunchaku":9,"Dream Catcher":45,"Matryoshka":2,"HornCleat":0,"Shovel":0,"Mummified Hand":48,"Pantograph":26,"Gambling Chip":39,"MealTicket":0,"Prayer Wheel":7,"Fusion Hammer":34,"Red Mask":19,"Chemical X":0,"Toxic Egg 2":0,"Cracked Core":0,"Girya":41,"NeowsBlessing":0,"Happy Flower":7,"Dead Branch":26,"Oddly Smooth Stone":36,"Letter Opener":0,"Question Card":9,"Mercury Hourglass":24,"Nuclear Battery":34,"Cables":0,"Peace Pipe":12,"SlaversCollar":17,"DataDisk":13,"Ornamental Fan":24,"Bronze Scales":27,"Turnip":55,"Membership Card":0,"FossilizedHelix":29,"TungstenRod":0,"Meat on the Bone":10},{"Calipers":61,"Gremlin Horn":15,"Singing Bowl":54,"Vajra":57,"StoneCalendar":25,"Runic Capacitor":39,"Smiling Mask":12,"Sling":54,"Boot":58,"Cursed Key":62,"Blood Vial":7,"Sozu":41,"Emotion Chip":3,"Nunchaku":3,"Dream Catcher":24,"Matryoshka":1,"HornCleat":30,"Shovel":54,"Mummified Hand":26,"Pantograph":46,"Gambling Chip":53,"MealTicket":30,"Prayer Wheel":35,"Fusion Hammer":48,"Red Mask":43,"Chemical X":30,"Toxic Egg 2":30,"Cracked Core":0,"Girya":22,"NeowsBlessing":0,"Happy Flower":58,"Dead Branch":12,"Oddly Smooth Stone":19,"Letter Opener":30,"Question Card":3,"Mercury Hourglass":12,"Nuclear Battery":18,"Cables":30,"Peace Pipe":59,"SlaversCollar":8,"DataDisk":39,"Ornamental Fan":45,"Bronze Scales":12,"Turnip":29,"Membership Card":30,"FossilizedHelix":15,"TungstenRod":30,"Meat on the Bone":4},{"Calipers":291,"Gremlin Horn":56,"Singing Bowl":259,"Vajra":269,"StoneCalendar":116,"Runic Capacitor":191,"Smiling Mask":48,"Sling":259,"Boot":278,"Cursed Key":302,"Blood Vial":22,"Sozu":202,"Emotion Chip":3,"Nunchaku":3,"Dream Catcher":111,"Matryoshka":1,"HornCleat":167,"Shovel":259,"Mummified Hand":126,"Pantograph":224,"Gambling Chip":257,"MealTicket":167,"Prayer Wheel":179,"Fusion Hammer":238,"Red Mask":210,"Chemical X":167,"Toxic Egg 2":167,"Cracked Core":0,"Girya":99,"NeowsBlessing":0,"Happy Flower":278,"Dead Branch":48,"Oddly Smooth Stone":79,"Letter Opener":167,"Question Card":3,"Mercury Hourglass":48,"Nuclear Battery":76,"Cables":167,"Peace Pipe":283,"SlaversCollar":30,"DataDisk":191,"Ornamental Fan":219,"Bronze Scales":48,"Turnip":158,"Membership Card":167,"FossilizedHelix":56,"TungstenRod":167,"Meat on the Bone":9}]},"card_choices":[{"not_picked":["Stack","Hologram"],"picked":"Genetic Algorithm","floor":1},{"not_picked":["Barrage","Cold Snap"],"picked":"Lockon","floor":3},{"not_picked":["Go for the Eyes","Doom and Gloom","Consume"],"picked":"Singing Bowl","floor":5},{"not_picked":["BootSequence","Sweeping Beam","Steam"],"picked":"Singing Bowl","floor":7},{"not_picked":["Stack","Coolheaded","Aggregate"],"picked":"Singing Bowl","floor":10},{"not_picked":["Beam Cell","Gash","Go for the Eyes"],"picked":"Singing Bowl","floor":13},{"not_picked":["Sweeping Beam","Undo","Compile Driver"],"picked":"Singing Bowl","floor":14},{"not_picked":["Machine Learning","Rainbow","Multi-Cast"],"picked":"Singing Bowl","floor":16},{"not_picked":["Turbo","Rebound","Beam Cell"],"picked":"Singing Bowl","floor":18},{"not_picked":["Force Field","Ball Lightning"],"picked":"Coolheaded","floor":19},{"not_picked":["Gash","Turbo"],"picked":"Compile Driver","floor":21}],"player_experience":735437,"relics_obtained":[{"floor":6,"key":"Vajra"},{"floor":7,"key":"Happy Flower"},{"floor":8,"key":"Ornamental Fan"},{"floor":9,"key":"Boot"},{"floor":10,"key":"MealTicket"},{"floor":12,"key":"Peace Pipe"},{"floor":15,"key":"Calipers"}],"event_choices":[{"damage_healed":0,"gold_gain":0,"player_choice":"Ignored","damage_taken":0,"max_hp_gain":0,"max_hp_loss":0,"event_name":"Shining Light","floor":2,"gold_loss":0},{"damage_healed":39,"gold_gain":0,"player_choice":"Full Heal","damage_taken":0,"max_hp_gain":0,"max_hp_loss":0,"event_name":"Wheel of Change","floor":4,"gold_loss":0},{"damage_healed":0,"gold_gain":0,"player_choice":"Ignored","damage_taken":0,"max_hp_gain":0,"max_hp_loss":0,"event_name":"Ghosts","floor":20,"gold_loss":0},{"damage_healed":0,"gold_gain":0,"player_choice":"Read","damage_taken":0,"max_hp_gain":0,"max_hp_loss":0,"event_name":"The Library","floor":22,"gold_loss":0,"cards_obtained":["Loop"]}],"is_beta":false,"boss_relics":[{"not_picked":["Astrolabe","Tiny House"],"picked":"Cursed Key"}],"items_purged_floors":[0,11],"is_endless":false,"potions_floor_spawned":[1,10,13,14],"killed_by":"Book of Stabbing","ascension_level":20}}