{"host":"xen3g9xszuyodjyu","time":1610972066,"event":{"mods":["2.2 Compatiblity","AchievementEnabler","Arknights The Spire","BaseMod","Better Note","Colored Map","Colored Powertips","DeckTracker","Keyboard Shortcuts","Minty Spire (QoL Compilation)","Permanent Neow","Quick Restart","Rare Cards Sparkle","StSLib","SuperFastMode","everything is the same but u backflip on backflip"],"gold_per_floor":[5113,4022,4022,3694,3710,3737,3749,3788,3823,3890,3902,3573,3606,3650,3650,3764,3764,3797,3823,3850,3622,3622,3671,3273,3321,3362,3390,3390,3420,3420,3469,3469,3586,3586,3614,3640,3665,3699,3548,3588,3618,3659,3719,3744,3784,3809,3834,3880,3880,3880,3880,3880,3778,3828,3828],"floor_reached":56,"language":"KOR","playtime":3224,"items_purged":["ats:Defend","ats:Strike V","ats:Emotion Absorption","ats:Powerful Strike+1","ats:Powerful Strike+1"],"score":2122,"play_id":"ae47613b-de73-4c04-84b2-81a33998a41d","local_time":"20210118211426","is_ascension_mode":true,"campfire_choices":[{"floor":7.0,"key":"RECALL"},{"floor":11.0,"key":"DIG"},{"floor":15.0,"key":"DIG"},{"floor":28,"key":"DIG"},{"floor":32,"key":"DIG"},{"floor":49,"key":"DIG"},{"floor":52,"key":"DIG"}],"circlet_count":0,"master_deck":["ats:Emotion Absorption+1","ats:Emotion Absorption+1","ats:Emotion Absorption+1","Master of Strategy+1","ats:Dogmatic Field+1","ats:Assault Order+1","ats:Healing Drone+1","ats:Composite Medical Shells+1","ats:Apocalypse+1","ats:Roar Of Ursus+1","ats:Hook Shot+1","ats:Hook Shot+1","ats:Healing Strengthening+1","ats:Healing Strengthening+1","ats:Apocalypse+1","ats:Apocalypse+1","ats:Cat Scratch+1","ats:Part Time Job+1","ats:Hook Shot+1","ats:Rat Pack+1","ats:Healing Strengthening+1","ats:Part Time Job+1","ats:Calcification+1","ats:Part Time Job+1","ats:Part Time Job+1","ats:Healing Drone+1","ats:Healing Strengthening+1","ats:Part Time Job+1","ats:Hook Shot+1"],"relics":["Fusion Hammer","ats:Sanity Plus","Ice Cream","Molten Egg 2","Frozen Egg 2","Toxic Egg 2","Mummified Hand","ats:Emergency Defibrillator","Torii","Membership Card","Medical Kit","Gremlin Horn","Boot","ats:Originium","MawBank","Shovel","Akabeko","Bottled Lightning","ats:Gyao","Mango","ats:Hidden Killer","ats:Omniscience","Bottled Tornado","Bag of Marbles","Orichalcum","Girya","OrangePellets","StoneCalendar","Tiny Chest","ats:Military Tradition","Anchor","ats:Lavender","Nunchaku","ats:Spiritual Recovery","Coffee Dripper","Bronze Scales","ats:Support","Dream Catcher","Vajra","Centennial Puzzle","ats:Rhine Circuitry","Potion Belt","War Paint","InkBottle","DollysMirror","ats:Bonebreaker"],"acts_visited":["Exordium","TheCity","TheBeyond","TheEnding"],"potions_floor_usage":[33,33,50,55,55,55,55,55,55,55,55],"damage_taken":[{"damage":10.0,"enemies":"Small Slimes","floor":1.0,"turns":3.0},{"damage":6.0,"enemies":"Cultist","floor":5.0,"turns":4.0},{"damage":26.0,"enemies":"3 Sentries","floor":6.0,"turns":5.0},{"damage":0.0,"enemies":"Lagavulin","floor":8.0,"turns":4.0},{"damage":0.0,"enemies":"Gremlin Nob","floor":10.0,"turns":2.0},{"damage":0.0,"enemies":"Jaw Worm","floor":13.0,"turns":1.0},{"damage":11.0,"enemies":"Looter","floor":14.0,"turns":2.0},{"damage":37.0,"enemies":"Hexaghost","floor":16.0,"turns":5.0},{"damage":0.0,"enemies":"3 Byrds","floor":18.0,"turns":2.0},{"damage":0,"enemies":"Spheric Guardian","floor":19,"turns":2},{"damage":0,"enemies":"Centurion and Healer","floor":20,"turns":2},{"damage":0,"enemies":"Gremlin Leader","floor":23,"turns":2},{"damage":0,"enemies":"Book of Stabbing","floor":25,"turns":3},{"damage":0,"enemies":"Cultist and Chosen","floor":27,"turns":2},{"damage":0,"enemies":"Snake Plant","floor":29,"turns":2},{"damage":0,"enemies":"Gremlin Leader","floor":31,"turns":1},{"damage":0,"enemies":"Automaton","floor":33,"turns":2},{"damage":0,"enemies":"3 Shapes","floor":35,"turns":1},{"damage":0,"enemies":"3 Darklings","floor":36,"turns":1},{"damage":0,"enemies":"Sphere and 2 Shapes","floor":37,"turns":1},{"damage":0,"enemies":"Writhing Mass","floor":38,"turns":2},{"damage":0,"enemies":"Giant Head","floor":40,"turns":4},{"damage":0,"enemies":"Transient","floor":41,"turns":5},{"damage":0,"enemies":"Reptomancer","floor":42,"turns":2},{"damage":0,"enemies":"Sphere and 2 Shapes","floor":44,"turns":1},{"damage":0,"enemies":"Giant Head","floor":45,"turns":4},{"damage":0,"enemies":"4 Shapes","floor":46,"turns":2},{"damage":0,"enemies":"Maw","floor":47,"turns":3},{"damage":0,"enemies":"Reptomancer","floor":48,"turns":3},{"damage":0,"enemies":"Awakened One","floor":50,"turns":5},{"damage":0,"enemies":"Shield and Spear","floor":54,"turns":2},{"damage":28,"enemies":"The Heart","floor":55,"turns":4}],"seed_played":"-3299956591958924356","potions_obtained":[{"floor":1.0,"key":"ColorlessPotion"},{"floor":8.0,"key":"Fire Potion"},{"floor":14.0,"key":"PowerPotion"},{"floor":19,"key":"ats:Emergency Sanity Potion"},{"floor":20,"key":"EntropicBrew"},{"floor":25,"key":"SteroidPotion"},{"floor":31,"key":"Dexterity Potion"},{"floor":44,"key":"Fire Potion"},{"floor":45,"key":"ats:Emergency Sanity Potion"},{"floor":48,"key":"LiquidMemories"}],"is_trial":false,"path_per_floor":["M","$","?","$","M","E","R","E","T","?","R","$","M","M","R","B",null,"M","M","M","$","?","E","$","E","T","M","R","M","?","E","R","B",null,"M","M","M","M","$","E","M","E","T","M","E","M","M","E","R","B",null,"R","$","E","B",null],"character_chosen":"DOCTOR_CLASS","items_purchased":["Master of Strategy+1","ats:Emergency Defibrillator","Torii","Membership Card","ats:Dogmatic Field+1","ats:Hook Shot+1","Medical Kit","Gremlin Horn","Boot","Mango","ats:Hidden Killer","EntropicBrew","ats:Powerful Strike+1","Bag of Marbles","Orichalcum","OrangePellets","StoneCalendar","Tiny Chest","Bronze Scales","ats:Support","DollysMirror","Energy Potion"],"campfire_rested":0,"item_purchase_floors":[2,2,2,2,2,2,4,4,4,12,12,12,12,21,21,24,24,24,39,39,53,53],"current_hp_per_floor":[92,92,92,92,96,94,94,102,102,102,102,116,116,116,116,116,116,116,116,116,116,116,116,116,116,116,116,116,116,116,116,116,116,116,116,116,116,116,116,116,116,116,116,116,116,116,116,116,116,116,116,116,116,116,116],"gold":3828,"neow_bonus":"BOSS_RELIC","is_daily":false,"chose_seed":false,"campfire_upgraded":0,"win_rate":0.0,"timestamp":1610972066,"path_taken":["M","$","?","$","?","E","R","E","T","?","R","$","M","M","R","BOSS","M","M","M","$","?","E","$","E","T","M","R","M","?","E","R","BOSS","M","M","?","M","?","E","M","E","T","M","E","M","M","E","R","BOSS","R","$","E","BOSS"],"items_purchased_type":["Card","Relic","Relic","Relic","Card","Card","Relic","Relic","Relic","Relic","Relic","Potion","Card","Relic","Relic","Relic","Relic","Relic","Relic","Relic","Relic","Potion"],"build_version":"2020-12-22","purchased_purges":5,"victory":true,"max_hp_per_floor":[102,102,102,102,102,102,102,102,102,102,102,116,116,116,116,116,116,116,116,116,116,116,116,116,116,116,116,116,116,116,116,116,116,116,116,116,116,116,116,116,116,116,116,116,116,116,116,116,116,116,116,116,116,116,116],"card_choices":[{"not_picked":["ats:Support Order+1","ats:Encircling Forest+1","ats:Beaten Up+1"],"picked":"SKIP","floor":1.0},{"not_picked":["ats:Revitalization+1","ats:Curse Doll+1"],"picked":"ats:Powerful Strike+1","floor":5.0},{"not_picked":["ats:Support Order+1","ats:Song Of Battle+1"],"picked":"ats:Shell Defense+1","floor":6.0},{"not_picked":["ats:Consecutive Shot Auto+1","ats:Magnetic Hammer+1"],"picked":"ats:Assault Order+1","floor":8.0},{"not_picked":["ats:Leaping Hammer+1","ats:Hammer On+1"],"picked":"ats:Healing Drone+1","floor":13.0},{"not_picked":["ats:Steam Pump+1","ats:Spore Proliferation+1","ats:Curse Doll+1"],"picked":"SKIP","floor":14.0},{"not_picked":["ats:Disruption Kick+1","ats:Durian+1"],"picked":"ats:Roar Of Ursus+1","floor":16.0},{"not_picked":["ats:Cat Scratch+1","ats:Childhood Dance+1"],"picked":"ats:Apocalypse+1","floor":18},{"not_picked":["ats:Curse Doll+1","ats:Shell Defense+1"],"picked":"ats:Cat Scratch+1","floor":19},{"not_picked":["ats:Apocalypse+1","ats:Leaping Hammer+1"],"picked":"ats:Part Time Job+1","floor":20},{"not_picked":["ats:Hammer On+1","ats:Burning Ground+1","ats:Shell Defense+1"],"picked":"SKIP","floor":23},{"not_picked":["ats:Neurotoxin+1","ats:Assault Order+1"],"picked":"ats:Rat Pack+1","floor":25},{"not_picked":["ats:Leaping Hammer+1","ats:Revitalization+1","ats:Childhood Dance+1"],"picked":"SKIP","floor":27},{"not_picked":["ats:Poison Spread+1","ats:Curse Doll+1"],"picked":"ats:Healing Strengthening+1","floor":29},{"not_picked":["ats:Very Hot Blade+1","ats:Spore Proliferation+1","ats:Hammer On+1"],"picked":"SKIP","floor":31},{"not_picked":["ats:Echo Reverb+1","ats:Ambush+1"],"picked":"ats:Calcification+1","floor":33},{"not_picked":["ats:Assault Order+1","ats:Leaping Hammer+1","ats:Consecutive Shot Auto+1"],"picked":"SKIP","floor":35},{"not_picked":["ats:Hammer On+1","ats:Ignite+1","ats:Thermite Blade+1"],"picked":"SKIP","floor":36},{"not_picked":["ats:Shell Defense+1","ats:Ignite+1","ats:Support Order+1"],"picked":"SKIP","floor":37},{"not_picked":["ats:Hammer On+1","ats:Apocalypse+1"],"picked":"ats:Part Time Job+1","floor":38},{"not_picked":["ats:Flame Of Heaven+1","ats:Hook Shot+1"],"picked":"ats:Part Time Job+1","floor":40},{"not_picked":["ats:Ignite+1","ats:Wolf Pack+1","ats:Composite Medical Shells+1"],"picked":"SKIP","floor":41},{"not_picked":["ats:Calcification+1","ats:Curse Doll+1"],"picked":"ats:Part Time Job+1","floor":42},{"not_picked":["ats:Leaping Hammer+1","ats:Encircling Forest+1","ats:Curse Doll+1"],"picked":"SKIP","floor":44},{"not_picked":["ats:Cat Scratch+1","ats:Hammer On+1","ats:Beaten Up+1"],"picked":"SKIP","floor":45},{"not_picked":["ats:Hammer On+1","ats:Flexible Camouflage+1","ats:Assault Order+1"],"picked":"SKIP","floor":46},{"not_picked":["ats:Flexible Camouflage+1","ats:Soul Absorption+1","ats:Flame Of Heaven+1"],"picked":"SKIP","floor":47},{"not_picked":["ats:Assault Order+1","ats:Shell Defense+1","ats:Consecutive Shot Auto+1"],"picked":"SKIP","floor":48},{"not_picked":["ats:Roar Of Ursus+1","ats:Childhood Dance+1","ats:Revitalization+1"],"picked":"SKIP","floor":54}],"player_experience":53787,"relics_obtained":[{"floor":6.0,"key":"ats:Originium"},{"floor":6.0,"key":"MawBank"},{"floor":8.0,"key":"Akabeko"},{"floor":8.0,"key":"ats:Originium"},{"floor":10.0,"key":"Bottled Lightning"},{"floor":11.0,"key":"ats:Gyao"},{"floor":15.0,"key":"Gambling Chip"},{"floor":23,"key":"Girya"},{"floor":23,"key":"ats:Originium"},{"floor":25,"key":"ats:Originium"},{"floor":25,"key":"ats:Military Tradition"},{"floor":26,"key":"Anchor"},{"floor":28,"key":"ats:Lavender"},{"floor":31,"key":"Nunchaku"},{"floor":32,"key":"ats:Spiritual Recovery"},{"floor":40,"key":"Dream Catcher"},{"floor":42,"key":"Vajra"},{"floor":43,"key":"Centennial Puzzle"},{"floor":45,"key":"ats:Rhine Circuitry"},{"floor":48,"key":"Potion Belt"},{"floor":49,"key":"War Paint"},{"floor":52,"key":"InkBottle"},{"floor":54,"key":"ats:Bonebreaker"}],"event_choices":[{"damage_healed":0.0,"max_hp_gain":0.0,"max_hp_loss":0.0,"gold_gain":0.0,"event_name":"FaceTrader","player_choice":"Trade","floor":3.0,"gold_loss":0.0,"damage_taken":0.0,"relics_obtained":["NlothsMask"]},{"damage_healed":0.0,"max_hp_gain":0.0,"max_hp_loss":0.0,"gold_gain":30.0,"event_name":"Dead Adventurer","player_choice":"Searched \u00273\u0027 times","floor":10.0,"gold_loss":0.0,"damage_taken":0.0},{"damage_healed":0,"gold_gain":0,"player_choice":"Read","damage_taken":0,"max_hp_gain":0,"max_hp_loss":0,"event_name":"The Library","floor":22,"gold_loss":0,"cards_obtained":["ats:Hook Shot"]},{"damage_healed":0,"gold_gain":0,"cards_transformed":["ats:Shell Defense"],"player_choice":"Transformed","damage_taken":0,"max_hp_gain":0,"max_hp_loss":0,"event_name":"Transmorgrifier","floor":30,"gold_loss":0,"cards_obtained":["ats:Part Time Job"]}],"is_beta":false,"boss_relics":[{"not_picked":["Cursed Key","Velvet Choker"],"picked":"ats:Omniscience"},{"not_picked":["Sozu","Astrolabe"],"picked":"Coffee Dripper"}],"items_purged_floors":[2,4,12,21,24],"is_endless":false,"potions_floor_spawned":[1,8,14,19,20,25,31,35,38,40,44,45,48,54],"ascension_level":3}}