{"host":"sdjng9zhqonqi3uc","time":1610980197,"event":{"mods":["2.2 Compatiblity","AchievementEnabler","BaseMod","Better Third Choice","BetterRewards","Colored Powertips","Hero for Fun","Minty Spire (QoL Compilation)","Quick Restart","Shop Mod","Spicy Shops","StSLib","Td1madao Mod","The Animator","The Cursed","The Servant 0.9.4"],"gold_per_floor":[113,132,151,151,76,76,89,99,124,156,169,203,203,203,203,302,302,319,329,329,343,359,390,390,390,413,431,463,24,44,62,62,159,159,179,179,179,229,77,77,107,107,107,107,133,146,146,199,199,199,199,199,0,35,35],"floor_reached":56,"language":"ENG","playtime":4059,"items_purged":["Regret","Strike_R"],"score":1230,"play_id":"214de12d-795c-4a35-8370-336365df6984","local_time":"20210118152957","is_ascension_mode":false,"campfire_choices":[{"data":"Thunderclap","floor":6,"key":"SMITH"},{"data":"Uppercut","floor":13,"key":"SMITH"},{"floor":15,"key":"RECALL"},{"data":"Fiend Fire","floor":24,"key":"SMITH"},{"data":"Disarm","floor":32,"key":"SMITH"},{"data":"Madness","floor":40,"key":"SMITH"},{"data":"Madness","floor":42,"key":"SMITH"},{"data":"Demon Form","floor":44,"key":"SMITH"},{"floor":47,"key":"REST"},{"data":"Demon Form","floor":49,"key":"SMITH"},{"data":"Dark Embrace","floor":52,"key":"SMITH"}],"circlet_count":0,"master_deck":["Strike_R","Strike_R","Strike_R","Defend_R","Defend_R","Defend_R","Defend_R+1","Bash","Thunderclap+1","Fiend Fire+1","Sever Soul","Uppercut+1","Blood for Blood","Pommel Strike","Fiend Fire","Immolate","Sentinel+1","Reckless Charge","Dropkick+1","Offering+1","Fire Breathing","Dark Embrace+1","Disarm+1","Demon Form+1","Madness+1","Madness+1","Infernal Blade+1","Demon Form+1","Regret","Dual Wield+1","Flame Barrier+1","Spot Weakness"],"relics":["Burning Blood","NeowsBlessing","Anchor","Akabeko","Nunchaku","WarpedTongs","Runic Cube","Bag of Preparation","Toy Ornithopter","Blue Candle","Happy Flower","MerchantsRug","Cursed Key","Thread and Needle","Bronze Scales","Du-Vu Doll","Lizard Tail","Paper Frog","Boot"],"acts_visited":["Exordium","TheCity","TheBeyond","TheEnding"],"potions_floor_usage":[10,12,28,28,33,33,41,45,50,55,55],"damage_taken":[{"damage":0,"enemies":"Jaw Worm","floor":1,"turns":1},{"damage":0,"enemies":"Small Slimes","floor":2,"turns":1},{"damage":0,"enemies":"Cultist","floor":3,"turns":1},{"damage":0,"enemies":"Looter","floor":7,"turns":2},{"damage":5,"enemies":"Gremlin Gang","floor":8,"turns":3},{"damage":10,"enemies":"Gremlin Nob","floor":10,"turns":3},{"damage":0,"enemies":"Blue Slaver","floor":11,"turns":1},{"damage":31,"enemies":"Lagavulin","floor":12,"turns":4},{"damage":40,"enemies":"Slime Boss","floor":16,"turns":8},{"damage":1,"enemies":"Shell Parasite","floor":18,"turns":2},{"damage":1,"enemies":"Chosen","floor":19,"turns":2},{"damage":15,"enemies":"Centurion and Healer","floor":21,"turns":5},{"damage":9,"enemies":"Shelled Parasite and Fungi","floor":22,"turns":3},{"damage":25,"enemies":"Book of Stabbing","floor":23,"turns":4},{"damage":6,"enemies":"Snake Plant","floor":27,"turns":1},{"damage":20,"enemies":"Slavers","floor":28,"turns":6},{"damage":6,"enemies":"3 Cultists","floor":30,"turns":2},{"damage":0,"enemies":"Chosen and Byrds","floor":31,"turns":3},{"damage":63,"enemies":"Champ","floor":33,"turns":7},{"damage":0,"enemies":"Orb Walker","floor":35,"turns":1},{"damage":46,"enemies":"Mind Bloom Boss Battle","floor":38,"turns":4},{"damage":60,"enemies":"Nemesis","floor":41,"turns":7},{"damage":38,"enemies":"Reptomancer","floor":45,"turns":3},{"damage":12,"enemies":"3 Darklings","floor":46,"turns":3},{"damage":17,"enemies":"2 Orb Walkers","floor":48,"turns":3},{"damage":57,"enemies":"Time Eater","floor":50,"turns":7},{"damage":6,"enemies":"Shield and Spear","floor":54,"turns":2},{"damage":84,"enemies":"The Heart","floor":55,"turns":6}],"seed_played":"6490623073175629492","potions_obtained":[{"floor":7,"key":"SteroidPotion"},{"floor":11,"key":"DistilledChaos"},{"floor":12,"key":"Ancient Potion"},{"floor":19,"key":"GamblersBrew"},{"floor":23,"key":"SkillPotion"},{"floor":25,"key":"Fire Potion"},{"floor":25,"key":"Fire Potion"},{"floor":28,"key":"EssenceOfSteel"},{"floor":33,"key":"FairyPotion"},{"floor":38,"key":"Energy Potion"},{"floor":41,"key":"Regen Potion"},{"floor":48,"key":"Regen Potion"}],"is_trial":false,"path_per_floor":["M","M","M","?","$","R","M","M","T","E","M","E","R","?","R","B",null,"M","M","?","M","M","E","R","?","T","M","E","$","M","M","R","B",null,"M","?","?","?","$","R","E","R","T","R","E","M","R","?","R","B",null,"R","$","E","B",null],"character_chosen":"IRONCLAD","items_purchased":["Strawberry","Happy Flower","MerchantsRug","Bronze Scales","Paper Frog","Weak Potion","SkillPotion"],"campfire_rested":1,"item_purchase_floors":[29,29,29,39,53,53,53],"current_hp_per_floor":[80,80,80,80,80,80,80,80,80,76,80,55,55,55,55,21,80,80,80,80,71,68,49,49,49,49,49,45,52,52,58,58,11,87,87,87,76,36,36,36,32,32,46,46,28,22,52,41,41,10,101,101,101,101,23],"gold":35,"neow_bonus":"THREE_ENEMY_KILL","is_daily":false,"chose_seed":false,"campfire_upgraded":9,"win_rate":0.0,"timestamp":1610980197,"path_taken":["M","M","M","?","$","R","M","M","T","E","M","E","R","?","R","BOSS","M","M","?","M","M","E","R","?","T","M","E","$","?","M","R","BOSS","M","?","?","?","$","R","E","R","T","R","E","M","R","?","R","BOSS","R","$","E","BOSS"],"items_purchased_type":["Relic","Relic","Relic","Relic","Relic","Potion","Potion"],"build_version":"2020-12-22","purchased_purges":2,"victory":true,"max_hp_per_floor":[80,80,80,80,80,80,80,80,80,80,80,80,80,80,80,80,80,80,80,80,80,80,80,80,80,80,80,80,87,87,87,87,87,87,87,87,87,87,87,87,87,87,101,101,101,101,101,101,101,101,101,101,101,101,101],"card_choices":[{"not_picked":["True Grit","Havoc"],"picked":"Thunderclap","floor":1},{"not_picked":["Flex","Shrug It Off"],"picked":"Fiend Fire","floor":2},{"not_picked":["Power Through","Seeing Red"],"picked":"Sever Soul","floor":3},{"not_picked":["Wild Strike","Dual Wield"],"picked":"Uppercut","floor":7},{"not_picked":["Bloodletting","Clash"],"picked":"Blood for Blood","floor":8},{"not_picked":["Dark Embrace","Headbutt","Perfected Strike"],"picked":"SKIP","floor":10},{"not_picked":["Feel No Pain","Anger"],"picked":"Pommel Strike","floor":11},{"not_picked":["Clothesline","Clash"],"picked":"Fiend Fire","floor":12},{"not_picked":["Limit Break","Juggernaut"],"picked":"Immolate","floor":16},{"not_picked":["Sever Soul","Warcry"],"picked":"Sentinel+1","floor":18},{"not_picked":["Second Wind","Anger+1","True Grit"],"picked":"SKIP","floor":19},{"not_picked":["Cleave+1","Twin Strike"],"picked":"Reckless Charge","floor":21},{"not_picked":["Iron Wave","Bloodletting"],"picked":"Dropkick+1","floor":22},{"not_picked":["Warcry","Sword Boomerang"],"picked":"Offering","floor":23},{"not_picked":["Twin Strike","Heavy Blade+1","Clash"],"picked":"SKIP","floor":27},{"not_picked":["Pommel Strike","Clothesline"],"picked":"Fire Breathing","floor":28},{"not_picked":["Dark Embrace","Body Slam","Bloodletting"],"picked":"SKIP","floor":30},{"not_picked":["Body Slam","Bloodletting"],"picked":"Dark Embrace","floor":30},{"not_picked":["Ghostly Armor","Anger"],"picked":"Disarm","floor":31},{"not_picked":["Juggernaut","Impervious"],"picked":"Demon Form","floor":33},{"not_picked":["Havoc","Clash+1","Iron Wave+1"],"picked":"SKIP","floor":35},{"not_picked":["Body Slam+1","Shockwave"],"picked":"Infernal Blade+1","floor":38},{"not_picked":["Bloodletting+1","Shockwave"],"picked":"Demon Form","floor":41},{"not_picked":["Iron Wave","Warcry+1"],"picked":"Dual Wield+1","floor":45},{"not_picked":["Clash+1","Pommel Strike"],"picked":"Flame Barrier+1","floor":46},{"not_picked":["Headbutt+1","Iron Wave+1"],"picked":"Spot Weakness","floor":48},{"not_picked":["Sword Boomerang","Clothesline+1","Battle Trance+1"],"picked":"SKIP","floor":54}],"player_experience":322602,"relics_obtained":[{"floor":10,"key":"Akabeko"},{"floor":12,"key":"Nunchaku"},{"floor":23,"key":"Bag of Preparation"},{"floor":26,"key":"Toy Ornithopter"},{"floor":28,"key":"Blue Candle"},{"floor":38,"key":"Thread and Needle"},{"floor":41,"key":"Du-Vu Doll"},{"floor":43,"key":"Mango"},{"floor":45,"key":"War Paint"},{"floor":48,"key":"Lizard Tail"},{"floor":54,"key":"Boot"}],"event_choices":[{"damage_healed":0,"gold_gain":0,"player_choice":"Box","damage_taken":0,"relics_obtained":["Anchor"],"max_hp_gain":0,"max_hp_loss":0,"event_name":"Big Fish","floor":4,"gold_loss":0,"cards_obtained":["Regret"]},{"damage_healed":0,"gold_gain":0,"player_choice":"Rummage","damage_taken":0,"relics_obtained":["WarpedTongs"],"max_hp_gain":0,"max_hp_loss":0,"event_name":"Accursed Blacksmith","floor":14,"gold_loss":0,"cards_obtained":["Pain"]},{"cards_removed":["Pain"],"damage_healed":0,"gold_gain":0,"player_choice":"Elegance","damage_taken":0,"max_hp_gain":0,"max_hp_loss":0,"event_name":"betterThird:BetterWriting","floor":20,"gold_loss":0},{"damage_healed":0,"gold_gain":0,"player_choice":"Got Potions","damage_taken":0,"max_hp_gain":0,"max_hp_loss":0,"event_name":"Lab","floor":25,"gold_loss":0},{"cards_removed":["Strike_R"],"damage_healed":0,"gold_gain":0,"player_choice":"Removed Attack","damage_taken":0,"max_hp_gain":0,"max_hp_loss":0,"event_name":"Falling","floor":36,"gold_loss":0},{"damage_healed":0,"gold_gain":0,"player_choice":"Embrace Madness","damage_taken":11,"max_hp_gain":0,"max_hp_loss":0,"event_name":"Winding Halls","floor":37,"gold_loss":0,"cards_obtained":["Madness","Madness"]},{"damage_healed":0,"gold_gain":0,"player_choice":"Fight","damage_taken":0,"max_hp_gain":0,"max_hp_loss":0,"event_name":"MindBloom","floor":38,"gold_loss":0},{"damage_healed":0,"gold_gain":0,"player_choice":"Fight","damage_taken":0,"max_hp_gain":0,"max_hp_loss":0,"event_name":"Mysterious Sphere","floor":48,"gold_loss":0}],"is_beta":false,"boss_relics":[{"not_picked":["Ectoplasm","Sozu"],"picked":"Runic Cube"},{"not_picked":["Runic Pyramid","Philosopher\u0027s Stone"],"picked":"Cursed Key"}],"items_purged_floors":[5,29],"is_endless":false,"potions_floor_spawned":[7,11,12,19,23,28,33,38,41,48],"ascension_level":0}}