{"host":"rl5ku05escnl5kxo","time":1610997341,"event":{"mods":["Act Like it!","BaseMod","Minty Spire (QoL Compilation)","StSLib","The Bug Knight"],"gold_per_floor":[115,127,142,161,70,70,103,123,123,58,58,36,36,54,54,54,54],"floor_reached":16,"language":"ENG","playtime":1262,"items_purged":[],"score":102,"play_id":"7b04eeee-1e6c-4af8-9194-ec136e2a6baa","local_time":"20210118111541","is_ascension_mode":false,"campfire_choices":[{"data":"HollowMod:QuirrelsAssistance","floor":6,"key":"SMITH"},{"data":"HollowMod:PureNailStrike","floor":11,"key":"SMITH"},{"data":"HollowMod:FocusHealStart","floor":13,"key":"SMITH"},{"floor":15,"key":"REST"}],"circlet_count":0,"master_deck":["HollowMod:NailStrikeStart","HollowMod:NailStrikeStart","HollowMod:NailStrikeStart","HollowMod:QuickDashStart","HollowMod:QuickDashStart","HollowMod:QuickDashStart","HollowMod:QuickDashStart","HollowMod:FocusHealStart+1","HollowMod:PogoStrike","HollowMod:Hiveblood","HollowMod:CloakDash","HollowMod:RecoilStrike","HollowMod:QuirrelsAssistance+1","HollowMod:ChannelNail","HollowMod:FallenFury","HollowMod:CornifersMapStart","HollowMod:Weaversong","HollowMod:PureNailStrike+1","HollowMod:CornifersMapStart","HollowMod:HowlingWraiths"],"relics":["HollowMod:VesselMask","Smiling Mask","The Courier","HollowMod:LumaflyLanternRelic"],"acts_visited":["Exordium"],"potions_floor_usage":[],"damage_taken":[{"damage":0,"enemies":"Cultist","floor":1,"turns":3},{"damage":0,"enemies":"2 Louse","floor":2,"turns":2},{"damage":0,"enemies":"Jaw Worm","floor":3,"turns":3},{"damage":4,"enemies":"Blue Slaver","floor":4,"turns":5},{"damage":25,"enemies":"3 Sentries","floor":7,"turns":8},{"damage":2,"enemies":"Looter","floor":8,"turns":3},{"damage":3,"enemies":"Large Slime","floor":14,"turns":4},{"damage":82,"enemies":"Hexaghost","floor":16,"turns":16}],"seed_played":"-4206562443880130164","potions_obtained":[{"floor":7,"key":"Weak Potion"},{"floor":8,"key":"Strength Potion"},{"floor":14,"key":"Fire Potion"}],"is_trial":false,"path_per_floor":["M","M","M","M","$","R","E","M","T","?","R","$","R","M","R","B"],"character_chosen":"THE_BUGKNIGHT","items_purchased":["HollowMod:FallenFury","HollowMod:CornifersMapStart","HollowMod:CornifersMapStart"],"campfire_rested":1,"item_purchase_floors":[5,5,12],"current_hp_per_floor":[75,75,75,71,71,71,52,50,50,50,50,50,50,47,69,0,0],"gold":54,"neow_bonus":"TRANSFORM_CARD","is_daily":false,"chose_seed":false,"campfire_upgraded":3,"win_rate":0.0,"timestamp":1610997341,"path_taken":["M","M","M","?","$","R","E","M","T","?","R","$","R","M","R","BOSS"],"items_purchased_type":["Card","Card","Card"],"build_version":"2020-12-22","purchased_purges":0,"victory":false,"max_hp_per_floor":[75,75,75,75,75,75,75,75,75,75,75,75,75,75,75,75,75],"card_choices":[{"not_picked":["HollowMod:DescendingDark","HollowMod:TaintedHusks"],"picked":"HollowMod:CloakDash","floor":1},{"not_picked":["HollowMod:CrystalDash","HollowMod:TaintedHusks"],"picked":"HollowMod:RecoilStrike","floor":2},{"not_picked":["HollowMod:FastStrike","HollowMod:GoodIntentions"],"picked":"HollowMod:QuirrelsAssistance","floor":3},{"not_picked":["HollowMod:CloakDash","HollowMod:NewJinnsSoul"],"picked":"HollowMod:ChannelNail","floor":4},{"not_picked":["HollowMod:WraithStrike","HollowMod:DashSlash"],"picked":"HollowMod:Weaversong","floor":7},{"not_picked":["HollowMod:ChannelNail","HollowMod:BlackTendrils"],"picked":"HollowMod:PureNailStrike","floor":8},{"not_picked":["HollowMod:ShadowDash","HollowMod:BaldurShell"],"picked":"HollowMod:HowlingWraiths","floor":14}],"player_experience":466767,"relics_obtained":[{"floor":7,"key":"Smiling Mask"},{"floor":9,"key":"The Courier"}],"event_choices":[{"damage_healed":0,"gold_gain":0,"player_choice":"Paid Gold","damage_taken":0,"relics_obtained":["HollowMod:LumaflyLanternRelic"],"max_hp_gain":0,"max_hp_loss":0,"event_name":"WeMeetAgain","floor":10,"gold_loss":65}],"is_beta":false,"boss_relics":[],"items_purged_floors":[],"is_endless":false,"potions_floor_spawned":[7,8,14],"killed_by":"Hexaghost","ascension_level":0}}