{"host":"jn2qdns2nxijvlnt","time":1610940378,"event":{"mods":["BaseMod","Minty Spire (QoL Compilation)","Quick Restart"],"gold_per_floor":[214,214,214,35,55,55,83,96,96,127,138,173,173,206,206,311,311,328,45,55,75,75,75,88,117,117,117,117,133,168,267,267,364,364,384,384,42,57,57,57,70,105,169,181,65,415,433,210,210,210],"floor_reached":51,"language":"ENG","playtime":6638,"items_purged":[],"score":1017,"play_id":"2697ef16-6725-42c1-8d36-b97999e7209a","local_time":"20210117222618","is_ascension_mode":true,"campfire_choices":[{"data":"Blade Dance","floor":6.0,"key":"SMITH"},{"floor":13,"key":"REST"},{"floor":15,"key":"REST"},{"floor":23,"key":"REST"},{"floor":27,"key":"REST"},{"floor":32,"key":"REST"},{"floor":40,"key":"REST"},{"data":"Adrenaline","floor":44,"key":"SMITH"},{"data":"Venomology","floor":49,"key":"SMITH"}],"circlet_count":0,"master_deck":["Strike_G+1","Strike_G+1","Strike_G+1","Strike_G+1","Strike_G+1","Defend_G+1","Defend_G+1","Defend_G+1","Defend_G+1","Defend_G+1","Survivor","Neutralize","Terror+1","Blade Dance+1","Enlightenment","Slice","Slice","Glass Knife","Slice","Backstab","Accuracy","Adrenaline+1","Dagger Spray","Blade Dance","Cloak And Dagger+1","Caltrops","Blade Dance","Venomology+1","Venomology","Backstab","Deflect+1","Dramatic Entrance","Blade Dance+1","Backstab"],"relics":["Ring of the Snake","Anchor","Pear","Happy Flower","Nunchaku","Shuriken","Juzu Bracelet","HoveringKite","Bronze Scales","Regal Pillow","Tingsha","Pantograph","Black Star","Toy Ornithopter","Ancient Tea Set","Ninja Scroll","MawBank","Oddly Smooth Stone","Old Coin","PreservedInsect"],"acts_visited":["Exordium","TheCity","TheBeyond"],"potions_floor_usage":[12,14,20,33,33,35,35,38,38,41,41,42,42,46,47,50,50,50,50],"damage_taken":[{"damage":3.0,"enemies":"Small Slimes","floor":1.0,"turns":5.0},{"damage":0.0,"enemies":"Cultist","floor":5.0,"turns":3.0},{"damage":25.0,"enemies":"Gremlin Nob","floor":7.0,"turns":4.0},{"damage":2.0,"enemies":"Jaw Worm","floor":8.0,"turns":2.0},{"damage":30.0,"enemies":"Lagavulin","floor":10.0,"turns":4.0},{"damage":0.0,"enemies":"Large Slime","floor":11.0,"turns":4.0},{"damage":3,"enemies":"Gremlin Nob","floor":12,"turns":4},{"damage":2,"enemies":"3 Sentries","floor":14,"turns":4},{"damage":16,"enemies":"Slime Boss","floor":16,"turns":5},{"damage":12,"enemies":"3 Byrds","floor":18,"turns":4},{"damage":0,"enemies":"Shell Parasite","floor":20,"turns":2},{"damage":0,"enemies":"Cultist and Chosen","floor":21,"turns":4},{"damage":8,"enemies":"Snake Plant","floor":24,"turns":3},{"damage":5,"enemies":"Book of Stabbing","floor":25,"turns":3},{"damage":10,"enemies":"Snecko","floor":29,"turns":3},{"damage":11,"enemies":"Slavers","floor":30,"turns":3},{"damage":78,"enemies":"Automaton","floor":33,"turns":7},{"damage":5,"enemies":"3 Shapes","floor":35,"turns":2},{"damage":10,"enemies":"3 Darklings","floor":38,"turns":3},{"damage":3,"enemies":"Jaw Worm Horde","floor":41,"turns":3},{"damage":1,"enemies":"Giant Head","floor":42,"turns":4},{"damage":0,"enemies":"Mind Bloom Boss Battle","floor":46,"turns":3},{"damage":3,"enemies":"Transient","floor":47,"turns":5},{"damage":66,"enemies":"Awakened One","floor":50,"turns":8}],"seed_played":"4156979993051639864","potions_obtained":[{"floor":10.0,"key":"PowerPotion"},{"floor":12,"key":"Strength Potion"},{"floor":20,"key":"FairyPotion"},{"floor":21,"key":"AttackPotion"},{"floor":24,"key":"SpeedPotion"},{"floor":33,"key":"SpeedPotion"},{"floor":41,"key":"GamblersBrew"}],"is_trial":false,"path_per_floor":["M","?","?","$","M","R","E","M","T","E","M","E","R","E","R","B",null,"M","$","M","M","?","R","M","E","T","R","$","M","E","?","R","B",null,"M","?","$","M","?","R","M","E","T","R","$","?","M","$","R","B",null],"character_chosen":"THE_SILENT","items_purchased":["Anchor","Slice","Bronze Scales","Blade Dance","Regen Potion","Toy Ornithopter","Ancient Tea Set","Strength Potion","DuplicationPotion","ColorlessPotion","PreservedInsect","Backstab"],"campfire_rested":6,"item_purchase_floors":[4,4,19,19,19,37,37,37,45,45,48,48],"current_hp_per_floor":[60,60,60,60,60,60,45,43,43,13,13,10,34,32,56,40,70,58,58,63,63,63,80,72,67,67,80,80,70,59,59,80,2,61,56,56,56,56,56,80,77,79,79,79,79,80,77,77,77,20],"gold":210,"neow_bonus":"HUNDRED_GOLD","is_daily":false,"chose_seed":false,"campfire_upgraded":3,"win_rate":0.0,"timestamp":1610940378,"path_taken":["M","?","?","$","M","R","E","M","T","E","?","E","R","E","R","BOSS","M","$","M","M","?","R","M","E","T","R","$","M","E","?","R","BOSS","M","?","$","M","?","R","M","E","T","R","$","?","M","?","R","BOSS"],"items_purchased_type":["Relic","Card","Relic","Card","Potion","Relic","Relic","Potion","Potion","Potion","Relic","Card"],"build_version":"2020-12-22","purchased_purges":0,"victory":true,"max_hp_per_floor":[70,70,70,70,70,70,80,80,80,80,80,80,80,80,80,80,80,80,80,80,80,80,80,80,80,80,80,80,80,80,80,80,80,80,80,80,80,80,80,80,80,80,80,80,80,80,80,80,80,80],"card_choices":[{"not_picked":["Deflect","Cloak And Dagger"],"picked":"Terror","floor":1.0},{"not_picked":["Deadly Poison","Outmaneuver"],"picked":"Slice","floor":5.0},{"not_picked":["Deadly Poison","PiercingWail"],"picked":"Glass Knife","floor":7.0},{"not_picked":["Footwork","Predator","Bane"],"picked":"SKIP","floor":8.0},{"not_picked":["Tactician","Outmaneuver"],"picked":"Slice","floor":10.0},{"not_picked":["Prepared","Setup","Heel Hook"],"picked":"SKIP","floor":11.0},{"not_picked":["Dagger Throw","Poisoned Stab"],"picked":"Backstab","floor":12},{"not_picked":["Blade Dance","Distraction"],"picked":"Accuracy","floor":14},{"not_picked":["Storm of Steel","A Thousand Cuts"],"picked":"Adrenaline","floor":16},{"not_picked":["Poisoned Stab","Underhanded Strike"],"picked":"Dagger Spray","floor":18},{"not_picked":["Prepared","PiercingWail","Tactician"],"picked":"SKIP","floor":20},{"not_picked":["Concentrate+1","Heel Hook+1"],"picked":"Cloak And Dagger+1","floor":21},{"not_picked":["Calculated Gamble","Bouncing Flask"],"picked":"Caltrops","floor":24},{"not_picked":["Noxious Fumes","Prepared"],"picked":"Blade Dance","floor":25},{"not_picked":["Sucker Punch","Dash+1","Flying Knee"],"picked":"SKIP","floor":29},{"not_picked":["Bane","Outmaneuver"],"picked":"Venomology","floor":30},{"not_picked":["Tools of the Trade","Night Terror"],"picked":"Venomology","floor":33},{"not_picked":["Deadly Poison","Underhanded Strike+1"],"picked":"Backstab","floor":35},{"not_picked":["Poisoned Stab+1","Predator"],"picked":"Deflect+1","floor":38},{"not_picked":["Dark Shackles","Good Instincts"],"picked":"Dramatic Entrance","floor":39},{"not_picked":["Flying Knee+1","Envenom","Deadly Poison"],"picked":"SKIP","floor":41},{"not_picked":["Leg Sweep+1","Bane+1"],"picked":"Blade Dance+1","floor":42},{"not_picked":["Leg Sweep","Blur","Deflect+1"],"picked":"SKIP","floor":47}],"player_experience":540638,"relics_obtained":[{"floor":7.0,"key":"Pear"},{"floor":9.0,"key":"Happy Flower"},{"floor":10.0,"key":"Nunchaku"},{"floor":12,"key":"Shuriken"},{"floor":14,"key":"Juzu Bracelet"},{"floor":25,"key":"Regal Pillow"},{"floor":26,"key":"Tingsha"},{"floor":30,"key":"Pantograph"},{"floor":42,"key":"Ninja Scroll"},{"floor":42,"key":"MawBank"},{"floor":43,"key":"Oddly Smooth Stone"},{"floor":46,"key":"Old Coin"}],"event_choices":[{"damage_healed":0.0,"max_hp_gain":0.0,"max_hp_loss":0.0,"gold_gain":0.0,"event_name":"Living Wall","player_choice":"Grow","floor":2.0,"gold_loss":0.0,"damage_taken":0.0,"cards_upgraded":["Terror"]},{"damage_healed":0.0,"max_hp_gain":0.0,"max_hp_loss":0.0,"gold_gain":0.0,"event_name":"Match and Keep!","player_choice":"2 cards matched","floor":3.0,"gold_loss":0.0,"damage_taken":0.0,"cards_obtained":["Blade Dance","Enlightenment"]},{"damage_healed":0,"gold_gain":0,"player_choice":"Simplicity","damage_taken":0,"max_hp_gain":0,"max_hp_loss":0,"event_name":"Back to Basics","floor":22,"gold_loss":0,"cards_upgraded":["Strike_G","Strike_G","Strike_G","Strike_G","Strike_G","Defend_G","Defend_G","Defend_G","Defend_G","Defend_G"]},{"damage_healed":0,"gold_gain":99,"player_choice":"Stole From Cult","damage_taken":0,"max_hp_gain":0,"max_hp_loss":0,"event_name":"Nest","floor":31,"gold_loss":0},{"damage_healed":0,"gold_gain":0,"player_choice":"Ignored","damage_taken":0,"max_hp_gain":0,"max_hp_loss":0,"event_name":"Tomb of Lord Red Mask","floor":36,"gold_loss":0},{"damage_healed":0,"gold_gain":0,"player_choice":"Memory 1","damage_taken":0,"max_hp_gain":0,"max_hp_loss":0,"event_name":"SensoryStone","floor":39,"gold_loss":0},{"damage_healed":0,"gold_gain":0,"player_choice":"Fight","damage_taken":0,"max_hp_gain":0,"max_hp_loss":0,"event_name":"MindBloom","floor":46,"gold_loss":0}],"is_beta":false,"boss_relics":[{"not_picked":["Sozu","Coffee Dripper"],"picked":"HoveringKite"},{"not_picked":["Ring of the Serpent","SlaversCollar"],"picked":"Black Star"}],"items_purged_floors":[],"is_endless":false,"potions_floor_spawned":[10,12,20,21,24,33,38,41,46],"ascension_level":8}}