{"host":"b78s5rp3ow4b1syk","time":1610941339,"event":{"mods":["AchievementEnabler","BaseMod","DeckTracker","Keyboard Shortcuts","Marisa£¨Ùöéë¡¡Øª×âÞÞ£©","Minty Spire (QoL Compilation)","Permanent Neow","Quick Restart","StSLib","SuperFastMode","The Cursed","everything is the same but u backflip on backflip"],"gold_per_floor":[11,22,40,54,54,79,92,92,92,92,92,136,136,211,211,337,337,357,377,377,390,408,443,456,456,504,272,292,306,306,306,306,427,427,442,455,455,455,455,455],"floor_reached":39,"language":"KOR","playtime":1486,"items_purged":["Defend_R"],"score":509,"play_id":"96e1850c-fa54-4186-812f-f0c575c47686","local_time":"20210118124219","is_ascension_mode":true,"campfire_choices":[{"data":"Anger","floor":8.0,"key":"SMITH"},{"floor":10.0,"key":"RECALL"},{"data":"Flex","floor":15.0,"key":"SMITH"},{"floor":25.0,"key":"REST"},{"floor":30.0,"key":"REST"},{"floor":32.0,"key":"REST"}],"circlet_count":0,"master_deck":["Strike_R+1","Strike_R","Defend_R","Defend_R","Bash","Anger+1","Uppercut+1","Flex+1","Inflame","Demon Form","Dropkick","Inflame","Armaments+1","J.A.X.+1","Double Tap+1"],"relics":["Burning Blood","Whetstone","Sundial","Golden Idol","Mercury Hourglass","Fusion Hammer","Toxic Egg 2","Happy Flower","SlaversCollar"],"acts_visited":["Exordium","TheCity","TheBeyond"],"potions_floor_usage":[39,39,39],"damage_taken":[{"damage":1.0,"enemies":"Cultist","floor":1.0,"turns":3.0},{"damage":3.0,"enemies":"Small Slimes","floor":2.0,"turns":4.0},{"damage":0.0,"enemies":"2 Louse","floor":3.0,"turns":2.0},{"damage":2.0,"enemies":"Looter","floor":4.0,"turns":3.0},{"damage":4.0,"enemies":"Gremlin Nob","floor":6.0,"turns":3.0},{"damage":0.0,"enemies":"2 Fungi Beasts","floor":7.0,"turns":3.0},{"damage":22.0,"enemies":"3 Sentries","floor":12.0,"turns":8.0},{"damage":0.0,"enemies":"Slime Boss","floor":16.0,"turns":4.0},{"damage":23.0,"enemies":"2 Thieves","floor":18.0,"turns":3.0},{"damage":11.0,"enemies":"Chosen","floor":19.0,"turns":4.0},{"damage":23.0,"enemies":"Centurion and Healer","floor":21.0,"turns":3.0},{"damage":11.0,"enemies":"Chosen and Byrds","floor":22.0,"turns":5.0},{"damage":12.0,"enemies":"Gremlin Leader","floor":23.0,"turns":6.0},{"damage":13.0,"enemies":"Cultist and Chosen","floor":24.0,"turns":6.0},{"damage":8.0,"enemies":"Snecko","floor":28.0,"turns":3.0},{"damage":21.0,"enemies":"Centurion and Healer","floor":29.0,"turns":5.0},{"damage":21.0,"enemies":"Champ","floor":33.0,"turns":6.0},{"damage":26.0,"enemies":"3 Shapes","floor":35.0,"turns":7.0},{"damage":36.0,"enemies":"3 Darklings","floor":36.0,"turns":6.0},{"damage":40,"enemies":"Sphere and 2 Shapes","floor":39,"turns":3}],"seed_played":"-8702342566976382622","potions_obtained":[{"floor":2.0,"key":"Dexterity Potion"},{"floor":4.0,"key":"SpeedPotion"},{"floor":6.0,"key":"DistilledChaos"},{"floor":16.0,"key":"Explosive Potion"},{"floor":18.0,"key":"Strength Potion"},{"floor":22.0,"key":"LiquidMemories"},{"floor":24.0,"key":"SkillPotion"},{"floor":29.0,"key":"Fire Potion"},{"floor":36.0,"key":"EssenceOfSteel"}],"is_trial":false,"path_per_floor":["M","M","M","M","?","E","M","R","T","R","?","E","?","?","R","B",null,"M","M","?","M","M","E","M","R","T","$","M","M","R","?","R","B",null,"M","M","?","?","M"],"character_chosen":"IRONCLAD","items_purchased":["Happy Flower"],"campfire_rested":3,"item_purchase_floors":[27],"current_hp_per_floor":[80,80,80,80,80,80,80,80,80,80,60,44,49,38,38,44,85,68,63,63,46,41,35,28,53,53,53,51,36,61,61,85,70,85,65,35,35,35,0,0],"gold":455,"neow_bonus":"REMOVE_TWO","is_daily":false,"chose_seed":false,"campfire_upgraded":2,"win_rate":0.0,"timestamp":1610941339,"path_taken":["M","?","M","M","?","E","?","R","T","R","?","E","?","?","R","BOSS","M","M","?","M","?","E","M","R","T","$","M","M","R","?","R","BOSS","M","M","?","?","?"],"items_purchased_type":["Relic"],"build_version":"2020-12-22","purchased_purges":1,"victory":false,"max_hp_per_floor":[80,80,80,80,80,80,80,80,80,80,80,80,85,85,85,85,85,85,85,85,85,85,85,85,85,85,85,85,85,85,85,85,85,85,85,85,85,85,85,85],"card_choices":[{"not_picked":["Warcry","Combust"],"picked":"Anger","floor":1.0},{"not_picked":["Entrench","Heavy Blade"],"picked":"Uppercut","floor":2.0},{"not_picked":["Feel No Pain","Reckless Charge"],"picked":"Flex","floor":3.0},{"not_picked":["Rage","Havoc","Clothesline"],"picked":"SKIP","floor":4.0},{"not_picked":["Havoc","Sword Boomerang"],"picked":"Inflame","floor":6.0},{"not_picked":["Clothesline","Entrench","Armaments"],"picked":"SKIP","floor":7.0},{"not_picked":["Iron Wave","Double Tap","Anger"],"picked":"SKIP","floor":12.0},{"not_picked":["Limit Break","Brutality"],"picked":"Demon Form","floor":16.0},{"not_picked":["Body Slam+1","Headbutt","Intimidate"],"picked":"SKIP","floor":18.0},{"not_picked":["Shockwave","Iron Wave+1"],"picked":"Dropkick","floor":19.0},{"not_picked":["Clash+1","Perfected Strike","Dropkick"],"picked":"SKIP","floor":21.0},{"not_picked":["Heavy Blade+1","Rage","Havoc+1"],"picked":"SKIP","floor":22.0},{"not_picked":["True Grit+1","Headbutt"],"picked":"Armaments+1","floor":23.0},{"not_picked":["Combust","Cleave+1","Perfected Strike"],"picked":"SKIP","floor":24.0},{"not_picked":["Feel No Pain","Entrench+1","Cleave+1"],"picked":"SKIP","floor":28.0},{"not_picked":["Sever Soul+1","Feel No Pain","Armaments+1"],"picked":"SKIP","floor":29.0},{"not_picked":["Bludgeon","Barricade"],"picked":"Double Tap+1","floor":33.0},{"not_picked":["Clothesline+1","Perfected Strike+1","Warcry+1"],"picked":"SKIP","floor":35.0},{"not_picked":["Feel No Pain","Pommel Strike","Flame Barrier+1"],"picked":"SKIP","floor":36.0}],"player_experience":41208,"relics_obtained":[{"floor":6.0,"key":"Whetstone"},{"floor":9.0,"key":"Sundial"},{"floor":12.0,"key":"Mercury Hourglass"},{"floor":23.0,"key":"Toxic Egg 2"}],"event_choices":[{"cards_removed":["Strike_R"],"damage_healed":0.0,"max_hp_gain":0.0,"max_hp_loss":0.0,"gold_gain":0.0,"event_name":"Bonfire Elementals","player_choice":"Offered Basic","floor":5.0,"gold_loss":0.0,"damage_taken":0.0},{"damage_healed":0.0,"max_hp_gain":0.0,"max_hp_loss":0.0,"gold_gain":0.0,"event_name":"Golden Idol","player_choice":"Take Damage","floor":11.0,"gold_loss":0.0,"damage_taken":20.0,"relics_obtained":["Golden Idol"]},{"damage_healed":0.0,"max_hp_gain":5.0,"max_hp_loss":0.0,"gold_gain":0.0,"event_name":"Big Fish","player_choice":"Donut","floor":13.0,"gold_loss":0.0,"damage_taken":0.0},{"damage_healed":0.0,"max_hp_gain":0.0,"max_hp_loss":0.0,"gold_gain":75.0,"event_name":"World of Goop","player_choice":"Gather Gold","floor":14.0,"gold_loss":0.0,"damage_taken":11.0},{"damage_healed":0.0,"max_hp_gain":0.0,"max_hp_loss":0.0,"gold_gain":0.0,"cards_transformed":["Defend_R"],"event_name":"Transmorgrifier","player_choice":"Transformed","floor":20.0,"gold_loss":0.0,"damage_taken":0.0,"cards_obtained":["Inflame"]},{"damage_healed":0.0,"max_hp_gain":0.0,"max_hp_loss":0.0,"gold_gain":0.0,"event_name":"Drug Dealer","player_choice":"Obtain J.A.X.","floor":31.0,"gold_loss":0.0,"damage_taken":0.0,"cards_obtained":["J.A.X."]},{"damage_healed":0.0,"max_hp_gain":0.0,"max_hp_loss":0.0,"gold_gain":0.0,"event_name":"Mysterious Sphere","player_choice":"Ignored","floor":37.0,"gold_loss":0.0,"damage_taken":0.0},{"damage_healed":0.0,"max_hp_gain":0.0,"max_hp_loss":0.0,"gold_gain":0.0,"event_name":"Duplicator","player_choice":"Ignored","floor":38.0,"gold_loss":0.0,"damage_taken":0.0}],"is_beta":false,"boss_relics":[{"not_picked":["Black Star","Runic Pyramid"],"picked":"Fusion Hammer"},{"not_picked":["Runic Cube","Philosopher\u0027s Stone"],"picked":"SlaversCollar"}],"items_purged_floors":[27],"is_endless":false,"potions_floor_spawned":[2,4,6,16,18,22,24,29,36],"killed_by":"Sphere and 2 Shapes","ascension_level":2}}