{"host":"xc18ixkpjvqrt8st","time":1610952394,"event":{"mods":["Act Like it!","BaseMod","Better Match","Better Third Choice","Conspire","Hallownest","Hermit","Hubris","Infinite Spire","Minty Spire (QoL Compilation)","Replay The Spire","Robot Space Explorer","Shop Mod","Spicy Shops","StSLib","The Animator","The Jungle","The Marked"],"gold_per_floor":[115,131,149,149,16,59,59,59,59,59,119,119,145,2,2,2,2],"floor_reached":16,"language":"ENG","playtime":7380,"items_purged":[],"score":108,"play_id":"f340300b-9f4c-43c9-8b40-bce730003c86","local_time":"20210118004634","is_ascension_mode":false,"campfire_choices":[{"floor":8,"key":"REST"},{"floor":10,"key":"RECALL"},{"floor":12,"key":"REST"},{"floor":15,"key":"REST"}],"circlet_count":0,"master_deck":["animator:Strike_NoGameNoLife","animator:Defend_NoGameNoLife","animator:Strike","animator:Strike","animator:Strike","animator:Defend","animator:Defend","animator:Defend","animator:DolaSchwi","animator:DolaCouronne","animator:Hakurou","animator:Ara","animator:DolaSchwi","animator:IchigoKurosaki","animator:MumenRider","animator:Benimaru","animator:Vesta"],"relics":["animator:LivingPicture","animator:TheMissingPiece","Ancient Tea Set","SsserpentHead","Replay:PocketPolymizer","Strange Spoon"],"acts_visited":["Exordium"],"potions_floor_usage":[6,6,16],"damage_taken":[{"damage":1,"enemies":"Jaw Worm","floor":1,"turns":5},{"damage":7,"enemies":"Cultist","floor":2,"turns":5},{"damage":2,"enemies":"Small Slimes","floor":3,"turns":6},{"damage":25,"enemies":"Lagavulin","floor":6,"turns":8},{"damage":14,"enemies":"Gremlin Gang","floor":11,"turns":4},{"damage":23,"enemies":"Gremlin Nob","floor":13,"turns":4},{"damage":76,"enemies":"Fading Forest","floor":16,"turns":10}],"seed_played":"-2179252253835811402","potions_obtained":[{"floor":4,"key":"animator:FalseLifePotion"},{"floor":4,"key":"DuplicationPotion"},{"floor":4,"key":"FairyPotion"},{"floor":13,"key":"Weak Potion"}],"is_trial":false,"path_per_floor":["M","M","M","?","$","E","?","R","T","R","M","R","E","$","R","B"],"character_chosen":"THE_ANIMATOR","items_purchased":["animator:IchigoKurosaki","Strange Spoon"],"campfire_rested":3,"item_purchase_floors":[5,14],"current_hp_per_floor":[68,61,59,59,59,34,34,54,54,54,40,60,37,37,57,20,20],"gold":2,"neow_bonus":"RANDOM_EVENT","is_daily":false,"chose_seed":false,"campfire_upgraded":0,"win_rate":0.0,"timestamp":1610952394,"path_taken":["M","M","M","?","?","E","?","R","T","R","?","R","E","$","R","BOSS"],"items_purchased_type":["Card","Relic"],"build_version":"2020-12-22","purchased_purges":0,"victory":false,"max_hp_per_floor":[69,69,69,69,69,69,69,69,69,69,69,69,69,69,69,69,69],"card_choices":[{"not_picked":["animator:ZankiKiguchi","animator:GazelDwargon"],"picked":"animator:Hakurou","floor":1},{"not_picked":["animator:Vanir","animator:Nanami"],"picked":"animator:Ara","floor":2},{"not_picked":["animator:DolaCouronne","animator:Kaijin"],"picked":"animator:DolaSchwi","floor":3},{"not_picked":["animator:MetalKnight","animator:Saitama"],"picked":"animator:MumenRider","floor":6},{"not_picked":["animator:Chung","animator:Jibril"],"picked":"animator:Benimaru","floor":11},{"not_picked":["animator:Shion","animator:Laby"],"picked":"animator:Vesta","floor":13}],"player_experience":536806,"relics_obtained":[{"floor":6,"key":"Ancient Tea Set"},{"floor":13,"key":"Replay:PocketPolymizer"}],"event_choices":[{"damage_healed":0,"gold_gain":0,"player_choice":"Got Potions","damage_taken":0,"max_hp_gain":0,"max_hp_loss":0,"event_name":"Lab","floor":4,"gold_loss":0},{"damage_healed":0,"gold_gain":0,"player_choice":"Trade","damage_taken":0,"relics_obtained":["SsserpentHead"],"max_hp_gain":0,"max_hp_loss":0,"event_name":"FaceTrader","floor":7,"gold_loss":0}],"is_beta":false,"boss_relics":[],"items_purged_floors":[],"is_endless":false,"potions_floor_spawned":[13],"killed_by":"Fading Forest","ascension_level":0}}