{"host":"2js2pxuugveqjuf7","time":1610962900,"event":{"mods":["BaseMod","Minty Spire (QoL Compilation)","Relic Stats","StSLib"],"gold_per_floor":[16,16,16,33,44,44,71,86,86,101,135,135,160,170,170,272,272,292,310,310,17,32,32,61,76,99,23,57,57,69,84,84,184,184,201,201,201,217,267,267,297,297,297,315,315,368,388,422,422,422,422,422,90,122,122],"floor_reached":56,"language":"ENG","playtime":6005,"items_purged":["Defend_B","Defend_B"],"score":1801,"play_id":"e8545f92-9c07-49b8-b998-a4630db28edf","local_time":"20210118034140","is_ascension_mode":true,"campfire_choices":[{"data":"Chaos","floor":6.0,"key":"SMITH"},{"data":"Defragment","floor":12.0,"key":"SMITH"},{"data":"Capacitor","floor":15.0,"key":"SMITH"},{"data":"Consume","floor":23.0,"key":"SMITH"},{"data":"Electrodynamics","floor":29.0,"key":"SMITH"},{"data":"Loop","floor":32,"key":"SMITH"},{"data":"Hologram","floor":40,"key":"SMITH"},{"data":"Hologram","floor":42,"key":"SMITH"},{"data":"Lockon","floor":45,"key":"SMITH"},{"floor":49,"key":"RECALL"},{"data":"Capacitor","floor":52,"key":"SMITH"}],"circlet_count":0,"master_deck":["Defend_B+1","Defend_B","Zap+1","Ball Lightning","Capacitor+1","Chaos+1","Consume+1","Hologram+1","Hologram+1","Redo+1","Defragment+1","Electrodynamics+1","Conserve Battery+1","Fission+1","Turbo+1","Loop+1","Glacier+1","Lockon+1","Coolheaded+1","Tempest+1","Capacitor+1","Coolheaded+1","Recycle+1","Amplify+1","Seek+1","Conserve Battery+1","Coolheaded+1","Tempest+1","Darkness+1","Compile Driver","Barrage+1","Fission+1","Conserve Battery+1","Hologram+1","Recycle+1","White Noise+1","Seek+1","Darkness+1","Cold Snap+1","Reinforced Body+1"],"relics":["Cracked Core","Pear","Toxic Egg 2","Gremlin Horn","Calipers","Coffee Dripper","Toolbox","Omamori","Ancient Tea Set","Runic Pyramid","Girya","Regal Pillow","Bottled Lightning","Centennial Puzzle","Letter Opener","Orrery","StrikeDummy"],"acts_visited":["Exordium","TheCity","TheBeyond","TheEnding"],"potions_floor_usage":[41,55,55],"damage_taken":[{"damage":2.0,"enemies":"Jaw Worm","floor":1.0,"turns":3.0},{"damage":0.0,"enemies":"Cultist","floor":4.0,"turns":3.0},{"damage":0.0,"enemies":"Small Slimes","floor":5.0,"turns":3.0},{"damage":35.0,"enemies":"3 Sentries","floor":7.0,"turns":7.0},{"damage":3.0,"enemies":"Blue Slaver","floor":8.0,"turns":3.0},{"damage":0.0,"enemies":"Large Slime","floor":10.0,"turns":3.0},{"damage":0.0,"enemies":"Lagavulin","floor":11.0,"turns":8.0},{"damage":0.0,"enemies":"3 Sentries","floor":13.0,"turns":4.0},{"damage":0.0,"enemies":"3 Louse","floor":14.0,"turns":2.0},{"damage":20.0,"enemies":"The Guardian","floor":16.0,"turns":9.0},{"damage":1.0,"enemies":"Shell Parasite","floor":18.0,"turns":5.0},{"damage":3.0,"enemies":"Spheric Guardian","floor":19.0,"turns":3.0},{"damage":0.0,"enemies":"Centurion and Healer","floor":22.0,"turns":4.0},{"damage":0.0,"enemies":"Gremlin Leader","floor":24.0,"turns":3.0},{"damage":13.0,"enemies":"Snecko","floor":25.0,"turns":5.0},{"damage":0.0,"enemies":"Book of Stabbing","floor":28.0,"turns":4.0},{"damage":0,"enemies":"3 Cultists","floor":30,"turns":3},{"damage":0,"enemies":"Snake Plant","floor":31,"turns":1},{"damage":0,"enemies":"Automaton","floor":33,"turns":5},{"damage":0,"enemies":"3 Darklings","floor":35,"turns":2},{"damage":0,"enemies":"3 Shapes","floor":38,"turns":1},{"damage":4,"enemies":"Mind Bloom Boss Battle","floor":39,"turns":6},{"damage":9,"enemies":"Nemesis","floor":41,"turns":3},{"damage":0,"enemies":"Spire Growth","floor":44,"turns":4},{"damage":0,"enemies":"Giant Head","floor":46,"turns":7},{"damage":0,"enemies":"3 Darklings","floor":47,"turns":4},{"damage":0,"enemies":"Nemesis","floor":48,"turns":3},{"damage":0,"enemies":"Awakened One","floor":50,"turns":9},{"damage":0,"enemies":"Shield and Spear","floor":54,"turns":2},{"damage":52,"enemies":"The Heart","floor":55,"turns":5}],"seed_played":"-9169862384725322137","potions_obtained":[{"floor":1.0,"key":"SkillPotion"},{"floor":4.0,"key":"Swift Potion"},{"floor":7.0,"key":"Energy Potion"},{"floor":10.0,"key":"Swift Potion"},{"floor":11.0,"key":"Fire Potion"},{"floor":14.0,"key":"SmokeBomb"},{"floor":24.0,"key":"EssenceOfDarkness"},{"floor":25.0,"key":"Dexterity Potion"},{"floor":30,"key":"Block Potion"},{"floor":31,"key":"PowerPotion"},{"floor":44,"key":"Strength Potion"},{"floor":46,"key":"DuplicationPotion"}],"is_trial":false,"path_per_floor":["M","?","?","M","M","R","E","M","T","M","E","R","E","M","R","B",null,"M","M","?","$","M","R","E","M","T","$","E","R","M","M","R","B",null,"M","?","?","M","?","R","E","R","T","M","R","E","M","E","R","B",null,"R","$","E","B",null],"character_chosen":"DEFECT","items_purchased":["Toolbox","Lockon","Capacitor","Hologram+1","Recycle+1","Orrery"],"campfire_rested":0,"item_purchase_floors":[21,21,27,53,53,53],"current_hp_per_floor":[73,73,58,58,58,58,33,30,30,30,30,30,30,30,30,10,85,84,81,81,81,81,81,81,68,68,68,68,68,68,68,68,68,85,85,85,85,85,81,81,72,72,72,72,72,72,72,72,72,72,85,85,85,85,33],"gold":122,"neow_bonus":"REMOVE_TWO","is_daily":false,"chose_seed":false,"campfire_upgraded":10,"win_rate":0.0,"timestamp":1610962900,"path_taken":["M","?","?","M","M","R","E","M","T","M","E","R","E","M","R","BOSS","M","M","?","?","M","R","E","M","T","$","E","R","M","M","R","BOSS","M","?","?","M","?","R","E","R","T","M","R","E","M","E","R","BOSS","R","$","E","BOSS"],"items_purchased_type":["Relic","Card","Card","Card","Card","Relic"],"build_version":"2020-12-22","purchased_purges":2,"victory":true,"max_hp_per_floor":[75,75,75,75,75,75,85,85,85,85,85,85,85,85,85,85,85,85,85,85,85,85,85,85,85,85,85,85,85,85,85,85,85,85,85,85,85,85,85,85,85,85,85,85,85,85,85,85,85,85,85,85,85,85,85],"relic_stats":{"Regal Pillow":0,"Centennial Puzzle":[3],"Gremlin Horn":[19,19],"counters":[30,123],"Letter Opener":[154],"obtain_stats":[{"Girya":39,"Regal Pillow":41,"Pear":7,"Calipers":13,"Gremlin Horn":11,"Omamori":24,"Letter Opener":48,"Ancient Tea Set":28,"Centennial Puzzle":46,"Toolbox":21,"Orrery":53,"Coffee Dripper":17,"Bottled Lightning":43,"Toxic Egg 2":9,"Cracked Core":0,"StrikeDummy":54,"Runic Pyramid":34},{"Girya":22,"Regal Pillow":23,"Pear":4,"Calipers":8,"Gremlin Horn":7,"Omamori":14,"Letter Opener":27,"Ancient Tea Set":16,"Centennial Puzzle":25,"Toolbox":12,"Orrery":28,"Coffee Dripper":10,"Bottled Lightning":23,"Toxic Egg 2":5,"Cracked Core":0,"StrikeDummy":29,"Runic Pyramid":19},{"Girya":86,"Regal Pillow":89,"Pear":16,"Calipers":34,"Gremlin Horn":30,"Omamori":60,"Letter Opener":107,"Ancient Tea Set":69,"Centennial Puzzle":100,"Toolbox":53,"Orrery":116,"Coffee Dripper":45,"Bottled Lightning":89,"Toxic Egg 2":19,"Cracked Core":0,"StrikeDummy":118,"Runic Pyramid":77}]},"card_choices":[{"not_picked":["Lockon","Skim"],"picked":"Ball Lightning","floor":1.0},{"not_picked":["Stack","Ball Lightning"],"picked":"Chaos","floor":4.0},{"not_picked":["Lockon","Melter"],"picked":"Consume","floor":5.0},{"not_picked":["Scrape","Fusion"],"picked":"Hologram","floor":7.0},{"not_picked":["Compile Driver","Gash"],"picked":"Hologram","floor":8.0},{"not_picked":["Melter","Stack+1"],"picked":"Redo+1","floor":10.0},{"not_picked":["Heatsinks","Force Field+1"],"picked":"Defragment","floor":11.0},{"not_picked":["Sweeping Beam","Chaos+1"],"picked":"Electrodynamics","floor":13.0},{"not_picked":["Self Repair","Barrage"],"picked":"Conserve Battery+1","floor":14.0},{"not_picked":["Multi-Cast+1","Core Surge"],"picked":"Fission+1","floor":16.0},{"not_picked":["Ball Lightning","Rip and Tear+1"],"picked":"Turbo+1","floor":18.0},{"not_picked":["Rebound","Barrage"],"picked":"Loop","floor":19.0},{"not_picked":["Loop","Stack+1","Rebound"],"picked":"SKIP","floor":22.0},{"not_picked":["Compile Driver+1","Steam Power+1"],"picked":"Coolheaded+1","floor":24.0},{"not_picked":["Stack+1","Gash+1"],"picked":"Tempest+1","floor":25.0},{"not_picked":["Force Field+1","Compile Driver"],"picked":"Coolheaded+1","floor":28.0},{"not_picked":["Doom and Gloom","Ball Lightning+1"],"picked":"Recycle+1","floor":30},{"not_picked":["Gash","Fusion+1"],"picked":"Amplify+1","floor":31},{"not_picked":["Meteor Strike","Multi-Cast+1"],"picked":"Seek+1","floor":33},{"not_picked":["Redo+1","Beam Cell"],"picked":"Conserve Battery+1","floor":35},{"not_picked":["Compile Driver+1","Redo+1"],"picked":"Coolheaded+1","floor":38},{"not_picked":["Rebound","Rip and Tear"],"picked":"Tempest+1","floor":39},{"not_picked":["Stack+1","Steam+1"],"picked":"Darkness+1","floor":41},{"not_picked":["Genetic Algorithm+1","Steam Power+1"],"picked":"Compile Driver","floor":44},{"not_picked":["Streamline","BootSequence+1"],"picked":"Barrage+1","floor":46},{"not_picked":["Turbo+1","Conserve Battery+1"],"picked":"Fission+1","floor":47},{"not_picked":["Redo+1","Blizzard+1"],"picked":"Conserve Battery+1","floor":48},{"not_picked":["Ball Lightning","Static Discharge"],"picked":"White Noise+1","floor":53},{"not_picked":["Stack+1","Doom and Gloom+1"],"picked":"Seek+1","floor":53},{"not_picked":["Sweeping Beam","Cold Snap+1"],"picked":"Darkness+1","floor":53},{"not_picked":["Reprogram+1","Streamline+1"],"picked":"Cold Snap+1","floor":53},{"not_picked":["Recycle+1","Fusion+1"],"picked":"Reinforced Body+1","floor":54}],"player_experience":291706,"relics_obtained":[{"floor":7.0,"key":"Pear"},{"floor":9.0,"key":"Toxic Egg 2"},{"floor":11.0,"key":"Gremlin Horn"},{"floor":13.0,"key":"Calipers"},{"floor":24.0,"key":"Omamori"},{"floor":28.0,"key":"Ancient Tea Set"},{"floor":39,"key":"Girya"},{"floor":41,"key":"Regal Pillow"},{"floor":43,"key":"Bottled Lightning"},{"floor":46,"key":"Centennial Puzzle"},{"floor":48,"key":"Letter Opener"},{"floor":54,"key":"StrikeDummy"}],"event_choices":[{"damage_healed":0.0,"max_hp_gain":0.0,"max_hp_loss":0.0,"gold_gain":0.0,"cards_transformed":["Strike_B"],"event_name":"Living Wall","player_choice":"Change","floor":2.0,"gold_loss":0.0,"damage_taken":0.0,"cards_obtained":["Capacitor"]},{"damage_healed":0.0,"max_hp_gain":0.0,"max_hp_loss":0.0,"gold_gain":0.0,"event_name":"Shining Light","player_choice":"Entered Light","floor":3.0,"gold_loss":0.0,"damage_taken":15.0,"cards_upgraded":["Defend_B","Zap"]},{"damage_healed":0.0,"max_hp_gain":0.0,"max_hp_loss":0.0,"gold_gain":0.0,"cards_transformed":["Strike_B"],"event_name":"Transmorgrifier","player_choice":"Transformed","floor":20.0,"gold_loss":0.0,"damage_taken":0.0,"cards_obtained":["Glacier"]},{"damage_healed":0,"gold_gain":0,"player_choice":"Ignored","damage_taken":0,"max_hp_gain":0,"max_hp_loss":0,"event_name":"Tomb of Lord Red Mask","floor":36,"gold_loss":0},{"cards_removed":["Dualcast"],"damage_healed":0,"gold_gain":0,"player_choice":"Removed Skill","damage_taken":0,"max_hp_gain":0,"max_hp_loss":0,"event_name":"Falling","floor":37,"gold_loss":0},{"damage_healed":0,"gold_gain":0,"player_choice":"Fight","damage_taken":0,"max_hp_gain":0,"max_hp_loss":0,"event_name":"MindBloom","floor":39,"gold_loss":0}],"is_beta":false,"boss_relics":[{"not_picked":["Runic Dome","Velvet Choker"],"picked":"Coffee Dripper"},{"not_picked":["Sozu","FrozenCore"],"picked":"Runic Pyramid"}],"items_purged_floors":[21,53],"is_endless":false,"potions_floor_spawned":[1,4,7,10,11,14,24,25,30,31,33,38,44,46,47,48],"ascension_level":4}}