{"host":"a1u4jo6xlg3w0wsm","time":1610969584,"event":{"mods":["BaseMod","Better Third Choice","DeckTracker","Downfall","Hermit","Hubris","Minty Spire (QoL Compilation)","Rare Cards Sparkle","Replay The Spire","StSLib","The Cursed"],"gold_per_floor":[115,134,187,19,38,71,91,91,91,118,118,138,148,148,148,148,148],"floor_reached":16,"playtime":993,"items_purged":["hermit:Defend_Hermit"],"score":137,"play_id":"fc36e596-282b-4881-8b43-c120489a3b84","local_time":"20210119003304","is_ascension_mode":true,"campfire_choices":[{"floor":8.0,"key":"REST"},{"floor":11,"key":"REST"},{"floor":15,"key":"REST"}],"circlet_count":0,"master_deck":["hermit:Strike_Hermit","hermit:Strike_Hermit","hermit:Strike_Hermit+1","hermit:Strike_Hermit+1","hermit:Defend_Hermit","hermit:Defend_Hermit","hermit:Defend_Hermit","hermit:Snapshot+1","hermit:Covet","hermit:Shortfuse","hermit:Determination","hermit:HoleUp","hermit:Combo","hermit:Magnum","hermit:Vantage","hermit:Snipe","hermit:Showdown"],"relics":["hermit:Momento","Gremlin Food","hubris:64BitClover","Mango","Smiling Mask"],"acts_visited":["Exordium"],"potions_floor_usage":[14,16,16],"damage_taken":[{"damage":0.0,"enemies":"Cultist","floor":1.0,"turns":3.0},{"damage":7.0,"enemies":"Small Slimes","floor":2.0,"turns":3.0},{"damage":0.0,"enemies":"2 Louse","floor":5.0,"turns":3.0},{"damage":33.0,"enemies":"3 Sentries","floor":6.0,"turns":8.0},{"damage":11.0,"enemies":"Large Slime","floor":7.0,"turns":7.0},{"damage":50,"enemies":"Gremlin Nob","floor":10,"turns":6},{"damage":4,"enemies":"2 Fungi Beasts","floor":12,"turns":3},{"damage":4,"enemies":"Red Slaver","floor":13,"turns":4},{"damage":0,"enemies":"3 Louse","floor":14,"turns":2},{"damage":55,"enemies":"The Guardian","floor":16,"turns":9}],"seed_played":"-936709581845554679","potions_obtained":[{"floor":1.0,"key":"EssenceOfSteel"},{"floor":7.0,"key":"SmokeBomb"},{"floor":10,"key":"DistilledChaos"},{"floor":13,"key":"Dexterity Potion"}],"is_trial":false,"path_per_floor":["M","M","T","$","M","E","M","R","T","E","R","M","M","M","R","B"],"character_chosen":"HERMIT","items_purchased":["hermit:HoleUp","hermit:Combo"],"campfire_rested":3,"item_purchase_floors":[4,4],"current_hp_per_floor":[75,68,68,68,68,35,24,46,60,10,36,32,28,28,54,0,0],"gold":148,"neow_bonus":"THREE_CARDS","is_daily":false,"chose_seed":false,"campfire_upgraded":0,"win_rate":0.0,"timestamp":1610969584,"path_taken":["M","M","?","?","M","E","M","R","T","E","R","M","M","M","R","BOSS"],"items_purchased_type":["Card","Card"],"build_version":"2020-12-13","purchased_purges":1,"victory":false,"max_hp_per_floor":[75,75,75,75,75,75,75,75,89,89,89,89,89,89,89,89,89],"card_choices":[{"not_picked":["hermit:Coalescence","hermit:BodyArmor"],"picked":"hermit:Shortfuse","floor":0.0},{"not_picked":["hermit:Desperado","hermit:Snipe"],"picked":"hermit:Determination","floor":1.0},{"not_picked":["hermit:BodyArmor","hermit:CalledShot","hermit:Manifest"],"picked":"SKIP","floor":2.0},{"not_picked":["hermit:WideOpen","hermit:Roulette","hermit:ItchyTrigger"],"picked":"SKIP","floor":5.0},{"not_picked":["hermit:Malice","hermit:Cheat"],"picked":"hermit:Magnum","floor":6.0},{"not_picked":["hermit:Midnight","hermit:Manifest"],"picked":"hermit:Vantage","floor":7.0},{"not_picked":["hermit:Headshot","hermit:Coalescence"],"picked":"hermit:Snipe","floor":10},{"not_picked":["hermit:Feint","hermit:Manifest","hermit:HighCaliber"],"picked":"SKIP","floor":12},{"not_picked":["hermit:LowProfile","hermit:Snipe"],"picked":"hermit:Showdown","floor":13}],"player_experience":362145,"relics_obtained":[{"floor":3.0,"key":"Gremlin Food"},{"floor":6.0,"key":"hubris:64BitClover"},{"floor":9.0,"key":"Mango"},{"floor":10,"key":"Smiling Mask"}],"event_choices":[],"is_beta":false,"boss_relics":[],"items_purged_floors":[4],"is_endless":false,"potions_floor_spawned":[1,7,10,13,14],"killed_by":"The Guardian","ascension_level":4}}