{"host":"94qggqh0xz0sp6ai","time":1610945248,"event":{"mods":["100% Spire Juice","Abigail Mod","Act Like it!","BaseMod","CapriCore","Downfall","Friendly Minions","Gensokyo","Hermit","Jorbs\u0027s Wanderer Trilogy","Koishi","Marisa（霧雨　魔理沙）","Minty Spire (QoL Compilation)","Permanent Neow","Reimu（博??梦）","StSLib","The Alterego","The Construct","The Cursed","The Hierophant","The Immortal","The Marked","The Servant 0.9.4","TheBandit","Waifu the Spire"],"gold_per_floor":[114,125,140,153,171,171,205,5,5,5,60,60,76,1,1,105,105,121,21,120,120,120,120,151,151,31,31,31,46,73,86,86,187,187,203,251,131,6,6,40,40,40,63,63,63,63,63,81,81,81,81],"floor_reached":50,"language":"ENG","playtime":1866,"items_purged":["Doubt","downfall:Malfunctioning","TheCursedMod:Dregs"],"score":638,"play_id":"b3f251f4-dce3-42f3-8c36-4f19dc0f5aab","local_time":"20210117224728","is_ascension_mode":true,"campfire_choices":[{"data":"Moonworks:CrystalBarrier","floor":6,"key":"SMITH"},{"data":"Moonworks:BackdoorTrade","floor":12,"key":"SMITH"},{"data":"Moonworks:IndiscriminateFireSupport","floor":15,"key":"SMITH"},{"data":"Moonworks:Dinner","floor":23,"key":"SMITH"},{"data":"Moonworks:SubspaceTunnel","floor":25,"key":"SMITH"},{"data":"Bite","floor":27,"key":"SMITH"},{"data":"Moonworks:AwakeningOfTalent","floor":32,"key":"SMITH"},{"data":"Moonworks:x16BigRocket+1","floor":41,"key":"SMITH"},{"data":"Moonworks:x16BigRocket+2","floor":44,"key":"SMITH"},{"data":"Moonworks:x16BigRocket+3","floor":45,"key":"SMITH"},{"data":"Moonworks:x16BigRocket+4","floor":47,"key":"SMITH"},{"data":"Moonworks:TacticalRetreat","floor":49,"key":"SMITH"}],"circlet_count":0,"master_deck":["Moonworks:Defend","Moonworks:Defend","Moonworks:Defend","Moonworks:Defend","Moonworks:Ambush+1","Moonworks:LongDistanceShot","Moonworks:Assault","Moonworks:IndiscriminateFireSupport+1","Moonworks:CrystalBarrier+1","Moonworks:BackdoorTrade+1","Moonworks:BigBangBell","Moonworks:FullSpeedAlicianrone","Moonworks:TacticalRetreat+1","Moonworks:LuckyCharm","Moonworks:SubspaceTunnel+1","Moonworks:Dinner+1","Bite+1","Bite","Bite","Bite","Bite","Moonworks:DeployBits+1","Moonworks:SakisCookie","Moonworks:MiracleRedBeanIceCream+1","Moonworks:AwakeningOfTalent+1","Moonworks:PlushieMaster","CurseOfTheBell","Moonworks:x16BigRocket+5","Moonworks:StiffCrystal+1","Wraith","Moonworks:MetallicMonocoque+1","Moonworks:BigMagnum+1"],"relics":["Moonworks:BrokenBomb","Moonworks:Homemark","MealTicket","Torii","Blue Candle","Coffee Dripper","Frozen Egg 2","StoneCalendar","Meat on the Bone","Boot","Calling Bell","Toy Ornithopter","Singing Bowl","Dead Branch","WingedGreaves","Pen Nib","Turnip","RuthlessExorcism:ReiMu"],"acts_visited":["Exordium","TheCity","TheBeyond"],"potions_floor_usage":[7,7,24,24,33,36,42,42],"damage_taken":[{"damage":0,"enemies":"Small Slimes","floor":1,"turns":2},{"damage":0,"enemies":"2 Louse","floor":2,"turns":3},{"damage":2,"enemies":"Jaw Worm","floor":3,"turns":3},{"damage":22,"enemies":"Exordium Thugs","floor":4,"turns":5},{"damage":8,"enemies":"Exordium Wildlife","floor":5,"turns":3},{"damage":8,"enemies":"Gremlin Nob","floor":7,"turns":4},{"damage":1,"enemies":"2 Fungi Beasts","floor":13,"turns":3},{"damage":4,"enemies":"The Guardian","floor":16,"turns":10},{"damage":2,"enemies":"Shell Parasite","floor":18,"turns":5},{"damage":16,"enemies":"Slavers","floor":24,"turns":3},{"damage":11,"enemies":"2 Thieves","floor":29,"turns":2},{"damage":2,"enemies":"Book of Stabbing","floor":30,"turns":5},{"damage":0,"enemies":"Snecko","floor":31,"turns":3},{"damage":25,"enemies":"Collector","floor":33,"turns":8},{"damage":0,"enemies":"3 Darklings","floor":35,"turns":1},{"damage":20,"enemies":"2 Orb Walkers","floor":36,"turns":6},{"damage":44,"enemies":"Nemesis","floor":40,"turns":7},{"damage":29,"enemies":"Giant Head","floor":42,"turns":10},{"damage":7,"enemies":"Orb Walker","floor":48,"turns":2},{"damage":88,"enemies":"Donu and Deca","floor":50,"turns":6}],"seed_played":"9045798019989038222","potions_obtained":[{"floor":2,"key":"BlessingOfTheForge"},{"floor":3,"key":"SkillPotion"},{"floor":5,"key":"Fire Potion"},{"floor":18,"key":"Block Potion"},{"floor":29,"key":"SmokeBomb"},{"floor":30,"key":"hexamod:SoulburnPotion"},{"floor":33,"key":"PowerPotion"},{"floor":35,"key":"Swift Potion"}],"is_trial":false,"path_per_floor":["M","M","M","M","M","R","E","$","T","?","?","R","M","$","R","B",null,"M","$","?","?","?","R","E","R","T","R","?","M","E","M","R","B",null,"M","?","T","$","?","E","R","E","T","R","R","$","R","M","R","B"],"character_chosen":"THE_STARBREAKER","items_purchased":["Moonworks:TacticalRetreat"],"campfire_rested":0,"item_purchase_floors":[8],"current_hp_per_floor":[60,60,58,36,28,28,20,35,35,40,40,40,39,54,54,50,65,63,65,65,45,45,45,36,36,36,36,36,27,40,45,45,45,45,45,41,41,45,45,25,25,31,31,31,31,45,45,40,40,0,0],"gold":81,"neow_bonus":"UPGRADE_CARD","is_daily":false,"chose_seed":false,"campfire_upgraded":12,"win_rate":0.0,"timestamp":1610945248,"path_taken":["M","M","M","M","M","R","E","$","T","?","?","R","M","$","R","BOSS","M","$","?","?","?","R","E","R","T","R","?","M","E","M","R","BOSS","M","?","?","$","?","E","R","E","T","R","R","$","R","?","R","BOSS"],"items_purchased_type":["Card"],"build_version":"2020-12-22","purchased_purges":3,"victory":false,"max_hp_per_floor":[60,60,60,60,60,60,60,60,60,65,65,65,65,65,65,65,65,65,65,65,45,45,45,45,45,45,45,45,45,45,45,45,45,45,45,45,45,45,45,45,45,45,45,45,45,45,45,45,45,41,41],"card_choices":[{"not_picked":["Moonworks:LulusLuckyEgg","Moonworks:ImOnFire"],"picked":"Moonworks:Assault","floor":1},{"not_picked":["Moonworks:DeployBits","Moonworks:EvilSpyWorkPreparation"],"picked":"Moonworks:IndiscriminateFireSupport","floor":2},{"not_picked":["Moonworks:ImOnFire","Moonworks:BigMagnum"],"picked":"Moonworks:CrystalBarrier","floor":3},{"not_picked":["Moonworks:LulusLuckyEgg","Moonworks:SelfDestruct"],"picked":"Moonworks:BackdoorTrade","floor":4},{"not_picked":["Moonworks:LulusLuckyEgg","Moonworks:ImOnFire"],"picked":"Moonworks:BigBangBell","floor":5},{"not_picked":["Moonworks:AccelHyper","Moonworks:ImmovableObject"],"picked":"Moonworks:FullSpeedAlicianrone","floor":7},{"not_picked":["Moonworks:IndiscriminateFireSupport","Moonworks:SealedMemories"],"picked":"Moonworks:LuckyCharm","floor":13},{"not_picked":["Moonworks:HolyNight","Moonworks:Gamble"],"picked":"Moonworks:SubspaceTunnel","floor":16},{"not_picked":["Moonworks:JonathanRush","Moonworks:ForcedRevival"],"picked":"Moonworks:Dinner","floor":18},{"not_picked":["Moonworks:LulusLuckyEgg","Moonworks:ExtendedPhotonRifle"],"picked":"Moonworks:DeployBits+1","floor":24},{"not_picked":["Moonworks:NicePresent","Moonworks:AngelHand+1"],"picked":"Moonworks:SakisCookie","floor":29},{"not_picked":["Moonworks:BigMagnum","Moonworks:Heat300Percent"],"picked":"Moonworks:MiracleRedBeanIceCream+1","floor":30},{"not_picked":["Moonworks:EvilSpyWorkPreparation","Moonworks:BigMagnum"],"picked":"Moonworks:AwakeningOfTalent","floor":31},{"not_picked":["Moonworks:FinalBattle+1","Moonworks:Wanted"],"picked":"Moonworks:PlushieMaster","floor":33},{"not_picked":["Moonworks:MixPhenomenon","Moonworks:WindyEnchantment+1"],"picked":"Moonworks:x16BigRocket+1","floor":35},{"not_picked":["Moonworks:UnpaidWork","Moonworks:CloudOfSeagulls"],"picked":"Moonworks:StiffCrystal+1","floor":36},{"not_picked":["Moonworks:ReproductionOfRecords","Moonworks:IndiscriminateFireSupport"],"picked":"Moonworks:MetallicMonocoque+1","floor":40},{"not_picked":["Moonworks:BeyondHell+1","Moonworks:LulusLuckyEgg"],"picked":"Moonworks:BigMagnum+1","floor":48}],"player_experience":1398360,"relics_obtained":[{"floor":7,"key":"MealTicket"},{"floor":9,"key":"Torii"},{"floor":24,"key":"StoneCalendar"},{"floor":26,"key":"Meat on the Bone"},{"floor":30,"key":"Boot"},{"floor":34,"key":"Toy Ornithopter"},{"floor":34,"key":"Singing Bowl"},{"floor":34,"key":"Dead Branch"},{"floor":36,"key":"WingedGreaves"},{"floor":37,"key":"Pen Nib"},{"floor":40,"key":"Turnip"},{"floor":43,"key":"RuthlessExorcism:ReiMu"}],"event_choices":[{"damage_healed":0,"gold_gain":175,"player_choice":"AGREE","damage_taken":0,"max_hp_gain":0,"max_hp_loss":0,"event_name":"Liars Game","floor":11,"gold_loss":0,"cards_obtained":["Doubt"]},{"damage_healed":0,"gold_gain":99,"player_choice":"Stole From Cult","damage_taken":0,"max_hp_gain":0,"max_hp_loss":0,"event_name":"Nest","floor":20,"gold_loss":0},{"damage_healed":0,"gold_gain":0,"player_choice":"Became a vampire","damage_taken":0,"max_hp_gain":0,"max_hp_loss":20,"event_name":"Vampires","floor":21,"gold_loss":0,"cards_obtained":["Bite","Bite","Bite","Bite","Bite"]},{"damage_healed":0,"gold_gain":0,"player_choice":"Opened","damage_taken":0,"relics_obtained":["Frozen Egg 2"],"max_hp_gain":0,"max_hp_loss":0,"event_name":"The Mausoleum","floor":22,"gold_loss":0},{"damage_healed":0,"gold_gain":0,"player_choice":"Fight","damage_taken":0,"max_hp_gain":0,"max_hp_loss":0,"event_name":"Mysterious Sphere","floor":36,"gold_loss":0},{"damage_healed":0,"gold_gain":0,"player_choice":"Ignored","damage_taken":0,"max_hp_gain":0,"max_hp_loss":0,"event_name":"OrinTheCat","floor":39,"gold_loss":0}],"is_beta":false,"boss_relics":[{"not_picked":["Busted Crown","Runic Pyramid"],"picked":"Coffee Dripper"},{"not_picked":["Velvet Choker","SlaversCollar"],"picked":"Calling Bell"}],"items_purged_floors":[14,19,38],"is_endless":false,"potions_floor_spawned":[2,3,5,18,29,30,33,35,42],"killed_by":"Donu and Deca","ascension_level":2}}