{"host":"sc0o2qwpf9j16a4i","time":1610999301,"event":{"mods":["AchievementEnabler","BaseMod","BetterRewards","Block Reminder","Colored Map","Colored Powertips","Custom Start","Highlight Path","Minty Spire (QoL Compilation)","Relic Stats"],"gold_per_floor":[109,119,135,149,149,149,177,177,177,211,229,229,3,3,3,76,76,95,107,124,124,124,124],"floor_reached":22,"language":"ENG","playtime":763,"items_purged":["Strike_R"],"score":617,"play_id":"1d799e4d-6061-4b32-b0a4-b47880adc521","local_time":"20210118214821","is_ascension_mode":true,"campfire_choices":[{"data":"Inflame","floor":6,"key":"SMITH"},{"floor":8,"key":"REST"},{"data":"Disarm","floor":12,"key":"SMITH"},{"data":"Inflame","floor":15,"key":"SMITH"}],"circlet_count":0,"master_deck":["AscendersBane","Defend_R","Defend_R","Defend_R","Defend_R","Bash","Inflame+1","Metallicize","Feel No Pain","Disarm+1","Flame Barrier","Blood for Blood","Shockwave","Clothesline","Twin Strike","Exhume","Inflame+1","Body Slam","Barricade","Dark Embrace","Inflame","Reaper","Bite","Bite","Bite","Bite","Bite"],"relics":["Burning Blood","OrangePellets","Centennial Puzzle","Blue Candle","Gremlin Horn","ClockworkSouvenir","Letter Opener","Membership Card","Potion Belt","Strawberry","Question Card","Nunchaku","Bag of Preparation","Self Forming Clay","Red Skull","SlaversCollar"],"acts_visited":["Exordium","TheCity"],"potions_floor_usage":[4,7,16,18,18],"damage_taken":[{"damage":0,"enemies":"Cultist","floor":1,"turns":4},{"damage":1,"enemies":"2 Louse","floor":2,"turns":3},{"damage":4,"enemies":"Small Slimes","floor":3,"turns":4},{"damage":6,"enemies":"3 Louse","floor":4,"turns":4},{"damage":14,"enemies":"Gremlin Nob","floor":7,"turns":4},{"damage":10,"enemies":"3 Sentries","floor":10,"turns":12},{"damage":3,"enemies":"Looter","floor":11,"turns":5},{"damage":9,"enemies":"The Guardian","floor":16,"turns":12},{"damage":20,"enemies":"2 Thieves","floor":18,"turns":4},{"damage":22,"enemies":"Shell Parasite","floor":19,"turns":5},{"damage":17,"enemies":"Snecko","floor":20,"turns":6},{"damage":54,"enemies":"Masked Bandits","floor":22,"turns":3}],"seed_played":"482292468974195153","potions_obtained":[{"floor":2,"key":"Block Potion"},{"floor":3,"key":"Ancient Potion"},{"floor":16,"key":"LiquidMemories"}],"is_trial":false,"path_per_floor":["M","M","M","M","?","R","E","R","T","E","M","R","$","?","R","B",null,"M","M","M","?","?"],"character_chosen":"IRONCLAD","items_purchased":["OrangePellets","Inflame","Centennial Puzzle","Blue Candle","Gremlin Horn","ClockworkSouvenir","Letter Opener","Metallicize","Feel No Pain","Membership Card","Potion Belt","Strawberry","Question Card","LiquidMemories","Red Skull","Inflame","Body Slam","AttackPotion","Block Potion"],"campfire_rested":1,"item_purchase_floors":[0,0,0,0,0,0,0,0,0,0,0,0,0,0,13,13,13,13,13],"current_hp_per_floor":[34,39,41,41,41,41,33,57,57,53,56,56,56,56,56,53,75,61,45,34,34,0,0],"gold":124,"neow_bonus":"","is_daily":false,"chose_seed":false,"campfire_upgraded":3,"win_rate":0.0,"timestamp":1610999301,"path_taken":["M","M","?","M","?","R","E","R","T","E","M","R","$","?","R","BOSS","M","M","M","?","?"],"items_purchased_type":["Relic","Card","Relic","Relic","Relic","Relic","Relic","Card","Card","Relic","Relic","Relic","Relic","Potion","Relic","Card","Card","Potion","Potion"],"build_version":"2020-12-22","purchased_purges":1,"victory":false,"max_hp_per_floor":[82,82,82,82,82,82,82,82,82,82,82,82,82,82,82,82,82,82,82,82,57,57,57],"relic_stats":{"OrangePellets":[1],"Centennial Puzzle":[33],"Nunchaku":[4],"Gremlin Horn":[7,7],"counters":[76,410],"Self Forming Clay":[45],"Blue Candle":[0],"Bag of Preparation":[78],"Letter Opener":[10],"Question Card":11,"obtain_stats":[{"Ice Cream":9,"Tiny House":0,"Gremlin Horn":0,"Nilry\u0027s Codex":19,"Whetstone":26,"Ginger":44,"Blood Vial":24,"Centennial Puzzle":8,"DollysMirror":20,"Strawberry":0,"MealTicket":40,"Fusion Hammer":17,"Blue Candle":0,"Velvet Choker":17,"Eternal Feather":12,"Letter Opener":0,"War Paint":30,"Question Card":0,"OrangePellets":0,"SlaversCollar":17,"Bronze Scales":12,"Molten Egg 2":0,"Mark of Pain":34,"Lantern":32,"Singing Bowl":25,"Torii":30,"Magic Flower":7,"Bag of Preparation":0,"Cursed Key":17,"Ancient Tea Set":24,"Burning Blood":0,"ClockworkSouvenir":54,"Nunchaku":7,"Shovel":3,"Tiny Chest":23,"Red Mask":19,"Chemical X":0,"Red Skull":7,"InkBottle":9,"Runic Pyramid":34,"Potion Belt":0,"Self Forming Clay":9,"Golden Idol":4,"Omamori":0,"Strange Spoon":30,"Anchor":6,"CaptainsWheel":28,"Bag of Marbles":14,"Art of War":3,"Membership Card":22},{"Ice Cream":15,"Tiny House":0,"Gremlin Horn":64,"Nilry\u0027s Codex":20,"Whetstone":47,"Ginger":57,"Blood Vial":47,"Centennial Puzzle":4,"DollysMirror":10,"Strawberry":64,"MealTicket":55,"Fusion Hammer":43,"Blue Candle":64,"Velvet Choker":8,"Eternal Feather":6,"Letter Opener":64,"War Paint":49,"Question Card":64,"OrangePellets":64,"SlaversCollar":72,"Bronze Scales":16,"Molten Egg 2":32,"Mark of Pain":28,"Lantern":27,"Singing Bowl":23,"Torii":49,"Magic Flower":14,"Bag of Preparation":32,"Cursed Key":19,"Ancient Tea Set":22,"Burning Blood":0,"ClockworkSouvenir":63,"Nunchaku":69,"Shovel":13,"Tiny Chest":22,"Red Mask":10,"Chemical X":11,"Red Skull":37,"InkBottle":38,"Runic Pyramid":51,"Potion Belt":64,"Self Forming Clay":4,"Golden Idol":13,"Omamori":32,"Strange Spoon":49,"Anchor":3,"CaptainsWheel":24,"Bag of Marbles":18,"Art of War":34,"Membership Card":21},{"Ice Cream":72,"Tiny House":0,"Gremlin Horn":344,"Nilry\u0027s Codex":93,"Whetstone":192,"Ginger":276,"Blood Vial":192,"Centennial Puzzle":12,"DollysMirror":54,"Strawberry":344,"MealTicket":258,"Fusion Hammer":179,"Blue Candle":344,"Velvet Choker":41,"Eternal Feather":21,"Letter Opener":344,"War Paint":201,"Question Card":344,"OrangePellets":344,"SlaversCollar":392,"Bronze Scales":76,"Molten Egg 2":147,"Mark of Pain":125,"Lantern":116,"Singing Bowl":102,"Torii":201,"Magic Flower":69,"Bag of Preparation":147,"Cursed Key":89,"Ancient Tea Set":97,"Burning Blood":0,"ClockworkSouvenir":333,"Nunchaku":363,"Shovel":63,"Tiny Chest":97,"Red Mask":54,"Chemical X":59,"Red Skull":162,"InkBottle":165,"Runic Pyramid":225,"Potion Belt":344,"Self Forming Clay":12,"Golden Idol":63,"Omamori":147,"Strange Spoon":201,"Anchor":9,"CaptainsWheel":107,"Bag of Marbles":84,"Art of War":153,"Membership Card":95}],"Burning Blood":327},"card_choices":[{"not_picked":["Cleave","Blood for Blood","Anger"],"picked":"Disarm","floor":1},{"not_picked":["Thunderclap","Pummel","True Grit"],"picked":"Flame Barrier","floor":2},{"not_picked":["Flex","Cleave","Twin Strike"],"picked":"Blood for Blood","floor":3},{"not_picked":["Clash","Clothesline","Infernal Blade"],"picked":"Shockwave","floor":4},{"not_picked":["Sword Boomerang","Infernal Blade","Carnage"],"picked":"Clothesline","floor":7},{"not_picked":["Pummel","Thunderclap","Intimidate"],"picked":"Twin Strike","floor":10},{"not_picked":["Metallicize","Headbutt","Thunderclap"],"picked":"Exhume","floor":11},{"not_picked":["Corruption","Double Tap","Reaper"],"picked":"Barricade","floor":16},{"not_picked":["Flex","Rupture","Armaments"],"picked":"Dark Embrace","floor":18},{"not_picked":["Combust","Heavy Blade","Second Wind"],"picked":"Inflame","floor":19},{"not_picked":["Body Slam","Thunderclap","Armaments"],"picked":"Reaper","floor":20}],"player_experience":736836,"relics_obtained":[{"floor":7,"key":"Nunchaku"},{"floor":9,"key":"Bag of Preparation"},{"floor":10,"key":"Self Forming Clay"}],"event_choices":[{"damage_healed":0,"gold_gain":0,"player_choice":"Ignored","damage_taken":0,"max_hp_gain":0,"max_hp_loss":0,"event_name":"Shining Light","floor":5,"gold_loss":0},{"damage_healed":0,"gold_gain":0,"player_choice":"Ignored","damage_taken":0,"max_hp_gain":0,"max_hp_loss":0,"event_name":"Liars Game","floor":14,"gold_loss":0},{"damage_healed":0,"gold_gain":0,"player_choice":"Became a vampire","damage_taken":0,"max_hp_gain":0,"max_hp_loss":25,"event_name":"Vampires","floor":21,"gold_loss":0,"cards_obtained":["Bite","Bite","Bite","Bite","Bite"]},{"damage_healed":0,"gold_gain":0,"player_choice":"Fought Bandits","damage_taken":0,"max_hp_gain":0,"max_hp_loss":0,"event_name":"Masked Bandits","floor":22,"gold_loss":0}],"is_beta":false,"boss_relics":[{"not_picked":["Black Blood","Pandora\u0027s Box"],"picked":"SlaversCollar"}],"items_purged_floors":[13],"is_endless":false,"potions_floor_spawned":[2,3,16],"killed_by":"Masked Bandits","ascension_level":20}}