{"host":"vyjryxuuuxkt43k4","time":1610939523,"event":{"mods":["AchievementEnabler","BaseMod","Colored Map","DeckTracker","Keyboard Shortcuts","Minty Spire (QoL Compilation)","Permanent Neow","Quick Restart","StSLib","SuperFastMode","everything is the same but u backflip on backflip"],"gold_per_floor":[113,113,15,35,35,73,73,98,98,98,119,143,68,101,101,226,226,240,240,258,271,20,53,53,87,87,87,87,100,100,125,125,246,246,271,286,89,89,103,103,147,147,147,165,198,223,223,239,239,239,239,239,17,48,48],"floor_reached":56,"language":"KOR","playtime":7596,"items_purged":["Doubt","Weave","Clumsy","Parasite"],"score":1413,"play_id":"600cd6f4-fec7-4118-be8c-78ff114b8560","local_time":"20210118121203","is_ascension_mode":true,"campfire_choices":[{"data":"Eruption","floor":7.0,"key":"SMITH"},{"data":"Impatience","floor":10.0,"key":"SMITH"},{"data":"Crescendo","floor":15.0,"key":"SMITH"},{"data":"DevaForm","floor":24.0,"key":"SMITH"},{"floor":27.0,"key":"REST"},{"data":"Adaptation","floor":30.0,"key":"SMITH"},{"data":"MasterReality","floor":32.0,"key":"SMITH"},{"data":"Prostrate","floor":40.0,"key":"SMITH"},{"data":"Adaptation","floor":47.0,"key":"SMITH"},{"floor":49,"key":"RECALL"},{"data":"Worship","floor":52,"key":"SMITH"}],"circlet_count":0,"master_deck":["Eruption+1","Vigilance","FollowUp","Impatience+1","Crescendo+1","MentalFortress","MentalFortress","DeusExMachina","Sanctity","CarveReality","DevaForm+1","ForeignInfluence","SignatureMove","Pray","ClearTheMind","Worship+1","EmptyBody+1","MentalFortress","Adaptation+1","MasterReality+1","Brilliance","Prostrate+1","Indignation+1","Deep Breath","Panacea","Dark Shackles","Parasite","Adaptation+1","Halt+1"],"relics":["Cursed Key","Golden Idol","InkBottle","Oddly Smooth Stone","TeardropLocket","Pantograph","Pandora\u0027s Box","Bag of Preparation","StrikeDummy","Damaru","Kunai","Black Star","Orichalcum","Juzu Bracelet","Blood Vial","Centennial Puzzle","Bottled Tornado","Lantern"],"acts_visited":["Exordium","TheCity","TheBeyond","TheEnding"],"potions_floor_usage":[54,55,55],"damage_taken":[{"damage":0.0,"enemies":"2 Louse","floor":1.0,"turns":2.0},{"damage":2.0,"enemies":"Cultist","floor":4.0,"turns":3.0},{"damage":31.0,"enemies":"3 Sentries","floor":6.0,"turns":7.0},{"damage":3.0,"enemies":"Jaw Worm","floor":8.0,"turns":2.0},{"damage":14.0,"enemies":"Red Slaver","floor":11.0,"turns":3.0},{"damage":0.0,"enemies":"2 Fungi Beasts","floor":12.0,"turns":3.0},{"damage":9.0,"enemies":"Gremlin Nob","floor":14.0,"turns":3.0},{"damage":5.0,"enemies":"Hexaghost","floor":16.0,"turns":9.0},{"damage":15.0,"enemies":"2 Thieves","floor":18.0,"turns":2.0},{"damage":11.0,"enemies":"Spheric Guardian","floor":20.0,"turns":3.0},{"damage":0.0,"enemies":"Shelled Parasite and Fungi","floor":21.0,"turns":2.0},{"damage":0.0,"enemies":"Gremlin Leader","floor":23.0,"turns":3.0},{"damage":25.0,"enemies":"Slavers","floor":25.0,"turns":4.0},{"damage":7.0,"enemies":"Centurion and Healer","floor":29.0,"turns":4.0},{"damage":0.0,"enemies":"Chosen and Byrds","floor":31.0,"turns":3.0},{"damage":20.0,"enemies":"Champ","floor":33.0,"turns":5.0},{"damage":37.0,"enemies":"3 Darklings","floor":35.0,"turns":4.0},{"damage":9.0,"enemies":"Orb Walker","floor":36.0,"turns":2.0},{"damage":3.0,"enemies":"3 Darklings","floor":39.0,"turns":3.0},{"damage":0.0,"enemies":"Nemesis","floor":41.0,"turns":3.0},{"damage":12.0,"enemies":"Sphere and 2 Shapes","floor":44.0,"turns":4.0},{"damage":0.0,"enemies":"Giant Head","floor":45.0,"turns":4.0},{"damage":6.0,"enemies":"Writhing Mass","floor":46.0,"turns":4.0},{"damage":9,"enemies":"Spire Growth","floor":48,"turns":3},{"damage":33,"enemies":"Awakened One","floor":50,"turns":7},{"damage":17,"enemies":"Shield and Spear","floor":54,"turns":4},{"damage":38,"enemies":"The Heart","floor":55,"turns":7}],"seed_played":"-2917527176228735581","potions_obtained":[{"floor":4.0,"key":"SkillPotion"},{"floor":8.0,"key":"Weak Potion"},{"floor":16.0,"key":"PowerPotion"},{"floor":18.0,"key":"LiquidBronze"},{"floor":20.0,"key":"ColorlessPotion"},{"floor":31.0,"key":"Dexterity Potion"},{"floor":33.0,"key":"Ancient Potion"},{"floor":41.0,"key":"Weak Potion"}],"is_trial":false,"path_per_floor":["M","?","$","M","?","E","R","M","T","R","M","M","$","E","R","B",null,"M","?","M","M","$","E","R","E","T","R","$","M","R","M","R","B",null,"M","M","$","?","M","R","E","?","T","M","E","M","R","M","R","B",null,"R","$","E","B",null],"character_chosen":"WATCHER","items_purchased":["Impatience","Bag of Preparation","LiquidMemories","LiquidBronze"],"campfire_rested":1,"item_purchase_floors":[3,22,37,53],"current_hp_per_floor":[72,67,67,65,65,34,34,31,31,31,17,17,17,8,8,28,67,52,52,41,41,41,41,41,16,16,36,36,29,29,29,29,34,67,30,21,21,59,56,56,56,46,46,34,34,30,30,23,23,17,59,59,56,39,18],"gold":48,"neow_bonus":"BOSS_RELIC","is_daily":false,"chose_seed":false,"campfire_upgraded":9,"win_rate":0.0,"timestamp":1610939523,"path_taken":["M","?","$","M","?","E","R","M","T","R","M","?","$","E","R","BOSS","M","?","M","M","$","E","R","E","T","R","$","M","R","?","R","BOSS","M","M","$","?","M","R","E","?","T","M","E","M","R","M","R","BOSS","R","$","E","BOSS"],"items_purchased_type":["Card","Relic","Potion","Potion"],"build_version":"2020-12-22","purchased_purges":4,"victory":true,"max_hp_per_floor":[72,67,67,67,67,67,67,67,67,67,67,67,67,67,67,67,67,67,67,67,67,67,67,67,67,67,67,67,67,67,67,67,67,67,67,67,67,59,59,59,59,59,59,59,59,59,59,59,59,59,59,59,56,56,56],"card_choices":[{"not_picked":["BowlingBash","WheelKick"],"picked":"FollowUp","floor":1.0},{"not_picked":["FollowUp","JustLucky","PathToVictory"],"picked":"SKIP","floor":4.0},{"not_picked":["Devotion","Collect","BowlingBash"],"picked":"SKIP","floor":6.0},{"not_picked":["FlurryOfBlows","Wireheading"],"picked":"Crescendo","floor":8.0},{"not_picked":["ClearTheMind","WreathOfFlame"],"picked":"MentalFortress","floor":11.0},{"not_picked":["Prostrate","Consecrate","CrushJoints"],"picked":"SKIP","floor":12.0},{"not_picked":["BattleHymn","CrushJoints"],"picked":"MentalFortress","floor":14.0},{"not_picked":["Wish","SpiritShield"],"picked":"DeusExMachina","floor":16.0},{"not_picked":["JustLucky+1","Worship"],"picked":"ClearTheMind","floor":18.0},{"not_picked":["DeceiveReality","ThirdEye"],"picked":"EmptyBody+1","floor":20.0},{"not_picked":["SandsOfTime","Pray"],"picked":"MentalFortress","floor":21.0},{"not_picked":["ForeignInfluence","Evaluate","SignatureMove"],"picked":"SKIP","floor":23.0},{"not_picked":["Prostrate","SandsOfTime"],"picked":"Adaptation","floor":25.0},{"not_picked":["Crescendo","EmptyBody","Evaluate"],"picked":"SKIP","floor":29.0},{"not_picked":["FlurryOfBlows","Prostrate"],"picked":"MasterReality","floor":31.0},{"not_picked":["Wish","Ragnarok"],"picked":"Brilliance","floor":33.0},{"not_picked":["EmptyFist","Halt","CrushJoints+1"],"picked":"SKIP","floor":35.0},{"not_picked":["Swivel","EmptyBody+1","FlyingSleeves"],"picked":"SKIP","floor":36.0},{"not_picked":["ForeignInfluence","Tantrum"],"picked":"Prostrate","floor":39.0},{"not_picked":["MentalFortress","ConjureBlade"],"picked":"Indignation+1","floor":41.0},{"not_picked":["Jack Of All Trades","Transmutation"],"picked":"Deep Breath","floor":42.0},{"not_picked":["Mind Blast","Transmutation"],"picked":"Panacea","floor":42.0},{"not_picked":["Forethought","PanicButton"],"picked":"Dark Shackles","floor":42.0},{"not_picked":["Protect+1","BowlingBash+1"],"picked":"Adaptation","floor":44.0},{"not_picked":["LikeWater+1","Protect"],"picked":"Halt+1","floor":45.0},{"not_picked":["DeceiveReality","Indignation","Crescendo+1"],"picked":"SKIP","floor":46.0},{"not_picked":["DeceiveReality","Indignation","Crescendo+1"],"picked":"SKIP","floor":46.0},{"not_picked":["Halt","SashWhip+1","Wish"],"picked":"SKIP","floor":48},{"not_picked":["ThirdEye","JustLucky","Swivel"],"picked":"SKIP","floor":54}],"player_experience":428728,"relics_obtained":[{"floor":6.0,"key":"Oddly Smooth Stone"},{"floor":9.0,"key":"TeardropLocket"},{"floor":14.0,"key":"Pantograph"},{"floor":23.0,"key":"StrikeDummy"},{"floor":25.0,"key":"Damaru"},{"floor":26.0,"key":"Kunai"},{"floor":41.0,"key":"Orichalcum"},{"floor":41.0,"key":"Juzu Bracelet"},{"floor":45.0,"key":"Blood Vial"},{"floor":45.0,"key":"Centennial Puzzle"},{"floor":54,"key":"Bottled Tornado"},{"floor":54,"key":"Lantern"}],"event_choices":[{"damage_healed":0.0,"max_hp_gain":0.0,"max_hp_loss":5.0,"gold_gain":0.0,"event_name":"Golden Idol","player_choice":"Lose Max HP","floor":2.0,"gold_loss":0.0,"damage_taken":0.0,"relics_obtained":["Golden Idol"]},{"damage_healed":0.0,"max_hp_gain":0.0,"max_hp_loss":0.0,"gold_gain":0.0,"event_name":"WeMeetAgain","player_choice":"Gave Potion","floor":5.0,"gold_loss":0.0,"damage_taken":0.0,"relics_obtained":["InkBottle"]},{"damage_healed":0.0,"max_hp_gain":0.0,"max_hp_loss":0.0,"gold_gain":0.0,"cards_transformed":["Conclude"],"event_name":"Transmorgrifier","player_choice":"Transformed","floor":19.0,"gold_loss":0.0,"damage_taken":0.0,"cards_obtained":["Worship"]},{"damage_healed":59.0,"max_hp_gain":0.0,"max_hp_loss":8.0,"gold_gain":0.0,"event_name":"The Moai Head","player_choice":"Heal","floor":38.0,"gold_loss":0.0,"damage_taken":0.0},{"damage_healed":0.0,"max_hp_gain":0.0,"max_hp_loss":0.0,"gold_gain":0.0,"event_name":"SensoryStone","player_choice":"Memory 3","floor":42.0,"gold_loss":0.0,"damage_taken":10.0}],"is_beta":false,"boss_relics":[{"not_picked":["Tiny House","Philosopher\u0027s Stone"],"picked":"Pandora\u0027s Box"},{"not_picked":["SlaversCollar","SacredBark"],"picked":"Black Star"}],"items_purged_floors":[13,22,37,53],"is_endless":false,"potions_floor_spawned":[4,8,16,18,20,31,33,41,44,45],"ascension_level":2}}