{"host":"6pgtslebjnyv5xmi","time":1610976921,"event":{"mods":["AchievementEnabler","BaseMod","Colored Map","Minty Spire (QoL Compilation)","Rare Cards Sparkle","StSLib","SuperFastMode","The Cursed","everything is the same but u backflip on backflip"],"gold_per_floor":[117,217,230,241,254,254,254,254,254,267,267,120,136,86,86,206,206,230,246,246,246,271,311,311,226,226,245,79,79,95,60,60,60,60],"floor_reached":33,"language":"KOR","playtime":1214,"items_purged":[],"score":451,"play_id":"9ec53c4c-0ef9-4ab8-ac0c-df08d81ba6db","local_time":"20210118223521","is_ascension_mode":true,"campfire_choices":[{"data":"Catalyst","floor":6.0,"key":"SMITH"},{"data":"Deadly Poison","floor":8.0,"key":"SMITH"},{"data":"Malaise","floor":15.0,"key":"SMITH"},{"data":"Corpse Explosion","floor":24.0,"key":"SMITH"},{"floor":32.0,"key":"REST"}],"circlet_count":0,"master_deck":["AscendersBane","Strike_G","Strike_G","Strike_G","Strike_G","Defend_G","Defend_G","Defend_G","Defend_G","Defend_G","Survivor","Neutralize","Deadly Poison+1","Well Laid Plans","PiercingWail","Catalyst+1","Malaise+1","Corpse Explosion+1","Apotheosis","Deadly Poison","Bouncing Flask"],"relics":["Ring of the Snake","Letter Opener","Golden Idol","Omamori","Busted Crown","Calipers","Juzu Bracelet","Bag of Preparation","Happy Flower"],"acts_visited":["Exordium","TheCity"],"potions_floor_usage":[33,33],"damage_taken":[{"damage":5.0,"enemies":"Small Slimes","floor":1.0,"turns":4.0},{"damage":0.0,"enemies":"Cultist","floor":3.0,"turns":4.0},{"damage":1.0,"enemies":"Jaw Worm","floor":4.0,"turns":5.0},{"damage":12.0,"enemies":"Exordium Wildlife","floor":5.0,"turns":5.0},{"damage":6.0,"enemies":"Blue Slaver","floor":10.0,"turns":5.0},{"damage":9.0,"enemies":"Exordium Thugs","floor":13.0,"turns":5.0},{"damage":5.0,"enemies":"Hexaghost","floor":16.0,"turns":9.0},{"damage":1.0,"enemies":"2 Thieves","floor":18.0,"turns":3.0},{"damage":16.0,"enemies":"Spheric Guardian","floor":19.0,"turns":4.0},{"damage":3.0,"enemies":"Cultist and Chosen","floor":22.0,"turns":6.0},{"damage":25.0,"enemies":"Book of Stabbing","floor":23.0,"turns":5.0},{"damage":8.0,"enemies":"Chosen and Byrds","floor":27.0,"turns":2.0},{"damage":9.0,"enemies":"Centurion and Healer","floor":30.0,"turns":4.0},{"damage":38,"enemies":"Automaton","floor":33,"turns":4}],"seed_played":"-7416409177572959448","potions_obtained":[{"floor":1.0,"key":"Block Potion"},{"floor":5.0,"key":"Swift Potion"},{"floor":7.0,"key":"Fire Potion"},{"floor":10.0,"key":"DistilledChaos"},{"floor":16.0,"key":"ColorlessPotion"},{"floor":18.0,"key":"SneckoOil"},{"floor":19.0,"key":"Ancient Potion"},{"floor":22.0,"key":"PowerPotion"},{"floor":27.0,"key":"PowerPotion"},{"floor":30.0,"key":"PowerPotion"}],"is_trial":false,"path_per_floor":["M","?","M","M","M","R","?","R","T","M","?","$","M","?","R","B",null,"M","M","?","?","M","E","R","?","T","M","$","?","M","$","R","B"],"character_chosen":"THE_SILENT","items_purchased":["Omamori","Apotheosis","Bouncing Flask"],"campfire_rested":1,"item_purchase_floors":[12,28,31],"current_hp_per_floor":[58,58,58,57,45,45,45,45,45,39,39,39,30,30,30,25,55,54,38,59,59,56,31,31,31,31,23,23,23,14,14,33,0,0],"gold":60,"neow_bonus":"THREE_CARDS","is_daily":false,"chose_seed":false,"campfire_upgraded":4,"win_rate":0.0,"timestamp":1610976921,"path_taken":["M","?","?","M","M","R","?","R","T","?","?","?","M","?","R","BOSS","M","M","?","?","M","E","R","?","T","M","?","?","M","$","R","BOSS"],"items_purchased_type":["Relic","Card","Card"],"build_version":"2020-12-22","purchased_purges":0,"victory":false,"max_hp_per_floor":[70,70,70,70,70,70,70,70,70,70,65,65,65,65,65,65,65,65,65,65,65,65,65,65,65,65,65,65,65,65,65,65,65,65],"card_choices":[{"not_picked":["Well Laid Plans","Backstab"],"picked":"Deadly Poison","floor":0.0},{"not_picked":["Backflip","Dagger Spray"],"picked":"Well Laid Plans","floor":1.0},{"not_picked":["Riddle With Holes","Deflect"],"picked":"PiercingWail","floor":3.0},{"not_picked":["Blade Dance","Underhanded Strike"],"picked":"Catalyst","floor":4.0},{"not_picked":["Endless Agony","Acrobatics","Setup"],"picked":"SKIP","floor":5.0},{"not_picked":["Sucker Punch","Prepared","Blade Dance"],"picked":"SKIP","floor":10.0},{"not_picked":["Well Laid Plans","Tactician"],"picked":"Malaise","floor":13.0},{"not_picked":["Adrenaline","Unload"],"picked":"Corpse Explosion","floor":16.0},{"not_picked":["Distraction"],"picked":"SKIP","floor":18.0},{"not_picked":["Deflect"],"picked":"SKIP","floor":19.0},{"not_picked":["Quick Slash"],"picked":"SKIP","floor":22.0},{"not_picked":["Cloak And Dagger"],"picked":"SKIP","floor":23.0},{"not_picked":["Expertise"],"picked":"SKIP","floor":27.0},{"not_picked":[],"picked":"Deadly Poison","floor":30.0}],"player_experience":965396,"relics_obtained":[{"floor":9.0,"key":"Letter Opener"},{"floor":23.0,"key":"Calipers"},{"floor":26.0,"key":"Bag of Preparation"}],"event_choices":[{"damage_healed":0.0,"max_hp_gain":0.0,"max_hp_loss":0.0,"gold_gain":100.0,"event_name":"Golden Shrine","player_choice":"Pray","floor":2.0,"gold_loss":0.0,"damage_taken":0.0},{"damage_healed":0.0,"max_hp_gain":0.0,"max_hp_loss":0.0,"gold_gain":0.0,"event_name":"Lab","player_choice":"Got Potions","floor":7.0,"gold_loss":0.0,"damage_taken":0.0},{"damage_healed":0.0,"max_hp_gain":0.0,"max_hp_loss":5.0,"gold_gain":0.0,"event_name":"Golden Idol","player_choice":"Lose Max HP","floor":11.0,"gold_loss":0.0,"damage_taken":0.0,"relics_obtained":["Golden Idol"]},{"cards_removed":["Strike_G"],"damage_healed":0.0,"max_hp_gain":0.0,"max_hp_loss":0.0,"gold_gain":0.0,"event_name":"The Cleric","player_choice":"Card Removal","floor":14.0,"gold_loss":50.0,"damage_taken":0.0},{"damage_healed":21.0,"max_hp_gain":0.0,"max_hp_loss":0.0,"gold_gain":0.0,"event_name":"The Library","player_choice":"Heal","floor":20.0,"gold_loss":0.0,"damage_taken":0.0},{"damage_healed":0.0,"max_hp_gain":0.0,"max_hp_loss":0.0,"gold_gain":0.0,"event_name":"Vampires","player_choice":"Ignored","floor":21.0,"gold_loss":0.0,"damage_taken":0.0},{"damage_healed":0.0,"max_hp_gain":0.0,"max_hp_loss":0.0,"gold_gain":0.0,"event_name":"Addict","player_choice":"Obtained Relic","floor":25.0,"gold_loss":85.0,"damage_taken":0.0,"relics_obtained":["Juzu Bracelet"]},{"damage_healed":0.0,"max_hp_gain":0.0,"max_hp_loss":0.0,"gold_gain":0.0,"event_name":"The Mausoleum","player_choice":"Opened","floor":29.0,"gold_loss":0.0,"damage_taken":0.0,"relics_obtained":["Happy Flower"],"cards_obtained":["Writhe"]}],"is_beta":false,"boss_relics":[{"not_picked":["Fusion Hammer","Coffee Dripper"],"picked":"Busted Crown"}],"items_purged_floors":[],"is_endless":false,"potions_floor_spawned":[1,5,10,16,18,19,22,27,30],"killed_by":"Automaton","ascension_level":12}}