{"host":"x3w62xe80tjracsv","time":1610970115,"event":{"mods":["Act Like it!","BaseMod","CapriCore","Friendly Minions","Gensokyo","GifTheSpireLib","HololiveMod","Koishi","Marisa£®ÏF”Í°°ƒß¿Ì…≥£©","Minty Spire (QoL Compilation)","Reimu£®≤©¿ˆ¡È√Œ£©","Remilia£®¿Ÿ√◊¿Ú—«£©","RumiaBox-¬∂√◊Ê´µƒ…Ò√ÿ∫–◊”","Shop Mod","StSLib","The Jungle","The Servant 0.9.4","Waifu the Spire","Yakumo Yukari mod","Youmu£®ªÍ∆«—˝√Œ£©","Yuyuko","[IsaacMod]“‘»ˆº‚À˛"],"gold_per_floor":[115,115,130,145,47,47,47,47,74,103,115,290,290,315,315,315,315],"floor_reached":16,"language":"ZHS","playtime":326,"items_purged":["Regret"],"score":157,"play_id":"165e73a1-1d84-4545-b0f5-1ece0547d327","local_time":"20210118194155","is_ascension_mode":true,"campfire_choices":[{"data":"Armaments","floor":6,"key":"SMITH"},{"data":"Flex","floor":8,"key":"SMITH"},{"data":"Headbutt","floor":15,"key":"SMITH"}],"circlet_count":0,"master_deck":["AscendersBane","Strike_R","Strike_R","Strike_R+1","Strike_R","Strike_R","Defend_R+1","Defend_R","Defend_R","Defend_R","Bash","Shrug It Off","Armaments+1","Headbutt+1","Flex+1","Doubt"],"relics":["Burning Blood","HushsDoor","Damocles","NeowsBlessing","Regal Pillow","Mango","RuthlessExorcism:ReiMu","HowToJump","Oddly Smooth Stone","Anchor","InkBottle","PreservedInsect","Art of War"],"acts_visited":["Exordium"],"potions_floor_usage":[10],"damage_taken":[{"damage":0,"enemies":"2 Louse","floor":1,"turns":1},{"damage":0,"enemies":"Small Slimes","floor":3,"turns":1},{"damage":0,"enemies":"Cultist","floor":4,"turns":1},{"damage":2,"enemies":"Gremlin Nob","floor":10,"turns":3},{"damage":0,"enemies":"Looter","floor":11,"turns":4},{"damage":74,"enemies":"Slime Boss","floor":16,"turns":10}],"seed_played":"3931524101634406088","potions_obtained":[{"floor":4,"key":"BlessingOfTheForge"}],"is_trial":false,"path_per_floor":["M","?","M","M","$","R","?","R","T","E","M","?","?","T","R","B"],"character_chosen":"IRONCLAD","items_purchased":["Flex"],"campfire_rested":0,"item_purchase_floors":[5],"current_hp_per_floor":[78,92,94,94,94,94,94,94,94,94,94,94,75,75,75,1,1],"gold":315,"neow_bonus":"THREE_ENEMY_KILL","is_daily":false,"chose_seed":false,"campfire_upgraded":3,"win_rate":0.0,"timestamp":1610970115,"path_taken":["M","?","?","M","$","R","?","R","T","E","M","?","?","?","R","BOSS"],"items_purchased_type":["Card"],"build_version":"2020-12-22","purchased_purges":1,"victory":false,"max_hp_per_floor":[80,94,94,94,94,94,94,94,94,94,94,94,94,94,94,94,94],"card_choices":[{"not_picked":[],"picked":"Bomb","floor":0},{"not_picked":["Heavy Blade","Carnage"],"picked":"Shrug It Off","floor":1},{"not_picked":["Iron Wave","Headbutt"],"picked":"Armaments","floor":3},{"not_picked":["Pummel","Demon Form"],"picked":"Headbutt","floor":4},{"not_picked":["Warcry","Impervious","Infernal Blade"],"picked":"SKIP","floor":10},{"not_picked":["Sentinel","True Grit","Burning Pact"],"picked":"SKIP","floor":11}],"player_experience":377457,"relics_obtained":[{"floor":1,"key":"Regal Pillow"},{"floor":3,"key":"RuthlessExorcism:ReiMu"},{"floor":4,"key":"HowToJump"},{"floor":9,"key":"Oddly Smooth Stone"},{"floor":10,"key":"Anchor"},{"floor":10,"key":"InkBottle"},{"floor":11,"key":"PreservedInsect"},{"floor":14,"key":"Art of War"}],"event_choices":[{"damage_healed":0,"gold_gain":0,"player_choice":"Box","damage_taken":0,"relics_obtained":["Mango"],"max_hp_gain":0,"max_hp_loss":0,"event_name":"Big Fish","floor":2,"gold_loss":0,"cards_obtained":["Regret"]},{"damage_healed":0,"gold_gain":0,"player_choice":"Leave","damage_taken":0,"max_hp_gain":0,"max_hp_loss":0,"event_name":"The Cleric","floor":7,"gold_loss":0},{"damage_healed":0,"gold_gain":175,"player_choice":"AGREE","damage_taken":0,"max_hp_gain":0,"max_hp_loss":0,"event_name":"Liars Game","floor":12,"gold_loss":0,"cards_obtained":["Doubt"]},{"damage_healed":0,"gold_gain":0,"player_choice":"Entered Light","damage_taken":19,"max_hp_gain":0,"max_hp_loss":0,"event_name":"Shining Light","floor":13,"gold_loss":0,"cards_upgraded":["Defend_R","Strike_R"]}],"is_beta":false,"boss_relics":[],"items_purged_floors":[5],"is_endless":false,"potions_floor_spawned":[1,4],"killed_by":"Slime Boss","ascension_level":12}}