{"host":"bq4pt811tk9yrmjl","time":1610974750,"event":{"mods":["AchievementEnabler","BaseMod","Colored Map","Colored Powertips","Defuse TimeMaze Blight","Hermit","Minty Spire (QoL Compilation)","StSLib","SuperFastMode"],"gold_per_floor":[110,110,110,110,121,156,156,174,174,174,185,185,185,203,203,304,304,304,304],"floor_reached":18,"language":"ENG","playtime":232,"items_purged":[],"score":194,"play_id":"325c57dd-3c18-41ad-9dbe-fb4109b65bb5","local_time":"20210118105910","is_ascension_mode":true,"campfire_choices":[{"data":"Vigilance","floor":7,"key":"SMITH"},{"data":"Eruption","floor":10,"key":"SMITH"},{"data":"Consecrate","floor":12,"key":"SMITH"},{"data":"FollowUp","floor":15,"key":"SMITH"}],"circlet_count":0,"master_deck":["Strike_P","Strike_P","Strike_P","Strike_P","Defend_P","Defend_P+1","Defend_P","Defend_P+1","Eruption+1","Vigilance+1","WindmillStrike+1","Consecrate+1","FollowUp+1","Decay","Devotion"],"relics":["HolyWater","NeowsBlessing","Torii","War Paint"],"acts_visited":["Exordium","TheCity"],"potions_floor_usage":[16,16],"damage_taken":[{"damage":0,"enemies":"2 Louse","floor":1,"turns":1},{"damage":0,"enemies":"Small Slimes","floor":5,"turns":1},{"damage":0,"enemies":"Lagavulin","floor":6,"turns":1},{"damage":0,"enemies":"Cultist","floor":8,"turns":4},{"damage":0,"enemies":"2 Fungi Beasts","floor":11,"turns":3},{"damage":1,"enemies":"Red Slaver","floor":14,"turns":4},{"damage":26,"enemies":"Slime Boss","floor":16,"turns":10},{"damage":0,"enemies":"2 Thieves","floor":18,"turns":1}],"seed_played":"4831705049507498858","potions_obtained":[{"floor":5,"key":"BlessingOfTheForge"},{"floor":8,"key":"Swift Potion"},{"floor":11,"key":"DistilledChaos"}],"is_trial":false,"path_per_floor":["M","?","?","?","M","E","R","M","T","R","M","R","?","M","R","B",null,"M"],"character_chosen":"WATCHER","items_purchased":[],"campfire_rested":0,"item_purchase_floors":[],"current_hp_per_floor":[72,65,65,65,65,65,65,65,65,65,65,65,65,64,64,38,72,72,72],"gold":304,"neow_bonus":"THREE_ENEMY_KILL","is_daily":false,"chose_seed":false,"campfire_upgraded":4,"win_rate":0.0,"timestamp":1610974750,"path_taken":["M","?","?","?","?","E","R","M","T","R","M","R","?","M","R","BOSS","M"],"items_purchased_type":[],"build_version":"2020-12-22","purchased_purges":0,"victory":false,"max_hp_per_floor":[72,72,72,72,72,72,72,72,72,72,72,72,72,72,72,72,72,72,72],"card_choices":[{"not_picked":["ClearTheMind","ThirdEye"],"picked":"WindmillStrike","floor":1},{"not_picked":["FlurryOfBlows","EmptyFist"],"picked":"Consecrate","floor":5},{"not_picked":["JustLucky","CutThroughFate","Consecrate"],"picked":"SKIP","floor":6},{"not_picked":["EmptyFist","ThirdEye","CutThroughFate"],"picked":"SKIP","floor":8},{"not_picked":["CarveReality","FlurryOfBlows"],"picked":"FollowUp","floor":11},{"not_picked":["Evaluate","Sanctity","CutThroughFate"],"picked":"SKIP","floor":14},{"not_picked":["DevaForm","Wish"],"picked":"Devotion","floor":16}],"player_experience":180176,"relics_obtained":[{"floor":6,"key":"War Paint"}],"event_choices":[{"damage_healed":0,"gold_gain":0,"player_choice":"Success","damage_taken":7,"relics_obtained":["Torii"],"max_hp_gain":0,"max_hp_loss":0,"event_name":"Scrap Ooze","floor":2,"gold_loss":0},{"damage_healed":0,"gold_gain":0,"player_choice":"Leave","damage_taken":0,"max_hp_gain":0,"max_hp_loss":0,"event_name":"The Cleric","floor":3,"gold_loss":0},{"damage_healed":0,"gold_gain":0,"player_choice":"Upgraded","damage_taken":0,"max_hp_gain":0,"max_hp_loss":0,"event_name":"Upgrade Shrine","floor":4,"gold_loss":0,"cards_upgraded":["WindmillStrike"]},{"damage_healed":0,"gold_gain":0,"player_choice":"Cursed","damage_taken":0,"max_hp_gain":0,"max_hp_loss":0,"event_name":"Wheel of Change","floor":13,"gold_loss":0,"cards_obtained":["Decay"]}],"is_beta":false,"boss_relics":[{"not_picked":["SlaversCollar","Runic Dome"],"picked":"HolyWater"}],"items_purged_floors":[],"is_endless":false,"potions_floor_spawned":[5,8,11],"killed_by":"2 Thieves","ascension_level":1}}