{"host":"1a3cjta80tad0aqj","time":1610959389,"event":{"mods":["2.2 Compatiblity","AchievementEnabler","BaseMod","Colored Map","DeckTracker","KOR Keyword Fix","Keyboard Shortcuts","Minty Spire (QoL Compilation)","Permanent Neow","Quick Restart","Random Character Button","StSLib","SuperFastMode","everything is the same but u backflip on backflip"],"gold_per_floor":[118,193,203,203,223,223,248,248,321,338,338,338,5,21,21,100,100,114,133,133,160,174,174,38,38,91,119,119,41,41,41,41,119,119,138,138,138,99,99,99,117,136,136,136,152,220,220,230,230,230,230],"floor_reached":50,"language":"KOR","playtime":1802,"items_purged":[],"score":823,"play_id":"839f1f16-e67c-4c14-815e-65767a178a97","local_time":"20210118174309","is_ascension_mode":true,"campfire_choices":[{"data":"Eruption","floor":6.0,"key":"SMITH"},{"floor":8.0,"key":"REST"},{"floor":12.0,"key":"REST"},{"data":"Trip","floor":15.0,"key":"SMITH"},{"data":"Vault","floor":23.0,"key":"SMITH"},{"data":"Blasphemy","floor":28.0,"key":"SMITH"},{"floor":32.0,"key":"REST"},{"data":"Wallop","floor":40.0,"key":"SMITH"},{"floor":44.0,"key":"REST"},{"data":"MentalFortress","floor":47.0,"key":"SMITH"},{"floor":49.0,"key":"REST"}],"circlet_count":0,"master_deck":["AscendersBane","Strike_P+1","Strike_P","Strike_P","Defend_P","Defend_P","Defend_P","Eruption+1","Vigilance","BowlingBash","EmptyFist","CutThroughFate+1","ClearTheMind","Trip+1","Wallop+1","Vault+1","Crescendo","FollowUp+1","Blasphemy+1","Writhe","Adaptation+1","MentalFortress","LessonLearned","PanicButton+1","MentalFortress+1"],"relics":["PureWater","NeowsBlessing","Pantograph","Unceasing Top","Gremlin Horn","Ornamental Fan","Sozu","Red Mask","Mango","Whetstone","Pen Nib","Busted Crown","HornCleat","Darkstone Periapt"],"acts_visited":["Exordium","TheCity","TheBeyond"],"potions_floor_usage":[],"damage_taken":[{"damage":0.0,"enemies":"Small Slimes","floor":1.0,"turns":1.0},{"damage":0.0,"enemies":"Jaw Worm","floor":3.0,"turns":1.0},{"damage":0.0,"enemies":"2 Louse","floor":5.0,"turns":1.0},{"damage":22.0,"enemies":"Lagavulin","floor":7.0,"turns":6.0},{"damage":4.0,"enemies":"Exordium Wildlife","floor":10.0,"turns":4.0},{"damage":7.0,"enemies":"Looter","floor":14.0,"turns":2.0},{"damage":30.0,"enemies":"The Guardian","floor":16.0,"turns":10.0},{"damage":17.0,"enemies":"Shell Parasite","floor":18.0,"turns":7.0},{"damage":0.0,"enemies":"2 Thieves","floor":19.0,"turns":3.0},{"damage":0.0,"enemies":"Masked Bandits","floor":21.0,"turns":2.0},{"damage":3.0,"enemies":"Centurion and Healer","floor":22.0,"turns":5.0},{"damage":15.0,"enemies":"Gremlin Leader","floor":27.0,"turns":5.0},{"damage":38.0,"enemies":"Collector","floor":33.0,"turns":6.0},{"damage":20.0,"enemies":"3 Shapes","floor":35.0,"turns":7.0},{"damage":0.0,"enemies":"Orb Walker","floor":41.0,"turns":3.0},{"damage":26.0,"enemies":"Maw","floor":42.0,"turns":7.0},{"damage":1.0,"enemies":"3 Darklings","floor":45.0,"turns":4.0},{"damage":19.0,"enemies":"Transient","floor":48.0,"turns":6.0},{"damage":78,"enemies":"Time Eater","floor":50,"turns":9}],"seed_played":"4063747803809573516","potions_obtained":[{"floor":10.0,"key":"SneckoOil"},{"floor":14.0,"key":"FairyPotion"},{"floor":16.0,"key":"SpeedPotion"}],"is_trial":false,"path_per_floor":["M","?","M","T","M","R","E","R","T","M","?","R","$","M","R","B",null,"M","M","?","?","M","R","$","?","T","E","R","$","?","$","R","B",null,"M","?","?","$","$","R","M","M","T","R","M","T","R","M","R","B"],"character_chosen":"WATCHER","items_purchased":["Ornamental Fan","Trip","Blasphemy","MentalFortress","MentalFortress"],"campfire_rested":5,"item_purchase_floors":[13,13,24,29,38],"current_hp_per_floor":[61,50,50,50,50,50,28,48,48,44,37,57,57,50,50,38,61,44,44,44,44,41,41,41,55,55,40,40,40,16,16,42,29,73,53,53,53,53,53,53,53,27,27,53,52,52,52,33,59,6,6],"gold":230,"neow_bonus":"THREE_ENEMY_KILL","is_daily":false,"chose_seed":false,"campfire_upgraded":6,"win_rate":0.0,"timestamp":1610959389,"path_taken":["M","?","M","?","M","R","E","R","T","M","?","R","$","M","R","BOSS","M","M","?","?","?","R","$","?","T","E","R","$","?","?","R","BOSS","M","?","?","$","?","R","M","M","T","R","M","?","R","?","R","BOSS"],"items_purchased_type":["Relic","Card","Card","Card","Card"],"build_version":"2020-12-22","purchased_purges":0,"victory":false,"max_hp_per_floor":[68,68,68,68,68,68,68,68,68,68,68,68,68,68,68,68,68,68,68,68,68,68,68,68,82,82,82,82,82,87,87,87,87,87,87,87,87,87,87,87,87,87,87,87,87,87,87,87,87,87,87],"card_choices":[{"not_picked":["FlyingSleeves","Prostrate"],"picked":"BowlingBash","floor":1.0},{"not_picked":["Perseverance","BowlingBash"],"picked":"EmptyFist","floor":3.0},{"not_picked":["Protect","DeceiveReality"],"picked":"CutThroughFate","floor":5.0},{"not_picked":["DeceiveReality","JustLucky","Consecrate"],"picked":"SKIP","floor":7.0},{"not_picked":["SashWhip","WindmillStrike"],"picked":"ClearTheMind","floor":10.0},{"not_picked":["EmptyBody","WaveOfTheHand"],"picked":"Wallop","floor":14.0},{"not_picked":["Omniscience","Brilliance"],"picked":"Vault","floor":16.0},{"not_picked":["Perseverance","Protect"],"picked":"Crescendo","floor":18.0},{"not_picked":["EmptyBody+1","SandsOfTime+1"],"picked":"FollowUp+1","floor":19.0},{"not_picked":["ForeignInfluence","ReachHeaven","FlyingSleeves"],"picked":"SKIP","floor":22.0},{"not_picked":["Protect+1","Halt"],"picked":"Adaptation","floor":27.0},{"not_picked":["Judgement","Brilliance"],"picked":"LessonLearned","floor":33.0},{"not_picked":["BattleHymn"],"picked":"SKIP","floor":35.0},{"not_picked":[],"picked":"PanicButton","floor":36.0},{"not_picked":["FlyingSleeves"],"picked":"SKIP","floor":41.0},{"not_picked":["PathToVictory"],"picked":"SKIP","floor":42.0},{"not_picked":["CrushJoints+1"],"picked":"SKIP","floor":45.0},{"not_picked":["ThirdEye"],"picked":"SKIP","floor":48.0}],"player_experience":740245,"relics_obtained":[{"floor":4.0,"key":"Pantograph"},{"floor":7.0,"key":"Unceasing Top"},{"floor":9.0,"key":"Gremlin Horn"},{"floor":21.0,"key":"Red Mask"},{"floor":26.0,"key":"Whetstone"},{"floor":27.0,"key":"Pen Nib"},{"floor":43.0,"key":"HornCleat"},{"floor":46.0,"key":"Darkstone Periapt"}],"event_choices":[{"damage_healed":0.0,"max_hp_gain":0.0,"max_hp_loss":0.0,"gold_gain":75.0,"event_name":"World of Goop","player_choice":"Gather Gold","floor":2.0,"gold_loss":0.0,"damage_taken":11.0},{"cards_removed":["Defend_P"],"damage_healed":0.0,"max_hp_gain":0.0,"max_hp_loss":0.0,"gold_gain":0.0,"event_name":"Golden Wing","player_choice":"Card Removal","floor":11.0,"gold_loss":0.0,"damage_taken":7.0},{"damage_healed":0.0,"max_hp_gain":0.0,"max_hp_loss":0.0,"gold_gain":0.0,"event_name":"Vampires","player_choice":"Ignored","floor":20.0,"gold_loss":0.0,"damage_taken":0.0},{"damage_healed":0.0,"max_hp_gain":0.0,"max_hp_loss":0.0,"gold_gain":0.0,"event_name":"Masked Bandits","player_choice":"Fought Bandits","floor":21.0,"gold_loss":0.0,"damage_taken":0.0},{"damage_healed":0.0,"max_hp_gain":0.0,"max_hp_loss":0.0,"gold_gain":0.0,"event_name":"The Mausoleum","player_choice":"Opened","floor":25.0,"gold_loss":0.0,"damage_taken":0.0,"relics_obtained":["Mango"],"cards_obtained":["Writhe"]},{"damage_healed":0.0,"max_hp_gain":5.0,"max_hp_loss":0.0,"gold_gain":0.0,"event_name":"Forgotten Altar","player_choice":"Shed Blood","floor":30.0,"gold_loss":0.0,"damage_taken":29.0},{"damage_healed":0.0,"max_hp_gain":0.0,"max_hp_loss":0.0,"gold_gain":0.0,"event_name":"SensoryStone","player_choice":"Memory 1","floor":36.0,"gold_loss":0.0,"damage_taken":0.0},{"cards_removed":["Strike_P"],"damage_healed":0.0,"max_hp_gain":0.0,"max_hp_loss":0.0,"gold_gain":0.0,"event_name":"Falling","player_choice":"Removed Attack","floor":37.0,"gold_loss":0.0,"damage_taken":0.0}],"is_beta":false,"boss_relics":[{"not_picked":["Runic Dome","Astrolabe"],"picked":"Sozu"},{"not_picked":["Black Star","Velvet Choker"],"picked":"Busted Crown"}],"items_purged_floors":[],"is_endless":false,"potions_floor_spawned":[10,14,16,21,22,33,42,48],"killed_by":"Time Eater","ascension_level":15}}