{"host":"at8674jmuidj9jgx","time":1610992152,"event":{"mods":["AchievementEnabler","BaseMod","Colored Map","Colored Powertips","Minty Spire (QoL Compilation)","SuperFastMode"],"gold_per_floor":[119,135,155,169,344,370,370,399,399,399,419,419,436,453,453,453,453],"floor_reached":16,"language":"ENG","playtime":1095,"items_purged":[],"score":114,"play_id":"22dffb1f-cafa-4219-bd3a-58baf7fd6fc3","local_time":"20210118204912","is_ascension_mode":false,"campfire_choices":[{"floor":10,"key":"REST"},{"floor":12,"key":"REST"},{"data":"Choke","floor":15,"key":"SMITH"}],"circlet_count":0,"master_deck":["Strike_G","Strike_G","Strike_G","Strike_G","Strike_G","Defend_G","Defend_G","Defend_G","Defend_G","Defend_G","Survivor","Neutralize","Reflex","Acrobatics","Endless Agony","Doubt","Tools of the Trade","Choke+1","Regret","Finisher","Outmaneuver","Prepared"],"relics":["Cursed Key","Blue Candle","WingedGreaves","Gremlin Horn","Frozen Egg 2"],"acts_visited":["Exordium"],"potions_floor_usage":[6,11,16,16],"damage_taken":[{"damage":0,"enemies":"2 Louse","floor":1,"turns":3},{"damage":0,"enemies":"Cultist","floor":2,"turns":5},{"damage":0,"enemies":"Small Slimes","floor":3,"turns":3},{"damage":0,"enemies":"Red Slaver","floor":4,"turns":5},{"damage":32,"enemies":"Lagavulin","floor":6,"turns":7},{"damage":22,"enemies":"3 Sentries","floor":8,"turns":12},{"damage":1,"enemies":"Large Slime","floor":11,"turns":3},{"damage":0,"enemies":"Gremlin Gang","floor":13,"turns":4},{"damage":2,"enemies":"Looter","floor":14,"turns":2},{"damage":57,"enemies":"The Guardian","floor":16,"turns":7}],"seed_played":"-4404876550815931293","potions_obtained":[{"floor":3,"key":"CunningPotion"},{"floor":8,"key":"SneckoOil"},{"floor":11,"key":"DuplicationPotion"},{"floor":13,"key":"EssenceOfSteel"}],"is_trial":false,"path_per_floor":["M","M","M","M","?","E","?","E","T","R","M","R","M","M","R","B"],"character_chosen":"THE_SILENT","items_purchased":[],"campfire_rested":2,"item_purchase_floors":[],"current_hp_per_floor":[70,70,70,70,70,38,38,16,16,37,36,57,57,55,55,0,0],"gold":453,"neow_bonus":"BOSS_RELIC","is_daily":false,"chose_seed":false,"campfire_upgraded":1,"win_rate":0.0,"timestamp":1610992152,"path_taken":["M","M","M","M","?","E","?","E","T","R","?","R","?","M","R","BOSS"],"items_purchased_type":[],"build_version":"2020-12-22","purchased_purges":0,"victory":false,"max_hp_per_floor":[70,70,70,70,70,70,70,70,70,70,70,70,70,70,70,70,70],"card_choices":[{"not_picked":["Dodge and Roll","Deflect"],"picked":"Reflex","floor":1},{"not_picked":["Deadly Poison","Heel Hook"],"picked":"Acrobatics","floor":2},{"not_picked":["Bane","Dagger Spray"],"picked":"Dagger Throw","floor":3},{"not_picked":["Cloak And Dagger","Blade Dance"],"picked":"Endless Agony","floor":4},{"not_picked":["Dagger Throw","Accuracy"],"picked":"Tools of the Trade","floor":6},{"not_picked":["Skewer","Backflip"],"picked":"Choke","floor":8},{"not_picked":["Blade Dance","All Out Attack"],"picked":"Finisher","floor":11},{"not_picked":["Bane","Accuracy+1"],"picked":"Outmaneuver","floor":13},{"not_picked":["Slice","Flechettes"],"picked":"Prepared","floor":14}],"player_experience":109786,"relics_obtained":[{"floor":6,"key":"Blue Candle"},{"floor":8,"key":"Gremlin Horn"},{"floor":9,"key":"Frozen Egg 2"}],"event_choices":[{"damage_healed":0,"gold_gain":175,"player_choice":"AGREE","damage_taken":0,"max_hp_gain":0,"max_hp_loss":0,"event_name":"Liars Game","floor":5,"gold_loss":0,"cards_obtained":["Doubt"]},{"cards_removed":["Dagger Throw"],"damage_healed":0,"gold_gain":0,"player_choice":"Gave Card","damage_taken":0,"relics_obtained":["WingedGreaves"],"max_hp_gain":0,"max_hp_loss":0,"event_name":"WeMeetAgain","floor":7,"gold_loss":0}],"is_beta":false,"boss_relics":[],"items_purged_floors":[],"is_endless":false,"potions_floor_spawned":[3,8,11,13],"killed_by":"The Guardian","ascension_level":0}}