{"host":"t6r1isv2bex5ovch","time":1610933119,"event":{"mods":["AchievementEnabler","Act Like it!","Aspiration","BaseMod","Better Altar","Better Match","Better Note","Better Sensory Stone","Better Skull","Better Third Choice","Better Vampires","Colored Powertips","Displayed Cursed Tome","Evolution","Fox Events","Hubris","Minty Spire (QoL Compilation)","StSLib","The Disciple","The Jungle","The Runesmith"],"gold_per_floor":[118,43,60,79,92,125,136,151,151,185,204,234,234,134,134,234,234,244,257,132,132,132,132,158,158,158,158,158,191,191,191],"floor_reached":30,"language":"ENG","playtime":3218,"items_purged":["Runesmith:Defend_RS","Runesmith:Strike_RS","Runesmith:Strike_RS"],"score":338,"play_id":"e122a577-1d82-41b0-a4c4-c12867823b2c","local_time":"20210118112519","is_ascension_mode":false,"campfire_choices":[{"floor":13,"key":"RECALL"},{"data":"Runesmith:Grindstone","floor":15,"key":"SMITH"},{"data":"Runesmith:UnlimitedPower","floor":23,"key":"SMITH"},{"data":"Runesmith:Permafrost","floor":25,"key":"SMITH"},{"data":"Runesmith:CraftFirestone","floor":28,"key":"SMITH"}],"circlet_count":0,"master_deck":["Runesmith:Defend_RS","Runesmith:Defend_RS","Runesmith:CraftFirestone+1","Runesmith:Fortify","Runesmith:CraftIncendium","Runesmith:HeatedChisel","Runesmith:CraftProtectio","Runesmith:CraftProtectio","Runesmith:Grindstone+1","Runesmith:Permafrost+1","Runesmith:UnlimitedPower+1","Runesmith:Repurpose","Glass Knife","Poisoned Stab","Corpse Explosion","Runesmith:RuneHurl"],"relics":["Runesmith:BrokenRuby","EVO:Axolotl","Boot","hubris:MysteriousPyramids","hubris:Reverence","hubris:Backtick","Peace Pipe","Runesmith:AutoHammer","Shuriken","Du-Vu Doll"],"acts_visited":["Exordium","Exordium"],"potions_floor_usage":[5,5,7,10,12,30],"damage_taken":[{"damage":0,"enemies":"Cultist","floor":1,"turns":3},{"damage":6,"enemies":"Jaw Worm","floor":3,"turns":4},{"damage":3,"enemies":"2 Louse","floor":4,"turns":3},{"damage":14,"enemies":"Lots of Slimes","floor":5,"turns":3},{"damage":11,"enemies":"Lagavulin","floor":6,"turns":7},{"damage":0,"enemies":"3 Louse","floor":7,"turns":2},{"damage":4,"enemies":"Looter","floor":8,"turns":3},{"damage":11,"enemies":"Gremlin Nob","floor":10,"turns":4},{"damage":3,"enemies":"Red Slaver","floor":11,"turns":4},{"damage":6,"enemies":"3 Sentries","floor":12,"turns":9},{"damage":0,"enemies":"Hexaghost","floor":16,"turns":9},{"damage":0,"enemies":"theJungle:MUSHROOMGANG","floor":18,"turns":6},{"damage":1,"enemies":"theJungle:GiantWrat","floor":19,"turns":9},{"damage":28,"enemies":"theJungle:Cassacara","floor":24,"turns":10},{"damage":41,"enemies":"theJungle:2_Phrogs","floor":29,"turns":7},{"damage":3,"enemies":"theJungle:JungleHuntersEncounter","floor":30,"turns":2}],"seed_played":"-7237070150934060684","potions_obtained":[{"floor":1,"key":"GamblersBrew"},{"floor":3,"key":"Swift Potion"},{"floor":5,"key":"Explosive Potion"},{"floor":8,"key":"Strength Potion"},{"floor":11,"key":"Dexterity Potion"},{"floor":29,"key":"SkillPotion"}],"is_trial":false,"path_per_floor":["M","$","M","M","M","E","M","M","T","E","M","E","R","$","R","B",null,"M","M","$","?","?","R","E","R","T","?","R","E","M"],"character_chosen":"RUNESMITH_CLASS","items_purchased":[],"campfire_rested":0,"item_purchase_floors":[],"current_hp_per_floor":[77,77,71,68,54,43,43,39,39,28,25,19,19,19,19,19,77,77,76,76,76,76,76,48,48,48,43,43,2,0,0],"gold":191,"neow_bonus":"TEN_PERCENT_HP_BONUS","is_daily":false,"chose_seed":false,"campfire_upgraded":4,"win_rate":0.0,"timestamp":1610933119,"path_taken":["M","$","M","M","M","E","M","M","T","E","M","E","R","$","R","BOSS","M","M","$","?","?","R","E","R","T","?","R","E","M"],"items_purchased_type":[],"build_version":"2020-12-22","purchased_purges":3,"victory":false,"max_hp_per_floor":[77,77,77,77,77,77,77,77,77,77,77,77,77,77,77,77,77,77,77,77,77,77,77,77,77,77,82,82,82,82,82],"card_choices":[{"not_picked":["Runesmith:Attraction","Runesmith:HammerThrow"],"picked":"Runesmith:CraftIncendium","floor":1},{"not_picked":["Runesmith:Electrocute","Runesmith:HeatExchange","Runesmith:Augment"],"picked":"SKIP","floor":3},{"not_picked":["Runesmith:EarthShield","Runesmith:BackupBattery"],"picked":"Runesmith:HeatedChisel","floor":4},{"not_picked":["Runesmith:RuneHurl","Runesmith:ChargedHammer","Runesmith:HammerThrow"],"picked":"SKIP","floor":5},{"not_picked":["Runesmith:FieryHammer","Runesmith:EnergizedChisel"],"picked":"Runesmith:CraftProtectio","floor":6},{"not_picked":["Runesmith:Superposition","Runesmith:StaticCage"],"picked":"Runesmith:CraftProtectio","floor":7},{"not_picked":["Runesmith:Augment","Runesmith:NanitesCloud"],"picked":"Runesmith:Grindstone","floor":8},{"not_picked":["Runesmith:Reinforce","Runesmith:ShiftingStrike","Runesmith:Overpower"],"picked":"SKIP","floor":10},{"not_picked":["Runesmith:Accelerate","Runesmith:HeatExchange","Runesmith:GoWithTheFlow"],"picked":"SKIP","floor":11},{"not_picked":["Runesmith:CraftProtectio","Runesmith:EarthShield"],"picked":"Runesmith:Permafrost","floor":12},{"not_picked":["Runesmith:GenerateForcefield","Runesmith:ReplicatingBarrier"],"picked":"Runesmith:UnlimitedPower","floor":16},{"not_picked":["Runesmith:UnstableHammer","Runesmith:HeatedChisel"],"picked":"Runesmith:Repurpose","floor":18},{"not_picked":["Runesmith:HeatedChisel","Runesmith:Terraform","Runesmith:Overpower"],"picked":"SKIP","floor":19},{"not_picked":["Runesmith:Prism","Runesmith:BackupBattery"],"picked":"Runesmith:RuneHurl","floor":24},{"not_picked":["Runesmith:Overpower","Runesmith:Superposition+1","Runesmith:LastStand"],"picked":"SKIP","floor":29}],"player_experience":359188,"relics_obtained":[{"floor":6,"key":"Boot"},{"floor":10,"key":"hubris:MysteriousPyramids"},{"floor":12,"key":"hubris:Reverence"},{"floor":24,"key":"Runesmith:AutoHammer"},{"floor":26,"key":"Shuriken"},{"floor":29,"key":"Du-Vu Doll"}],"event_choices":[{"cards_removed":["Runesmith:Grindstone"],"damage_healed":0,"gold_gain":0,"player_choice":"Give","damage_taken":0,"max_hp_gain":0,"max_hp_loss":0,"event_name":"betterNote:BetterNote","floor":22,"gold_loss":0,"cards_obtained":["None"]}],"is_beta":false,"boss_relics":[{"not_picked":["Ectoplasm","aspiration:SecretTechniqueScroll"],"picked":"hubris:Backtick"}],"items_purged_floors":[2,14,20],"is_endless":false,"potions_floor_spawned":[1,3,5,8,11,29],"killed_by":"theJungle:JungleHuntersEncounter","ascension_level":0}}