{"host":"9kesdg97wkrx2bva","time":1610935141,"event":{"mods":["AchievementEnabler","BaseMod","Colored Map","GifTheSpireLib","Infinite Spire","Minty Spire (QoL Compilation)","Replay The Spire","StSLib"],"gold_per_floor":[114,131,11,11,61,61,61,61,76,76,127,147,176,195,195,226,226,226,226],"floor_reached":18,"language":"ENG","playtime":520,"items_purged":["Strike_B"],"score":222,"play_id":"0ee6ba67-30b0-4606-8a47-3e9852c9166e","local_time":"20210117195901","is_ascension_mode":true,"campfire_choices":[{"data":"Zap","floor":8,"key":"SMITH"},{"data":"Dualcast","floor":15,"key":"SMITH"},{"floor":17,"key":"DIG"}],"circlet_count":0,"master_deck":["AscendersBane","Strike_B","Strike_B","Defend_B","Defend_B","Defend_B","Defend_B","Zap+1","Dualcast+1","Compile Driver","Sweeping Beam","Loop","BasicCrystalCard","Tempest","Chill+1","Rebound"],"relics":["Cracked Core","NeowsBlessing","Strawberry","Toxic Egg 2","Replay:Wax Seal","Replay:Antivirus Software"],"acts_visited":["Exordium"],"potions_floor_usage":[13,16,18],"damage_taken":[{"damage":0,"enemies":"2 Louse","floor":1,"turns":1},{"damage":0,"enemies":"Cultist","floor":2,"turns":1},{"damage":0,"enemies":"Small Slimes","floor":9,"turns":1},{"damage":8,"enemies":"2 Fungi Beasts","floor":12,"turns":3},{"damage":18,"enemies":"3 Sentries","floor":13,"turns":5},{"damage":2,"enemies":"Looter","floor":14,"turns":4},{"damage":27,"enemies":"Gremlin Nob","floor":16,"turns":4},{"damage":25,"enemies":"Fading Forest","floor":18,"turns":7}],"seed_played":"-1745914473423602645","potions_obtained":[{"floor":2,"key":"FearPotion"},{"floor":12,"key":"Cursed Concoction"},{"floor":13,"key":"Fruit Juice"}],"is_trial":false,"path_per_floor":["M","M","$","?","?","PTL","PTL","R","M","$","T","M","E","M","R","E","R_BF","B"],"character_chosen":"DEFECT","items_purchased":["Loop"],"campfire_rested":0,"item_purchase_floors":[3],"current_hp_per_floor":[64,64,64,57,57,57,57,57,57,57,64,56,38,36,36,14,14,0,0],"gold":226,"neow_bonus":"THREE_ENEMY_KILL","is_daily":false,"chose_seed":false,"campfire_upgraded":2,"win_rate":0.0,"timestamp":1610935141,"path_taken":["M","M","$","?","?","PTL","PTL","R","M","$","T","?","E","M","R","E","R_BF","BOSS"],"items_purchased_type":["Card"],"build_version":"2020-12-22","purchased_purges":1,"victory":false,"max_hp_per_floor":[71,71,71,71,71,71,71,71,71,71,78,78,78,78,78,83,83,83,83],"card_choices":[{"not_picked":["FIFO Queue","Sweeping Beam"],"picked":"Compile Driver","floor":1},{"not_picked":["Steam","Redo"],"picked":"Sweeping Beam","floor":2},{"not_picked":["Beam Cell","Stack"],"picked":"BasicCrystalCard","floor":9},{"not_picked":["Turbo","Stack"],"picked":"Tempest","floor":12},{"not_picked":["Conserve Battery+1","Turbo+1"],"picked":"Chill+1","floor":13},{"not_picked":["Reinforced Body+1","Steam+1"],"picked":"Rebound","floor":14},{"not_picked":["ReplaySolidLightProjector+1","ReplayTheSpireMod:Reroute Power+1","Compile Driver"],"picked":"SKIP","floor":16}],"player_experience":937585,"relics_obtained":[{"floor":11,"key":"Strawberry"},{"floor":13,"key":"Toxic Egg 2"},{"floor":16,"key":"Replay:Wax Seal"},{"floor":17,"key":"Replay:Antivirus Software"}],"event_choices":[{"cards_removed":["Strike_B"],"damage_healed":0,"gold_gain":0,"player_choice":"Card Removal","damage_taken":7,"max_hp_gain":0,"max_hp_loss":0,"event_name":"Golden Wing","floor":4,"gold_loss":0},{"damage_healed":0,"gold_gain":50,"player_choice":"Pray","damage_taken":0,"max_hp_gain":0,"max_hp_loss":0,"event_name":"Golden Shrine","floor":5,"gold_loss":0}],"is_beta":false,"boss_relics":[],"items_purged_floors":[3],"is_endless":false,"potions_floor_spawned":[2,12,13],"killed_by":"Fading Forest","ascension_level":17}}