{"host":"fkw1ntusxwk1t0d2","time":1610968584,"event":{"mods":["Act Like it!","BaseMod","Marisa£®ÏF”Í°°ƒß¿Ì…≥£©","Minty Spire (QoL Compilation)","Shop Mod","Spicy Shops","StSLib","The Servant 0.9.4","vexMod"],"gold_per_floor":[119,119,135,155,14,42,53,83,129,147,94,113,126,126,126,223,223,233,243,243,257,113,113,23,49,99,99,132,144,119,42,42,138,138,155,169,21,21,21,21,31,31,31,43,43,62,74,108,108,108,108,108,8,36,36],"floor_reached":56,"language":"ZHS","playtime":4568,"items_purged":["Clumsy","Strike_S"],"score":1254,"play_id":"b8faebc0-4c87-4416-a678-0a96d13fe6ea","local_time":"20210118191624","is_ascension_mode":false,"campfire_choices":[{"floor":15.0,"key":"REST"},{"data":"FlawlessForm","floor":23,"key":"SMITH"},{"floor":27,"key":"RECALL"},{"data":"TheWorld","floor":32,"key":"SMITH"},{"data":"Madness","floor":40,"key":"SMITH"},{"data":"Madness","floor":42,"key":"SMITH"},{"floor":49,"key":"REST"},{"data":"Unruled","floor":52,"key":"SMITH"}],"circlet_count":0,"master_deck":["Strike_S","Defend_S","Defend_S","Defend_S","KidneyShot","Exchange","Spin+1","FastForward","DoubleEdge","MoonPhase","StarChef","TheWorld+1","DoubleEdge","Spin","Defy","FlawlessForm+1","Defy","MurderousAura","FastForward","Unruled+1","TheWorld+1","Unruled+1","TheWorld+1","SpecialFormula","Madness+1","Madness+1","BottledTime+1","FloweringNight","Moondial+1"],"relics":["vexMod:NewClearReactor","Sundial","Centennial Puzzle","vexMod:FocusSash","vexMod:EndlessSickness","Juzu Bracelet","vexMod:BarristanHead","Nunchaku","Empty Cage","ClockworkSouvenir","Bottled Lightning","Singing Bowl","StrikeDummy"],"acts_visited":["Exordium","TheCity","TheBeyond","TheEnding"],"potions_floor_usage":[16,28,33,33,50,55,55,55],"damage_taken":[{"damage":1.0,"enemies":"Cultist","floor":1.0,"turns":4.0},{"damage":8.0,"enemies":"Jaw Worm","floor":3.0,"turns":3.0},{"damage":2.0,"enemies":"2 Louse","floor":4.0,"turns":2.0},{"damage":28.0,"enemies":"Lagavulin","floor":6.0,"turns":6.0},{"damage":0.0,"enemies":"Gremlin Gang","floor":7.0,"turns":4.0},{"damage":10.0,"enemies":"Gremlin Nob","floor":8.0,"turns":3.0},{"damage":7.0,"enemies":"Looter","floor":10.0,"turns":2.0},{"damage":2.0,"enemies":"3 Louse","floor":12.0,"turns":2.0},{"damage":0.0,"enemies":"Lots of Slimes","floor":13.0,"turns":1.0},{"damage":0,"enemies":"Slime Boss","floor":16,"turns":6},{"damage":0,"enemies":"3 Byrds","floor":18,"turns":6},{"damage":3,"enemies":"Spheric Guardian","floor":19,"turns":4},{"damage":10,"enemies":"Centurion and Healer","floor":21,"turns":10},{"damage":0,"enemies":"Slavers","floor":25,"turns":1},{"damage":11,"enemies":"Book of Stabbing","floor":28,"turns":4},{"damage":0,"enemies":"Cultist and Chosen","floor":29,"turns":6},{"damage":27,"enemies":"Collector","floor":33,"turns":7},{"damage":0,"enemies":"Orb Walker","floor":35,"turns":3},{"damage":0,"enemies":"3 Darklings","floor":36,"turns":4},{"damage":2,"enemies":"Writhing Mass","floor":41,"turns":4},{"damage":3,"enemies":"Sphere and 2 Shapes","floor":44,"turns":4},{"damage":18,"enemies":"Spire Growth","floor":46,"turns":4},{"damage":18,"enemies":"Transient","floor":47,"turns":5},{"damage":23,"enemies":"Reptomancer","floor":48,"turns":4},{"damage":1,"enemies":"Donu and Deca","floor":50,"turns":5},{"damage":2,"enemies":"Shield and Spear","floor":54,"turns":3},{"damage":1,"enemies":"The Heart","floor":55,"turns":4}],"seed_played":"8607787433102231684","potions_obtained":[{"floor":6.0,"key":"Swift Potion"},{"floor":7.0,"key":"Weak Potion"},{"floor":8.0,"key":"SteroidPotion"},{"floor":12.0,"key":"Swift Potion"},{"floor":18,"key":"BlessingOfTheForge"},{"floor":21,"key":"Weak Potion"},{"floor":29,"key":"LiquidBronze"},{"floor":36,"key":"EntropicBrew"},{"floor":41,"key":"ColorlessPotion"}],"is_trial":false,"path_per_floor":["M","?","M","M","$","E","M","E","T","M","$","M","M","T","R","B",null,"M","M","?","M","$","R","?","E","T","R","E","M","?","$","R","B",null,"M","M","$","?","?","R","M","R","T","M","?","M","M","E","R","B",null,"R","$","E","B",null],"character_chosen":"THE_SERVANT","items_purchased":["MoonPhase","Sundial","Defy","TheWorld","Unruled","ClockworkSouvenir"],"campfire_rested":2,"item_purchase_floors":[5,5,11,22,31,37],"current_hp_per_floor":[64,64,56,54,54,26,26,22,22,15,15,13,13,13,34,34,71,71,68,68,58,58,58,58,58,58,58,47,47,47,47,47,20,71,71,71,71,62,71,71,71,71,71,71,71,53,40,24,45,49,73,73,73,71,73],"gold":36,"neow_bonus":"BOSS_RELIC","is_daily":false,"chose_seed":false,"campfire_upgraded":5,"win_rate":0.0,"timestamp":1610968584,"path_taken":["M","?","M","?","$","E","M","E","T","M","$","M","M","?","R","BOSS","M","M","?","M","$","R","?","E","T","R","E","M","?","$","R","BOSS","M","M","$","?","?","R","M","R","T","M","?","M","M","E","R","BOSS","R","$","E","BOSS"],"items_purchased_type":["Card","Relic","Card","Card","Card","Relic"],"build_version":"2020-12-22","purchased_purges":2,"victory":true,"max_hp_per_floor":[65,65,65,65,65,65,65,71,71,71,71,71,71,71,71,71,71,71,71,71,71,71,71,71,71,71,71,71,71,71,71,71,71,71,71,71,71,71,71,71,71,71,71,71,71,71,71,73,73,73,73,73,73,73,73],"card_choices":[{"not_picked":["Rewind","Ricochet"],"picked":"Spin","floor":1.0},{"not_picked":["Rewind","Rearm"],"picked":"FastForward","floor":3.0},{"not_picked":["Starlight","Ricochet"],"picked":"DoubleEdge","floor":4.0},{"not_picked":["Misdirection","TimeWarp"],"picked":"StarChef","floor":6.0},{"not_picked":["GearUp","Defy"],"picked":"TheWorld","floor":7.0},{"not_picked":["DualDimension","Initiator"],"picked":"DoubleEdge","floor":8.0},{"not_picked":["DoubleEdge","Rewind"],"picked":"Spin","floor":10.0},{"not_picked":["Alleviate","Potential"],"picked":"FlawlessForm","floor":12.0},{"not_picked":["FanOfKnives","Hightail"],"picked":"Defy","floor":13.0},{"not_picked":["ForgedInTime","Duplication"],"picked":"MurderousAura","floor":16},{"not_picked":["ShiftingGears","FanOfKnives","Rearm+1"],"picked":"SKIP","floor":18},{"not_picked":["DoubleEdge","DualDimension+1"],"picked":"FastForward","floor":19},{"not_picked":["Ricochet+1","Spin+1"],"picked":"Unruled+1","floor":21},{"not_picked":["RealityMarble","Potential+1","Deny"],"picked":"SKIP","floor":25},{"not_picked":["TimeWarp+1","SilverBlades","Defy+1"],"picked":"SKIP","floor":28},{"not_picked":["Snipe","ShatteredReality","TimeWarp"],"picked":"SKIP","floor":29},{"not_picked":["FlawlessForm","SoulSculpture"],"picked":"TheWorld","floor":33},{"not_picked":["Manipulate","Rearm+1","Rewind"],"picked":"SKIP","floor":35},{"not_picked":["Rewind+1","ShatteredReality"],"picked":"SpecialFormula","floor":36},{"not_picked":["Replace","DoubleEdge","ShatteredReality"],"picked":"SKIP","floor":41},{"not_picked":["Revamp+1","Alleviate+1","ShatteredReality+1"],"picked":"SKIP","floor":44},{"not_picked":["Unruled","TimeWarp"],"picked":"BottledTime+1","floor":46},{"not_picked":["Unruled","Rearm+1"],"picked":"FloweringNight","floor":47},{"not_picked":["Alleviate+1","Misdirection+1","SilverBlades"],"picked":"Singing Bowl","floor":48},{"not_picked":["Contraction","Manipulate"],"picked":"Moondial+1","floor":54}],"player_experience":354289,"relics_obtained":[{"floor":6.0,"key":"Centennial Puzzle"},{"floor":8.0,"key":"vexMod:BerryBomb"},{"floor":9.0,"key":"vexMod:FocusSash"},{"floor":25,"key":"Juzu Bracelet"},{"floor":26,"key":"vexMod:BarristanHead"},{"floor":28,"key":"Nunchaku"},{"floor":43,"key":"Bottled Lightning"},{"floor":48,"key":"Singing Bowl"},{"floor":54,"key":"StrikeDummy"}],"event_choices":[{"damage_healed":0.0,"max_hp_gain":0.0,"max_hp_loss":0.0,"gold_gain":0.0,"event_name":"Upgrade Shrine","player_choice":"Upgraded","floor":2.0,"gold_loss":0.0,"damage_taken":0.0,"cards_upgraded":["Spin"]},{"damage_healed":0,"gold_gain":0,"player_choice":"Ignored","damage_taken":0,"max_hp_gain":0,"max_hp_loss":0,"event_name":"Vampires","floor":20,"gold_loss":0},{"cards_removed":["Strike_S"],"damage_healed":0,"gold_gain":0,"player_choice":"Upgrade and Remove","damage_taken":0,"max_hp_gain":0,"max_hp_loss":0,"event_name":"Designer","floor":24,"gold_loss":90,"cards_upgraded":["TheWorld"]},{"damage_healed":0,"gold_gain":0,"player_choice":"Embrace Madness","damage_taken":9,"max_hp_gain":0,"max_hp_loss":0,"event_name":"Winding Halls","floor":38,"gold_loss":0,"cards_obtained":["Madness","Madness"]},{"damage_healed":9,"gold_gain":0,"player_choice":"Full Heal","damage_taken":0,"max_hp_gain":0,"max_hp_loss":0,"event_name":"Wheel of Change","floor":39,"gold_loss":0},{"damage_healed":0,"gold_gain":0,"player_choice":"Forge","damage_taken":0,"max_hp_gain":0,"max_hp_loss":0,"event_name":"Accursed Blacksmith","floor":45,"gold_loss":0,"cards_upgraded":["TheWorld"]}],"is_beta":false,"boss_relics":[{"not_picked":["Runic Dome","vexMod:BigBerry"],"picked":"vexMod:EndlessSickness"},{"not_picked":["Sozu","Coffee Dripper"],"picked":"Empty Cage"}],"items_purged_floors":[22,53],"is_endless":false,"potions_floor_spawned":[6,7,8,12,18,21,29,36,41],"ascension_level":0}}