{"host":"1c17lcvl7acx821p","time":1610982159,"event":{"mods":["AchievementEnabler","BaseMod","Colored Map","Minty Spire (QoL Compilation)","StSLib"],"gold_per_floor":[114,114,134,15,25,25,40,74,74,74,87,62,62,62,62,182,182,203,203,223,148,148,179,179,214,241,241,241],"floor_reached":27,"language":"ENG","playtime":830,"items_purged":["Strike_B"],"score":311,"play_id":"be78acef-f29b-464d-accf-356c636dad9c","local_time":"20210118170239","is_ascension_mode":true,"campfire_choices":[{"data":"Zap","floor":6.0,"key":"SMITH"},{"data":"Capacitor","floor":13.0,"key":"SMITH"},{"data":"Thunder Strike","floor":15.0,"key":"SMITH"},{"floor":24.0,"key":"REST"}],"circlet_count":0,"master_deck":["Strike_B","Strike_B","Strike_B","Defend_B","Defend_B","Defend_B","Defend_B","Zap+1","Dualcast","Sweeping Beam","Ball Lightning","Capacitor+1","Undo","Leap","Coolheaded","Thunder Strike+1","Consume","Barrage","Electrodynamics","Conserve Battery+1","Necronomicurse","Coolheaded","Leap+1"],"relics":["Cracked Core","NeowsBlessing","Strawberry","Happy Flower","Matryoshka","Golden Idol","Inserter","Necronomicon","Shovel","InkBottle","Potion Belt","PreservedInsect"],"acts_visited":["Exordium","TheCity"],"potions_floor_usage":[25,25,25],"damage_taken":[{"damage":0.0,"enemies":"2 Louse","floor":1.0,"turns":1.0},{"damage":0.0,"enemies":"Cultist","floor":3.0,"turns":1.0},{"damage":0.0,"enemies":"Jaw Worm","floor":5.0,"turns":1.0},{"damage":0.0,"enemies":"Large Slime","floor":7.0,"turns":4.0},{"damage":14.0,"enemies":"Lagavulin","floor":8.0,"turns":10.0},{"damage":0.0,"enemies":"2 Fungi Beasts","floor":11.0,"turns":2.0},{"damage":29.0,"enemies":"Slime Boss","floor":16.0,"turns":8.0},{"damage":19.0,"enemies":"Spheric Guardian","floor":18.0,"turns":5.0},{"damage":13.0,"enemies":"3 Byrds","floor":20.0,"turns":2.0},{"damage":27.0,"enemies":"Gremlin Leader","floor":23.0,"turns":5.0},{"damage":22,"enemies":"Slavers","floor":25,"turns":3},{"damage":17,"enemies":"Snake Plant","floor":27,"turns":1}],"seed_played":"981477056714536088","potions_obtained":[{"floor":1.0,"key":"LiquidBronze"},{"floor":11.0,"key":"FocusPotion"},{"floor":18.0,"key":"Strength Potion"},{"floor":23.0,"key":"FearPotion"}],"is_trial":false,"path_per_floor":["M","?","M","$","M","R","M","E","T","?","M","$","R","?","R","B",null,"M","?","M","$","?","E","R","E","T","M"],"character_chosen":"DEFECT","items_purchased":["Capacitor","Undo","Barrage"],"campfire_rested":1,"item_purchase_floors":[4,4,12],"current_hp_per_floor":[75,75,75,75,75,75,75,68,68,61,61,61,61,61,61,32,65,46,71,58,58,42,15,37,15,15,0,0],"gold":241,"neow_bonus":"THREE_ENEMY_KILL","is_daily":false,"chose_seed":false,"campfire_upgraded":3,"win_rate":0.0,"timestamp":1610982159,"path_taken":["M","?","M","$","?","R","M","E","T","?","M","$","R","?","R","BOSS","M","?","M","$","?","E","R","E","T","M"],"items_purchased_type":["Card","Card","Card"],"build_version":"2020-12-22","purchased_purges":1,"victory":false,"max_hp_per_floor":[75,75,75,75,75,75,75,82,82,82,82,82,82,76,76,76,76,76,76,76,76,76,76,76,76,76,76,76],"card_choices":[{"not_picked":["Force Field","Leap"],"picked":"Sweeping Beam","floor":1.0},{"not_picked":["Compile Driver","Loop"],"picked":"Ball Lightning","floor":3.0},{"not_picked":["Streamline","Hologram"],"picked":"Leap","floor":5.0},{"not_picked":["Steam","Conserve Battery"],"picked":"Coolheaded","floor":7.0},{"not_picked":["Ball Lightning","Redo"],"picked":"Thunder Strike","floor":8.0},{"not_picked":["Leap","Coolheaded"],"picked":"Consume","floor":11.0},{"not_picked":["Multi-Cast","Creative AI"],"picked":"Electrodynamics","floor":16.0},{"not_picked":["Compile Driver","Ball Lightning"],"picked":"Conserve Battery+1","floor":18.0},{"not_picked":["Beam Cell+1","Barrage","Genetic Algorithm"],"picked":"SKIP","floor":20.0},{"not_picked":["Beam Cell+1","Barrage","Genetic Algorithm"],"picked":"SKIP","floor":20.0},{"not_picked":["Force Field","Sweeping Beam"],"picked":"Coolheaded","floor":23.0},{"not_picked":["Redo","Fusion"],"picked":"Leap+1","floor":25}],"player_experience":124030,"relics_obtained":[{"floor":8.0,"key":"Strawberry"},{"floor":9.0,"key":"Happy Flower"},{"floor":22.0,"key":"Necronomicon"},{"floor":23.0,"key":"Shovel"},{"floor":25,"key":"InkBottle"},{"floor":26,"key":"Potion Belt"},{"floor":26,"key":"PreservedInsect"}],"event_choices":[{"damage_healed":0.0,"max_hp_gain":0.0,"max_hp_loss":0.0,"gold_gain":0.0,"event_name":"The Woman in Blue","player_choice":"Bought 0 Potions","floor":2.0,"gold_loss":0.0,"damage_taken":0.0},{"damage_healed":0.0,"max_hp_gain":0.0,"max_hp_loss":0.0,"gold_gain":0.0,"event_name":"Scrap Ooze","player_choice":"Success","floor":10.0,"gold_loss":0.0,"damage_taken":7.0,"relics_obtained":["Matryoshka"]},{"damage_healed":0.0,"max_hp_gain":0.0,"max_hp_loss":6.0,"gold_gain":0.0,"event_name":"Golden Idol","player_choice":"Lose Max HP","floor":14.0,"gold_loss":0.0,"damage_taken":0.0,"relics_obtained":["Golden Idol"]},{"damage_healed":25.0,"max_hp_gain":0.0,"max_hp_loss":0.0,"gold_gain":0.0,"event_name":"The Library","player_choice":"Heal","floor":19.0,"gold_loss":0.0,"damage_taken":0.0},{"damage_healed":0.0,"max_hp_gain":0.0,"max_hp_loss":0.0,"gold_gain":0.0,"event_name":"Cursed Tome","player_choice":"Obtained Book","floor":22.0,"gold_loss":0.0,"damage_taken":16.0}],"is_beta":false,"boss_relics":[{"not_picked":["Calling Bell","Snecko Eye"],"picked":"Inserter"}],"items_purged_floors":[21],"is_endless":false,"potions_floor_spawned":[1,11,18,23],"killed_by":"Snake Plant","ascension_level":5}}