{"host":"q3109sz2drhwh89o","time":1610988143,"event":{"mods":["BaseMod","Colored Map","Colored Powertips","Downfall","Hubris","Minty Spire (QoL Compilation)","StSLib","Unceasing Turn Reminder","everything is the same but u backflip on backflip"],"gold_per_floor":[199,212,230,230,230,230,230,42,55,82,82,101,101,36,51,149,149,149,160,170,0,16,16,16,16,31,18,47,59,87,4,19,99,99,99,110,210,224,238,238,238,238,238,38,69,69,80,209,109,109],"floor_reached":51,"language":"ENG","playtime":8388,"items_purged":["bronze:NullPointer","bronze:Strike","bronze:Strike"],"score":757,"play_id":"6dfeccc1-28fc-454c-afea-1068210f42a8","local_time":"20210118114223","is_ascension_mode":false,"campfire_choices":[{"data":"bronze:Goto","floor":1,"key":"SMITH"},{"data":"bronze:BuggyMess","floor":13,"key":"SMITH"},{"data":"bronze:ItsAFeature","floor":18,"key":"SMITH"},{"data":"bronze:Turbo","floor":23,"key":"SMITH"},{"data":"bronze:BugBarrage","floor":35,"key":"SMITH"},{"floor":46,"key":"REST"},{"data":"bronze:Mutator","floor":49,"key":"SMITH"}],"circlet_count":0,"master_deck":["bronze:Strike","bronze:Strike","bronze:Defend","bronze:Defend","bronze:Defend","bronze:Replicate","bronze:Goto+1","bronze:CloningBeam","bronze:BuggyMess+1","bronze:Boost","bronze:Deprecate","bronze:WildBeam","bronze:ItsAFeature+1","bronze:ForceShield","bronze:Repair","bronze:Shell+1","bronze:BugBarrage+1","bronze:Shield","bronze:Format","bronze:Flail","bronze:Turbo+1","bronze:ClassDefault","bronze:Mutator+1","bronze:OilSpill+1","bronze:BugBarrage+1","bronze:ChildClass+1","bronze:Turbo","bronze:Iterate","bronze:RecursiveStrike","bronze:ItsAFeature","bronze:ShipIt","bronze:BuggyMess+1","bronze:BronzeOrb+1","bronze:Strike","FollowUp","expansioncontent:InvincibleStrength","expansioncontent:DashGenerateEvil","CutThroughFate","bronze:Shell","Vengeance"],"relics":["bronze:BronzeCore","Blood Vial","hubris:SphereOfDissonance","hubris:CrystalStatue","hubris:Icosahedron","hubris:VirtuousBlindfold","hubris:PeanutButter","sneckomod:BabySnecko","MawBank","bronze:MakeshiftBattery","White Beast Statue","hubris:DisguiseKit","Bottled Lightning","Bag of Preparation","Eternal Feather","MealTicket","downfall:HeartBlessingGreen"],"acts_visited":["Exordium","TheCity","TheBeyond"],"potions_floor_usage":[10,16,28,30,30,33,33,33,33,33,33,37,38,40,40,45,45,50,50,50],"damage_taken":[{"damage":4,"enemies":"Small Slimes","floor":2,"turns":3},{"damage":0,"enemies":"2 Louse","floor":3,"turns":3},{"damage":0,"enemies":"downfall:FleeingMerchant","floor":8,"turns":4},{"damage":0,"enemies":"Cultist","floor":9,"turns":1},{"damage":11,"enemies":"3 Sentries","floor":10,"turns":7},{"damage":1,"enemies":"2 Fungi Beasts","floor":12,"turns":2},{"damage":0,"enemies":"downfall:FleeingMerchant","floor":14,"turns":4},{"damage":18,"enemies":"Lots of Slimes","floor":15,"turns":6},{"damage":10,"enemies":"IC_STATUS_ARCHETYPE","floor":16,"turns":4},{"damage":12,"enemies":"Spheric Guardian","floor":19,"turns":4},{"damage":6,"enemies":"3 Byrds","floor":20,"turns":5},{"damage":0,"enemies":"downfall:FleeingMerchant","floor":21,"turns":4},{"damage":1,"enemies":"Snake Plant","floor":22,"turns":7},{"damage":7,"enemies":"3 Cultists","floor":26,"turns":6},{"damage":13,"enemies":"Shelled Parasite and Fungi","floor":27,"turns":4},{"damage":53,"enemies":"Gremlin Leader","floor":28,"turns":7},{"damage":0,"enemies":"Centurion and Healer","floor":30,"turns":5},{"damage":12,"enemies":"downfall:FleeingMerchant","floor":31,"turns":4},{"damage":0,"enemies":"Snecko","floor":32,"turns":3},{"damage":13,"enemies":"SI_MIRROR_ARCHETYPE","floor":33,"turns":10},{"damage":8,"enemies":"3 Shapes","floor":36,"turns":3},{"damage":25,"enemies":"downfall:LadyInBlue","floor":37,"turns":11},{"damage":5,"enemies":"3 Darklings","floor":38,"turns":2},{"damage":0,"enemies":"Maw","floor":39,"turns":5},{"damage":4,"enemies":"Nemesis","floor":40,"turns":5},{"damage":3,"enemies":"downfall:FleeingMerchant","floor":44,"turns":3},{"damage":38,"enemies":"Giant Head","floor":45,"turns":7},{"damage":0,"enemies":"Transient","floor":47,"turns":5},{"damage":10,"enemies":"Nemesis","floor":48,"turns":7},{"damage":46,"enemies":"DF_ARCHETYPE_ORBS","floor":50,"turns":6}],"seed_played":"-7084322642591644924","potions_obtained":[{"floor":9,"key":"EssenceOfSteel"},{"floor":10,"key":"LiquidMemories"},{"floor":16,"key":"hexamod:SoulburnPotion"},{"floor":22,"key":"EssenceOfSteel"},{"floor":26,"key":"sneckomod:MuddlingPotion"},{"floor":28,"key":"Explosive Potion"},{"floor":30,"key":"DuplicationPotion"},{"floor":32,"key":"EntropicBrew"},{"floor":36,"key":"SteroidPotion"},{"floor":37,"key":"SneckoOil"},{"floor":37,"key":"SmokeBomb"},{"floor":37,"key":"AttackPotion"},{"floor":38,"key":"Explosive Potion"},{"floor":39,"key":"Block Potion"},{"floor":44,"key":"LiquidBronze"},{"floor":45,"key":"Weak Potion"},{"floor":47,"key":"PowerPotion"}],"is_trial":false,"path_per_floor":["R","M","M","?","?","?","T","$","M","E","?","M","R","$","M","B",null,"R","M","M","$","M","R","T","?","M","M","E","?","M","$","M","B",null,"R","M","?","M","M","E","T","?","$","$","E","R","M","E","R","B",null],"character_chosen":"THE_AUTOMATON","items_purchased":["bronze:Deprecate","bronze:WildBeam","bronze:BugBarrage","bronze:Mutator","bronze:ItsAFeature","Bottled Lightning","GamblersBrew","expansioncontent:InvincibleStrength","expansioncontent:DashGenerateEvil","Bag of Preparation","PowerPotion"],"campfire_rested":1,"item_purchase_floors":[8,8,14,21,31,43,43,44,44,44,44],"current_hp_per_floor":[70,66,66,33,33,56,56,58,60,51,51,52,52,61,59,58,70,70,65,64,70,69,69,69,69,70,57,13,13,22,19,21,17,70,70,62,45,42,44,63,63,63,37,43,14,56,65,60,70,24],"gold":109,"neow_bonus":"HUNDRED_GOLD","is_daily":false,"chose_seed":false,"campfire_upgraded":6,"win_rate":0.0,"timestamp":1610988143,"path_taken":["R","M","M","?","?","?","T","$","M","E","?","M","R","?","M","BOSS","R","M","M","$","M","R","T","?","M","M","E","?","?","?","M","BOSS","R","M","?","?","M","E","T","?","?","$","E","R","M","E","R","BOSS"],"items_purchased_type":["Card","Card","Card","Card","Card","Relic","Potion","Card","Card","Relic","Potion"],"build_version":"2020-12-22","purchased_purges":3,"victory":true,"max_hp_per_floor":[70,70,70,70,70,70,70,70,70,70,70,70,70,70,70,70,70,70,70,70,70,70,70,70,70,70,70,70,70,70,70,70,70,70,70,70,70,70,70,70,70,70,70,70,70,70,70,70,70,70],"card_choices":[{"not_picked":["bronze:Deprecate","bronze:Turbo"],"picked":"bronze:CloningBeam","floor":2},{"not_picked":["bronze:DigitalCarnage","bronze:Branch"],"picked":"bronze:BuggyMess","floor":3},{"not_picked":["bronze:ForceShield","bronze:DelayedGuard"],"picked":"bronze:Boost","floor":8},{"not_picked":["bronze:BronzeOrb","bronze:ForLoop"],"picked":"bronze:ItsAFeature","floor":9},{"not_picked":["bronze:DelayedGuard","bronze:HyperBeam"],"picked":"bronze:ForceShield","floor":10},{"not_picked":["bronze:DelayedGuard","bronze:CutThrough"],"picked":"bronze:Repair","floor":12},{"not_picked":["bronze:DelayedSlice","bronze:BitShift"],"picked":"bronze:Shell","floor":14},{"not_picked":["bronze:OilSpill","bronze:Flail"],"picked":"bronze:Shield","floor":15},{"not_picked":["bronze:CleanCode","bronze:Assembly"],"picked":"bronze:Format","floor":16},{"not_picked":["bronze:Shield+1","bronze:NullPointer"],"picked":"bronze:Flail","floor":19},{"not_picked":["bronze:NullPointer","bronze:DelayedGuard"],"picked":"bronze:Turbo","floor":20},{"not_picked":["bronze:Deprecate","bronze:Boost"],"picked":"bronze:ClassDefault","floor":21},{"not_picked":["bronze:CutThrough","bronze:Shell"],"picked":"bronze:OilSpill","floor":22},{"not_picked":["bronze:Optimize","bronze:Branch"],"picked":"bronze:BugBarrage+1","floor":26},{"not_picked":["bronze:Safeguard","bronze:Repair"],"picked":"bronze:ChildClass","floor":27},{"not_picked":["bronze:CutThrough","bronze:WhirlingStrike"],"picked":"bronze:Turbo","floor":28},{"not_picked":["bronze:ChildClass","bronze:DigitalCarnage"],"picked":"bronze:Iterate","floor":30},{"not_picked":["bronze:Frontload","bronze:WhirlingStrike+1"],"picked":"bronze:RecursiveStrike","floor":31},{"not_picked":["bronze:ItsAFeature","bronze:Optimize","bronze:BugBarrage"],"picked":"SKIP","floor":32},{"not_picked":["bronze:CleanCode","bronze:FindAndReplace"],"picked":"bronze:ShipIt","floor":33},{"not_picked":["bronze:Turbo","bronze:DelayedGuard","bronze:WildBeam"],"picked":"SKIP","floor":36},{"not_picked":["bronze:DelayedSlice","bronze:WildBeam+1"],"picked":"bronze:BuggyMess+1","floor":38},{"not_picked":["bronze:BuggyMess","bronze:Iterate+1"],"picked":"bronze:BronzeOrb+1","floor":39},{"not_picked":["bronze:Format","bronze:BitShift+1","bronze:DelayedGuard+1"],"picked":"FollowUp","floor":44},{"not_picked":["bronze:ChosenStrike","bronze:WhirlingStrike+1","bronze:Flail"],"picked":"CutThroughFate","floor":45},{"not_picked":["bronze:Shield","bronze:Invalidate","LessonLearned"],"picked":"bronze:Shell","floor":47},{"not_picked":["bronze:Safeguard","bronze:Deprecate","bronze:Optimize"],"picked":"Vengeance","floor":48}],"player_experience":109441,"relics_obtained":[{"floor":7,"key":"hubris:SphereOfDissonance"},{"floor":10,"key":"hubris:CrystalStatue"},{"floor":24,"key":"hubris:PeanutButter"},{"floor":28,"key":"MawBank"},{"floor":37,"key":"White Beast Statue"},{"floor":41,"key":"hubris:DisguiseKit"},{"floor":45,"key":"Eternal Feather"},{"floor":48,"key":"MealTicket"}],"event_choices":[{"damage_healed":0,"gold_gain":0,"player_choice":"Success","damage_taken":33,"relics_obtained":["Blood Vial"],"max_hp_gain":0,"max_hp_loss":0,"event_name":"Scrap Ooze","floor":4,"gold_loss":0},{"damage_healed":23,"gold_gain":0,"player_choice":"Banana","damage_taken":0,"max_hp_gain":0,"max_hp_loss":0,"event_name":"Big Fish","floor":6,"gold_loss":0},{"cards_removed":["downfall:Bewildered"],"damage_healed":0,"gold_gain":0,"player_choice":"Took Card","damage_taken":0,"max_hp_gain":0,"max_hp_loss":0,"event_name":"NoteForYourself","floor":42,"gold_loss":0,"cards_obtained":["bronze:Strike"]}],"is_beta":false,"boss_relics":[{"not_picked":["Snecko Eye","hubris:Stopwatch"],"picked":"hubris:VirtuousBlindfold"},{"not_picked":["Cursed Key","hubris:CrackedHourglass"],"picked":"bronze:MakeshiftBattery"}],"items_purged_floors":[8,43,44],"is_endless":false,"potions_floor_spawned":[9,10,16,22,26,28,30,32,36,38,39,40,44,45,47,48],"ascension_level":0}}