{"host":"qvl114e0jmbc6yhm","time":1610938326,"event":{"mods":["Act Like it!","BaseMod","Hermit","Highlight Path","Hubris","Jedi Mod","Marisa????????","Marked Mod","Minty Spire (QoL Compilation)","Permanent Neow","Random Character Button","Relic Sorter","Relic Stats","Replay The Spire","Shop Mod","Spicy Shops","StSLib","The Jungle","The Runesmith"],"gold_per_floor":[19,39,63,78,91,91,119,394,471,486,58,68,68,68,68,68,68],"floor_reached":16,"language":"ENG","playtime":510,"items_purged":["Regret"],"score":173,"play_id":"877c7010-6303-461b-a4a4-80dc5208568a","local_time":"20210117215206","is_ascension_mode":true,"campfire_choices":[{"data":"jedi:controlledanger","floor":6,"key":"SMITH"},{"floor":15,"key":"REST"}],"circlet_count":0,"master_deck":["AscendersBane","Strike_R","Strike_R","Strike_R","Strike_R","Strike_R","Defend_R","Defend_R","Defend_R","Defend_R","Bash","jedi:controlledanger+1","Dark Embrace","Spot Weakness","Pummel","Whirlwind","Pot Of Greed","Pot Of Greed"],"relics":["Burning Blood","Torii","ReplayTheSpireMod:Spearhead","FossilizedHelix","Self Forming Clay","Magic Flower","Membership Card","Grinning Jar"],"acts_visited":["Exordium"],"potions_floor_usage":[5,7,16],"damage_taken":[{"damage":1,"enemies":"Cultist","floor":1,"turns":4},{"damage":12,"enemies":"Small Slimes","floor":2,"turns":4},{"damage":0,"enemies":"2 Louse","floor":4,"turns":4},{"damage":38,"enemies":"Exordium Thugs","floor":5,"turns":5},{"damage":10,"enemies":"Lagavulin","floor":7,"turns":6},{"damage":27,"enemies":"Exordium Wildlife","floor":10,"turns":6},{"damage":0,"enemies":"Large Slime","floor":12,"turns":4},{"damage":43,"enemies":"Slime Boss","floor":16,"turns":7}],"seed_played":"-8827368882602183716","potions_obtained":[{"floor":2,"key":"Elixir"},{"floor":4,"key":"Energy Potion"},{"floor":5,"key":"AttackPotion"}],"is_trial":false,"path_per_floor":["M","M","T","M","M","R","E","?","T","M","$","M","$","?","R","B"],"character_chosen":"IRONCLAD","items_purchased":["Magic Flower","SkillPotion","Membership Card"],"campfire_rested":1,"item_purchase_floors":[11,11,13],"current_hp_per_floor":[73,67,67,73,41,41,37,37,37,16,16,25,15,15,37,0,0],"gold":68,"neow_bonus":"ONE_RARE_RELIC","is_daily":false,"chose_seed":false,"campfire_upgraded":1,"win_rate":0.0,"timestamp":1610938326,"path_taken":["M","M","?","?","M","R","E","?","T","M","$","?","?","?","R","BOSS"],"items_purchased_type":["Relic","Potion","Relic"],"build_version":"2020-12-22","purchased_purges":1,"victory":false,"max_hp_per_floor":[75,75,75,75,75,75,75,75,75,75,75,75,75,75,75,75,75],"relic_stats":{"Torii":4,"counters":[8,40],"Self Forming Clay":[18],"Magic Flower":[3],"obtain_stats":[{"ReplayTheSpireMod:Spearhead":3,"Torii":0,"Self Forming Clay":9,"Magic Flower":11,"Membership Card":13,"Grinning Jar":14,"Burning Blood":0,"FossilizedHelix":7},{"ReplayTheSpireMod:Spearhead":2,"Torii":0,"Self Forming Clay":5,"Magic Flower":6,"Membership Card":7,"Grinning Jar":7,"Burning Blood":0,"FossilizedHelix":5},{"ReplayTheSpireMod:Spearhead":8,"Torii":0,"Self Forming Clay":23,"Magic Flower":29,"Membership Card":33,"Grinning Jar":33,"Burning Blood":0,"FossilizedHelix":23}],"Burning Blood":45},"card_choices":[{"not_picked":["hubris:ReadiedAction","jedi:collectorstrike"],"picked":"jedi:controlledanger","floor":1},{"not_picked":["hubris:ReadiedAction","hubris:SharpeningStone"],"picked":"Dark Embrace","floor":2},{"not_picked":["Perfected Strike","Clash"],"picked":"Spot Weakness","floor":4},{"not_picked":["True Grit","Flex"],"picked":"Pummel","floor":5},{"not_picked":["Headbutt","Flex","Iron Wave"],"picked":"SKIP","floor":7},{"not_picked":["hubris:ReadiedAction","Warcry","Evolve"],"picked":"SKIP","floor":10},{"not_picked":["Perfected Strike","Clash"],"picked":"Whirlwind","floor":12}],"player_experience":2460958,"relics_obtained":[{"floor":3,"key":"ReplayTheSpireMod:Spearhead"},{"floor":7,"key":"FossilizedHelix"},{"floor":9,"key":"Self Forming Clay"}],"event_choices":[{"damage_healed":0,"gold_gain":275,"player_choice":"Desecrate","damage_taken":0,"max_hp_gain":0,"max_hp_loss":0,"event_name":"Golden Shrine","floor":8,"gold_loss":0,"cards_obtained":["Regret"]},{"damage_healed":0,"gold_gain":0,"player_choice":"Gave Potion","damage_taken":0,"relics_obtained":["Grinning Jar"],"max_hp_gain":0,"max_hp_loss":0,"event_name":"WeMeetAgain","floor":14,"gold_loss":0}],"is_beta":false,"boss_relics":[],"items_purged_floors":[11],"is_endless":false,"potions_floor_spawned":[2,4,5],"killed_by":"Slime Boss","ascension_level":14}}