{"host":"i09pxcjttd31eh4q","time":1610972127,"event":{"mods":["AchievementEnabler","BaseMod","Colored Map","Keyboard Shortcuts","Minty Spire (QoL Compilation)","StSLib","SuperFastMode"],"gold_per_floor":[114,26,38,55,55,55,71,71,121,136,146,146,161,177,177,177,177],"floor_reached":16,"language":"KOR","playtime":300,"items_purged":[],"score":192,"play_id":"1c59010a-6e5d-4c54-b6b4-50edeb1ee10b","local_time":"20210118211527","is_ascension_mode":true,"campfire_choices":[{"data":"Adaptation","floor":6.0,"key":"SMITH"},{"data":"Eruption","floor":8.0,"key":"SMITH"},{"data":"MentalFortress","floor":12.0,"key":"SMITH"},{"floor":15,"key":"REST"}],"circlet_count":0,"master_deck":["AscendersBane","Strike_P","Strike_P","Strike_P","Strike_P","Defend_P","Defend_P","Defend_P","Defend_P","Eruption+1","Vigilance","Adaptation+1","FearNoEvil","MentalFortress+1"],"relics":["Philosopher\u0027s Stone","Damaru","Omamori"],"acts_visited":["Exordium"],"potions_floor_usage":[13],"damage_taken":[{"damage":2.0,"enemies":"2 Louse","floor":1.0,"turns":4.0},{"damage":5.0,"enemies":"Cultist","floor":3.0,"turns":5.0},{"damage":11.0,"enemies":"Jaw Worm","floor":4.0,"turns":4.0},{"damage":12.0,"enemies":"3 Louse","floor":7.0,"turns":4.0},{"damage":2.0,"enemies":"Looter","floor":10.0,"turns":2.0},{"damage":4.0,"enemies":"Blue Slaver","floor":11.0,"turns":4.0},{"damage":14,"enemies":"Lots of Slimes","floor":13,"turns":5},{"damage":9,"enemies":"2 Fungi Beasts","floor":14,"turns":4},{"damage":25,"enemies":"The Guardian","floor":16,"turns":8}],"seed_played":"8227534395776449846","potions_obtained":[{"floor":1.0,"key":"DistilledChaos"},{"floor":3.0,"key":"PowerPotion"},{"floor":10.0,"key":"SteroidPotion"}],"is_trial":false,"path_per_floor":["M","$","M","M","?","R","M","R","T","M","M","R","M","M","R","B"],"character_chosen":"WATCHER","items_purchased":["Adaptation"],"campfire_rested":1,"item_purchase_floors":[2],"current_hp_per_floor":[59,59,54,43,43,43,31,31,31,29,25,25,11,2,22,0,0],"gold":177,"neow_bonus":"BOSS_RELIC","is_daily":false,"chose_seed":false,"campfire_upgraded":3,"win_rate":0.0,"timestamp":1610972127,"path_taken":["M","$","M","M","?","R","?","R","T","M","M","R","M","M","R","BOSS"],"items_purchased_type":["Card"],"build_version":"2020-12-22","purchased_purges":0,"victory":false,"max_hp_per_floor":[68,68,68,68,68,68,68,68,68,68,68,68,68,68,68,68,68],"card_choices":[{"not_picked":["Fasting2","Prostrate"],"picked":"Evaluate","floor":1.0},{"not_picked":["Meditate","Halt","PathToVictory"],"picked":"SKIP","floor":3.0},{"not_picked":["Collect","FlurryOfBlows"],"picked":"FearNoEvil","floor":4.0},{"not_picked":["Evaluate","FlurryOfBlows","ThirdEye"],"picked":"SKIP","floor":7.0},{"not_picked":["Protect","ThirdEye"],"picked":"MentalFortress","floor":10.0},{"not_picked":["ClearTheMind","Halt","FlurryOfBlows"],"picked":"SKIP","floor":11.0},{"not_picked":["FollowUp","PathToVictory","MasterReality"],"picked":"SKIP","floor":13},{"not_picked":["FlyingSleeves","Halt","JustLucky"],"picked":"SKIP","floor":14}],"player_experience":870676,"relics_obtained":[{"floor":9.0,"key":"Omamori"}],"event_choices":[{"cards_removed":["Evaluate"],"damage_healed":0.0,"max_hp_gain":0.0,"max_hp_loss":0.0,"gold_gain":0.0,"event_name":"WeMeetAgain","player_choice":"Gave Card","floor":5.0,"gold_loss":0.0,"damage_taken":0.0,"relics_obtained":["Damaru"]}],"is_beta":false,"boss_relics":[],"items_purged_floors":[],"is_endless":false,"potions_floor_spawned":[1,3,10],"killed_by":"The Guardian","ascension_level":20}}