{"host":"5urzerlvycpq59eu","time":1610985710,"event":{"mods":["Act Like it!","Aspiration","BaseMod","Challenge The Spire","Hubris","Infinite Spire","Minty Spire (QoL Compilation)","Pale of the Ancients","Quick Restart","Replay The Spire","Shop Mod","StSLib"],"gold_per_floor":[619,619,653,681,708,708,708,237,269,304,335,335,335,335,361,390,428,479],"floor_reached":19,"language":"ENG","playtime":1667,"items_purged":[],"score":370,"play_id":"aa061819-8664-4145-9c8c-96ecf0240f7c","local_time":"20210118170150","daily_mods":["challengethespire:Bronze Difficulty","challengethespire:Elite Rush","Uncertain Future"],"is_ascension_mode":false,"campfire_choices":[{"data":"Mayhem","floor":2,"key":"SMITH"},{"data":"Berserk","floor":7,"key":"SMITH"},{"data":"Metallicize","floor":13,"key":"SMITH"},{"data":"Armaments","floor":14,"key":"SMITH"}],"circlet_count":0,"master_deck":["Bash+1","hubris:ReadiedAction","Mayhem+1","Flex","Twin Strike","Berserk+1","Brutality","Feel No Pain","Armaments+1","Hemogenesis+1","Massacre+1","Sword Boomerang+1","Iron Wave+1","Immolate+1","Wild Strike+1","Cleave+1","Rage","Metallicize+1","Clash+1","Dropkick+1","Flex"],"relics":["Burning Blood","Black Star","Sling","PreservedInsect","Strawberry","Gremlin Food","hubris:SphereOfDissonance","infinitespire:WardingShard","infinitespire:Lucky Rock","Whetstone","Molten Egg 2","Pandora\u0027s Box","ReplayTheSpireMod:Spearhead","Torii","ReplayTheSpireMod:Ninjato","Orichalcum","Potion Belt","Replay:Ringing Soul","infinitespire:CheckeredPen","hubris:Spice","SacredBark","Turnip","Bronze Scales","infinitespire:Midas Blood","ReplayFunnel","MawBank"],"acts_visited":["Exordium"],"potions_floor_usage":[10,15,18],"damage_taken":[{"damage":13,"enemies":"Gremlin Nob","floor":3,"turns":3},{"damage":12,"enemies":"3 Sentries","floor":4,"turns":6},{"damage":0,"enemies":"Lagavulin","floor":5,"turns":3},{"damage":2,"enemies":"Gremlin Leader","floor":9,"turns":4},{"damage":0,"enemies":"Slavers","floor":10,"turns":2},{"damage":16,"enemies":"Book of Stabbing","floor":11,"turns":3},{"damage":43,"enemies":"Nemesis","floor":15,"turns":5},{"damage":21,"enemies":"Reptomancer","floor":16,"turns":3},{"damage":31,"enemies":"Giant Head","floor":17,"turns":6},{"damage":10,"enemies":"Shield and Spear","floor":18,"turns":3}],"seed_played":"-962531963685935038","potions_obtained":[{"floor":4,"key":"DuplicationPotion"},{"floor":5,"key":"Fire Potion"},{"floor":9,"key":"Strength Potion"}],"is_trial":true,"path_per_floor":["$","R","E","E","E","T","R","$","E","E","E","T","R","R","E","E","E","E",null],"character_chosen":"IRONCLAD","items_purchased":["hubris:ReadiedAction","Mayhem","Strawberry","ReplayTheSpireMod:Spearhead","Torii"],"campfire_rested":0,"item_purchase_floors":[1,1,1,8,8],"current_hp_per_floor":[87,87,80,74,80,80,80,80,87,90,91,91,91,91,71,59,45,49],"gold":491,"neow_bonus":"","is_daily":false,"chose_seed":false,"campfire_upgraded":4,"win_rate":0.0,"timestamp":1610985710,"path_taken":["$","R","E","E","E","T","R","$","E","E","E","T","R","R","E","E","E","E"],"items_purchased_type":["Card","Card","Relic","Relic","Relic"],"build_version":"2020-12-22","purchased_purges":0,"victory":true,"max_hp_per_floor":[87,87,87,87,87,87,87,87,87,90,101,101,101,101,104,107,118,102],"card_choices":[],"player_experience":178082,"relics_obtained":[{"floor":3,"key":"Gremlin Food"},{"floor":3,"key":"hubris:SphereOfDissonance"},{"floor":4,"key":"infinitespire:WardingShard"},{"floor":4,"key":"infinitespire:Lucky Rock"},{"floor":5,"key":"Whetstone"},{"floor":5,"key":"Molten Egg 2"},{"floor":9,"key":"ReplayTheSpireMod:Ninjato"},{"floor":9,"key":"Orichalcum"},{"floor":10,"key":"Potion Belt"},{"floor":10,"key":"Replay:Ringing Soul"},{"floor":11,"key":"infinitespire:CheckeredPen"},{"floor":11,"key":"hubris:Spice"},{"floor":15,"key":"Turnip"},{"floor":15,"key":"Bronze Scales"},{"floor":16,"key":"infinitespire:Midas Blood"},{"floor":16,"key":"ReplayFunnel"},{"floor":17,"key":"hubris:Spice"},{"floor":17,"key":"MawBank"},{"floor":18,"key":"hubris:Spice"},{"floor":18,"key":"hubris:Spice"}],"event_choices":[],"is_beta":false,"boss_relics":[{"not_picked":["Empty Cage","Fusion Hammer"],"picked":"Pandora\u0027s Box"},{"not_picked":["Coffee Dripper","Velvet Choker"],"picked":"SacredBark"}],"items_purged_floors":[],"is_endless":false,"potions_floor_spawned":[4,5,9],"ascension_level":0}}