{"host":"6749gst1gzuv21qf","time":1610934875,"event":{"mods":["Aspiration","BaseMod","Better Altar","Better Match","Better Note","Better Sensory Stone","Better Skull","Better Third Choice","BetterRewards","Colored Map","Colored Powertips","Downfall","Highlight Path","Minty Spire (QoL Compilation)","Permanent Neow","Shop Mod","Spicy Shops","StSLib","The Cursed"],"gold_per_floor":[99,99,99,0,10,24,97,112,146,146,159,175,185,209,223,223,223],"floor_reached":16,"language":"ENG","playtime":1182,"items_purged":[],"score":104,"play_id":"79b58bc5-3a32-4edb-8ab4-680fb5fd594a","local_time":"20210117205435","is_ascension_mode":false,"campfire_choices":[{"data":"bronze:Goto","floor":1,"key":"SMITH"},{"floor":10,"key":"RECALL"}],"circlet_count":0,"master_deck":["bronze:Strike","bronze:Strike","bronze:Strike","bronze:Defend","bronze:Defend","bronze:Defend","bronze:Defend","bronze:Replicate","bronze:Goto+1","downfall:Icky","bronze:Shield","expansioncontent:InvincibleStrength","bronze:GetLatest","bronze:MaxOutput","bronze:DigitalCarnage","bronze:WhirlingStrike","bronze:HardenedForm","bronze:ChildClass","bronze:BuggyMess","bronze:DigitalCarnage"],"relics":["bronze:BronzeCore","aspiration:AnachronicSnailShell","aspiration:FetidBarrel","Akabeko","Art of War"],"acts_visited":["Exordium"],"potions_floor_usage":[],"damage_taken":[{"damage":0,"enemies":"downfall:FleeingMerchant","floor":4,"turns":4},{"damage":5,"enemies":"Small Slimes","floor":5,"turns":5},{"damage":4,"enemies":"2 Louse","floor":6,"turns":3},{"damage":1,"enemies":"Cultist","floor":8,"turns":4},{"damage":17,"enemies":"Gremlin Nob","floor":9,"turns":5},{"damage":13,"enemies":"Exordium Thugs","floor":11,"turns":3},{"damage":9,"enemies":"Blue Slaver","floor":12,"turns":3},{"damage":4,"enemies":"3 Louse","floor":13,"turns":4},{"damage":3,"enemies":"Exordium Thugs","floor":15,"turns":3},{"damage":24,"enemies":"WA_ARCHETYPE_RETAIN","floor":16,"turns":4}],"seed_played":"-66918528837236294","potions_obtained":[{"floor":3,"key":"bronze:CleanCodePotion"},{"floor":3,"key":"bronze:BurnAndBuffPotion"},{"floor":3,"key":"SpeedPotion"},{"floor":5,"key":"Regen Potion"}],"is_trial":false,"path_per_floor":["R","?","?","$","M","M","T","M","E","R","M","M","M","T","M","B"],"character_chosen":"THE_AUTOMATON","items_purchased":["expansioncontent:InvincibleStrength"],"campfire_rested":0,"item_purchase_floors":[4],"current_hp_per_floor":[70,70,70,70,65,61,61,60,43,43,30,21,17,17,14,0,0],"gold":223,"neow_bonus":"ONE_RARE_RELIC","is_daily":false,"chose_seed":false,"campfire_upgraded":1,"win_rate":0.0,"timestamp":1610934875,"path_taken":["R","?","?","$","?","M","T","M","E","R","M","M","M","?","M","BOSS"],"items_purchased_type":["Card"],"build_version":"2020-12-22","purchased_purges":0,"victory":false,"max_hp_per_floor":[70,70,70,70,70,70,70,70,70,70,70,70,70,70,70,70,70],"card_choices":[{"not_picked":["bronze:DelayedGuard","bronze:Iterate"],"picked":"bronze:Shield","floor":4},{"not_picked":["bronze:Overload","bronze:BuggyMess"],"picked":"bronze:GetLatest","floor":5},{"not_picked":["bronze:BronzeOrb","bronze:BugBarrage"],"picked":"bronze:MaxOutput","floor":6},{"not_picked":["bronze:Deprecate","bronze:FineTuning"],"picked":"bronze:DigitalCarnage","floor":8},{"not_picked":["bronze:Turbo","bronze:GetLatest"],"picked":"bronze:WhirlingStrike","floor":9},{"not_picked":["bronze:CloningBeam","bronze:Safeguard"],"picked":"bronze:HardenedForm","floor":11},{"not_picked":["bronze:Overheat","bronze:OilSpill"],"picked":"bronze:ChildClass","floor":12},{"not_picked":["bronze:BitShift","bronze:WhirlingStrike"],"picked":"bronze:BuggyMess","floor":13},{"not_picked":["bronze:DelayedSlice","bronze:Backtrace"],"picked":"bronze:DigitalCarnage","floor":15}],"player_experience":706131,"relics_obtained":[{"floor":7,"key":"aspiration:FetidBarrel"},{"floor":9,"key":"Akabeko"},{"floor":14,"key":"Art of War"}],"event_choices":[{"damage_healed":0,"gold_gain":0,"player_choice":"Got Potions","damage_taken":0,"max_hp_gain":0,"max_hp_loss":0,"event_name":"Lab","floor":3,"gold_loss":0}],"is_beta":false,"boss_relics":[],"items_purged_floors":[],"is_endless":false,"potions_floor_spawned":[5,6,9,12],"killed_by":"WA_ARCHETYPE_RETAIN","ascension_level":0}}