{"host":"j4vm2xutdvrvbn3r","time":1610934193,"event":{"mods":["BaseMod","Better Third Choice","Googly Eyes","Minty Spire (QoL Compilation)","StSLib"],"gold_per_floor":[111,76,76,26,38,38,63,63,63,77,111,0,34,54,54,165,165,175,203,113,134,134,134,134,158,212,212,239,264,36,65,77,203,242,273,294,330,392,428,471,66,89,167,167,178,206,560,579,579,579],"floor_reached":51,"language":"ENG","playtime":5516,"items_purged":["Strike_P","Defend_P"],"score":859,"play_id":"278735fa-28a5-4a81-8e25-2ff8a3827844","local_time":"20210117204313","is_ascension_mode":true,"campfire_choices":[{"data":"Eruption","floor":6,"key":"SMITH"},{"data":"Evaluate","floor":15,"key":"SMITH"},{"data":"Enlightenment","floor":23,"key":"SMITH"},{"data":"ForeignInfluence","floor":27,"key":"SMITH"},{"data":"Swivel","floor":32,"key":"SMITH"},{"data":"Thinking Ahead","floor":44,"key":"SMITH"},{"data":"WheelKick","floor":49,"key":"SMITH"}],"circlet_count":0,"master_deck":["Strike_P","Defend_P","Eruption+1","Vigilance","SashWhip+1","FollowUp","ThirdEye","Swivel+1","ClearTheMind","Evaluate+1","Enlightenment+1","ForeignInfluence+1","CarveReality","Vault","Conclude","SandsOfTime","EmptyFist+1","Crescendo","Sanctity+1","DevaForm","DeceiveReality+1","Wireheading+1","ThirdEye+1","SignatureMove+1","Thinking Ahead+1","Crescendo+1","Meditate+1","WheelKick+1","Adaptation+1"],"relics":["PureWater","NeowsBlessing","betterThird:SlimedRelic","InkBottle","Happy Flower","FossilizedHelix","Dream Catcher","CeramicFish","VioletLotus","Kunai","Regal Pillow","Medical Kit","MawBank","Astrolabe","Pocketwatch","Akabeko","TungstenRod","Lantern","Eternal Feather","Frozen Egg 2","Old Coin"],"acts_visited":["Exordium","TheCity","TheBeyond"],"potions_floor_usage":[13,21,29,31,33,33,33,50,50,50],"damage_taken":[{"damage":0,"enemies":"Small Slimes","floor":1,"turns":1},{"damage":0,"enemies":"2 Louse","floor":5,"turns":1},{"damage":0,"enemies":"Gremlin Nob","floor":7,"turns":1},{"damage":0,"enemies":"Jaw Worm","floor":10,"turns":2},{"damage":7,"enemies":"3 Sentries","floor":11,"turns":11},{"damage":22,"enemies":"Lagavulin","floor":13,"turns":9},{"damage":0,"enemies":"Lots of Slimes","floor":14,"turns":5},{"damage":13,"enemies":"Hexaghost","floor":16,"turns":10},{"damage":0,"enemies":"Chosen","floor":18,"turns":4},{"damage":0,"enemies":"Shell Parasite","floor":19,"turns":4},{"damage":31,"enemies":"Snake Plant","floor":21,"turns":6},{"damage":0,"enemies":"3 Cultists","floor":25,"turns":5},{"damage":0,"enemies":"Centurion and Healer","floor":28,"turns":3},{"damage":10,"enemies":"Shelled Parasite and Fungi","floor":29,"turns":3},{"damage":0,"enemies":"Book of Stabbing","floor":31,"turns":4},{"damage":54,"enemies":"Champ","floor":33,"turns":17},{"damage":0,"enemies":"3 Shapes","floor":35,"turns":3},{"damage":0,"enemies":"Orb Walker","floor":37,"turns":4},{"damage":0,"enemies":"Mind Bloom Boss Battle","floor":38,"turns":7},{"damage":0,"enemies":"Spire Growth","floor":39,"turns":5},{"damage":15,"enemies":"Reptomancer","floor":40,"turns":6},{"damage":0,"enemies":"Writhing Mass","floor":45,"turns":4},{"damage":0,"enemies":"Giant Head","floor":46,"turns":5},{"damage":4,"enemies":"2 Orb Walkers","floor":47,"turns":4},{"damage":6,"enemies":"Sphere and 2 Shapes","floor":48,"turns":5},{"damage":19,"enemies":"Donu and Deca","floor":50,"turns":7}],"seed_played":"5408383039224821893","potions_obtained":[{"floor":7,"key":"SteroidPotion"},{"floor":11,"key":"SpeedPotion"},{"floor":14,"key":"SteroidPotion"},{"floor":16,"key":"Weak Potion"},{"floor":21,"key":"AttackPotion"},{"floor":25,"key":"SkillPotion"},{"floor":29,"key":"Ancient Potion"},{"floor":31,"key":"SkillPotion"},{"floor":38,"key":"ColorlessPotion"},{"floor":39,"key":"Weak Potion"},{"floor":40,"key":"AttackPotion"},{"floor":46,"key":"Ambrosia"}],"is_trial":false,"path_per_floor":["M","?","?","$","M","R","E","?","T","M","E","?","E","M","R","B",null,"M","M","?","M","?","R","T","M","T","R","M","M","$","E","R","B",null,"M","?","M","?","M","E","$","T","T","R","M","E","?","M","R","B",null],"character_chosen":"WATCHER","items_purchased":["FollowUp","Medical Kit","TungstenRod","WheelKick"],"campfire_rested":0,"item_purchase_floors":[4,30,41,41],"current_hp_per_floor":[72,61,66,66,66,66,66,63,63,63,56,62,40,40,40,27,83,83,83,83,52,79,79,79,79,79,79,79,69,69,69,69,15,83,83,83,83,83,83,68,68,68,68,83,83,83,79,73,83,64],"gold":579,"neow_bonus":"THREE_ENEMY_KILL","is_daily":false,"chose_seed":false,"campfire_upgraded":7,"win_rate":0.0,"timestamp":1610934193,"path_taken":["M","?","?","?","?","R","E","?","T","M","E","?","E","M","R","BOSS","M","M","?","?","?","R","?","?","T","R","M","M","$","E","R","BOSS","M","?","M","?","M","E","?","?","T","R","M","E","?","M","R","BOSS"],"items_purchased_type":["Card","Relic","Relic","Card"],"build_version":"2020-12-22","purchased_purges":2,"victory":true,"max_hp_per_floor":[72,72,77,77,77,77,77,77,77,77,77,83,83,83,83,83,83,83,83,83,83,83,83,83,83,83,83,83,83,83,83,83,83,83,83,83,83,83,83,83,83,83,83,83,83,83,83,83,83,83],"card_choices":[{"not_picked":["Perseverance","FlurryOfBlows"],"picked":"SashWhip","floor":1},{"not_picked":["DeceiveReality","CutThroughFate"],"picked":"ThirdEye","floor":5},{"not_picked":["ClearTheMind","WreathOfFlame"],"picked":"Swivel","floor":7},{"not_picked":["Indignation","Vengeance"],"picked":"ClearTheMind","floor":10},{"not_picked":["Protect","Blasphemy"],"picked":"Evaluate","floor":11},{"not_picked":["Crescendo","WreathOfFlame"],"picked":"ForeignInfluence","floor":13},{"not_picked":["PathToVictory","Halt"],"picked":"CarveReality","floor":14},{"not_picked":["Devotion","ConjureBlade"],"picked":"Vault","floor":16},{"not_picked":["SashWhip","Meditate","Fasting2"],"picked":"SKIP","floor":18},{"not_picked":["ThirdEye","Protect"],"picked":"Conclude","floor":19},{"not_picked":["Crescendo","SashWhip"],"picked":"SandsOfTime","floor":21},{"not_picked":["Collect","Perseverance"],"picked":"EmptyFist+1","floor":25},{"not_picked":["Protect","ThirdEye"],"picked":"Crescendo","floor":28},{"not_picked":["JustLucky+1","Brilliance"],"picked":"Sanctity+1","floor":29},{"not_picked":["Worship","PathToVictory","CarveReality"],"picked":"SKIP","floor":31},{"not_picked":["Ragnarok","Omniscience"],"picked":"DevaForm","floor":33},{"not_picked":["FlurryOfBlows+1","ThirdEye+1"],"picked":"SignatureMove+1","floor":35},{"not_picked":["Enlightenment","Dark Shackles"],"picked":"Thinking Ahead","floor":36},{"not_picked":["ThirdEye","JustLucky"],"picked":"Crescendo+1","floor":37},{"not_picked":["EmptyBody","Halt+1"],"picked":"Meditate+1","floor":39},{"not_picked":["JustLucky","Prostrate+1","Protect"],"picked":"SKIP","floor":40},{"not_picked":["InnerPeace","DeceiveReality+1","SandsOfTime"],"picked":"SKIP","floor":45},{"not_picked":["SashWhip","ThirdEye+1","LikeWater+1"],"picked":"SKIP","floor":46},{"not_picked":["FlyingSleeves","ConjureBlade"],"picked":"Adaptation+1","floor":48}],"player_experience":445059,"relics_obtained":[{"floor":7,"key":"InkBottle"},{"floor":9,"key":"FossilizedHelix"},{"floor":11,"key":"Dream Catcher"},{"floor":13,"key":"CeramicFish"},{"floor":24,"key":"Kunai"},{"floor":26,"key":"Regal Pillow"},{"floor":31,"key":"MawBank"},{"floor":38,"key":"Pocketwatch"},{"floor":40,"key":"Akabeko"},{"floor":42,"key":"Lantern"},{"floor":43,"key":"Eternal Feather"},{"floor":46,"key":"Frozen Egg 2"},{"floor":47,"key":"Old Coin"}],"event_choices":[{"damage_healed":0,"gold_gain":0,"player_choice":"Slimed","damage_taken":11,"max_hp_gain":0,"max_hp_loss":0,"event_name":"betterThird:BetterGoop","floor":2,"gold_loss":35},{"damage_healed":0,"gold_gain":0,"player_choice":"Donut","damage_taken":0,"max_hp_gain":5,"max_hp_loss":0,"event_name":"Big Fish","floor":3,"gold_loss":0},{"damage_healed":0,"gold_gain":0,"player_choice":"Relic ","damage_taken":3,"max_hp_gain":0,"max_hp_loss":0,"event_name":"betterThird:BetterScrap","floor":8,"gold_loss":0,"cards_obtained":["Limit Break"]},{"damage_healed":0,"gold_gain":0,"player_choice":"RENOUNCE","damage_taken":111,"max_hp_gain":0,"max_hp_loss":0,"event_name":"betterThird:BetterSerpent","floor":12,"gold_loss":111,"cards_obtained":["Enlightenment"]},{"cards_removed":["Defend_P"],"damage_healed":0,"gold_gain":0,"player_choice":"Upgrade and Remove","damage_taken":0,"max_hp_gain":0,"max_hp_loss":0,"event_name":"Designer","floor":20,"gold_loss":90,"cards_upgraded":["SashWhip"]},{"damage_healed":27,"gold_gain":0,"player_choice":"Heal","damage_taken":0,"max_hp_gain":0,"max_hp_loss":0,"event_name":"The Library","floor":22,"gold_loss":0},{"damage_healed":0,"gold_gain":0,"player_choice":"Memory 1","damage_taken":0,"max_hp_gain":0,"max_hp_loss":0,"event_name":"SensoryStone","floor":36,"gold_loss":0},{"damage_healed":0,"gold_gain":0,"player_choice":"Fight","damage_taken":0,"max_hp_gain":0,"max_hp_loss":0,"event_name":"MindBloom","floor":38,"gold_loss":0},{"damage_healed":0,"gold_gain":0,"player_choice":"Fight","damage_taken":0,"max_hp_gain":0,"max_hp_loss":0,"event_name":"Mysterious Sphere","floor":47,"gold_loss":0}],"is_beta":false,"boss_relics":[{"not_picked":["SlaversCollar","Black Star"],"picked":"VioletLotus"},{"not_picked":["Coffee Dripper","Cursed Key"],"picked":"Astrolabe"}],"items_purged_floors":[30,41],"is_endless":false,"potions_floor_spawned":[7,11,14,16,21,25,29,31,38,39,40,46],"ascension_level":1}}