{"host":"2vm9o2fc5crca06n","time":1610985608,"event":{"mods":["BaseMod","Bestiary","Googly Eyes","Minty Spire (QoL Compilation)","SuperFastMode"],"gold_per_floor":[15,31,31,31,44,44,79,79,79,79,102,115,115,115,115,243,306,331,346,346,166,166,166],"floor_reached":22,"language":"ENG","playtime":793,"items_purged":["Defend_P"],"score":209,"play_id":"a69f6343-1164-4316-aea2-bac4c2012e28","local_time":"20210118160008","is_ascension_mode":false,"campfire_choices":[{"data":"CutThroughFate","floor":6,"key":"SMITH"},{"floor":8,"key":"REST"},{"data":"WindmillStrike","floor":10,"key":"SMITH"},{"data":"Prostrate","floor":13,"key":"SMITH"},{"floor":15,"key":"REST"}],"circlet_count":0,"master_deck":["Defend_P","Defend_P","Eruption","Vigilance","CutThroughFate+1","Prostrate+1","CutThroughFate","WindmillStrike+1","ThirdEye","FollowUp","CutThroughFate","SandsOfTime","Bite","Bite","Bite","Bite","Bite","DevaForm+1"],"relics":["PureWater","Golden Idol","Frozen Egg 2","The Courier","Tiny House"],"acts_visited":["Exordium","TheCity"],"potions_floor_usage":[16,16,16,22],"damage_taken":[{"damage":0,"enemies":"Small Slimes","floor":1,"turns":2},{"damage":10,"enemies":"2 Louse","floor":2,"turns":2},{"damage":0,"enemies":"Jaw Worm","floor":5,"turns":2},{"damage":23,"enemies":"Gremlin Nob","floor":7,"turns":4},{"damage":15,"enemies":"Looter","floor":11,"turns":2},{"damage":3,"enemies":"2 Fungi Beasts","floor":12,"turns":2},{"damage":17,"enemies":"Hexaghost","floor":16,"turns":7},{"damage":12,"enemies":"Spheric Guardian","floor":18,"turns":4},{"damage":40,"enemies":"2 Thieves","floor":19,"turns":2},{"damage":33,"enemies":"Shelled Parasite and Fungi","floor":22,"turns":3}],"seed_played":"3807076204975169249","potions_obtained":[{"floor":7,"key":"EntropicBrew"},{"floor":17,"key":"DistilledChaos"},{"floor":19,"key":"LiquidMemories"}],"is_trial":false,"path_per_floor":["M","M","?","?","M","R","E","R","T","R","M","M","R","?","R","B",null,"M","M","?","$","M"],"character_chosen":"WATCHER","items_purchased":["DevaForm+1"],"campfire_rested":2,"item_purchase_floors":[21],"current_hp_per_floor":[72,62,44,44,44,44,21,42,42,42,27,24,24,17,38,21,77,65,25,25,25,0,0],"gold":166,"neow_bonus":"REMOVE_TWO","is_daily":false,"chose_seed":false,"campfire_upgraded":3,"win_rate":0.0,"timestamp":1610985608,"path_taken":["M","M","?","?","M","R","E","R","T","R","M","M","R","?","R","BOSS","M","M","?","$","M"],"items_purchased_type":["Card"],"build_version":"2020-12-22","purchased_purges":1,"victory":false,"max_hp_per_floor":[72,72,72,72,72,72,72,72,72,72,72,72,72,72,72,72,77,77,77,53,53,53,53],"card_choices":[{"not_picked":["Evaluate","ClearTheMind"],"picked":"CutThroughFate","floor":1},{"not_picked":["Protect","Pray"],"picked":"Prostrate","floor":2},{"not_picked":["EmptyBody","BowlingBash"],"picked":"CutThroughFate","floor":5},{"not_picked":["Worship","CrushJoints"],"picked":"WindmillStrike","floor":7},{"not_picked":["Blasphemy","Evaluate"],"picked":"ThirdEye","floor":11},{"not_picked":["BowlingBash","CrushJoints","EmptyFist"],"picked":"SKIP","floor":12},{"not_picked":["BowlingBash","CrushJoints","EmptyFist"],"picked":"SKIP","floor":12},{"not_picked":["JustLucky","Collect"],"picked":"FollowUp","floor":17},{"not_picked":["Wallop","Protect+1"],"picked":"CutThroughFate","floor":18},{"not_picked":["Protect+1","BowlingBash"],"picked":"SandsOfTime","floor":19}],"player_experience":347199,"relics_obtained":[{"floor":7,"key":"Frozen Egg 2"},{"floor":9,"key":"The Courier"}],"event_choices":[{"damage_healed":0,"gold_gain":0,"player_choice":"Take Damage","damage_taken":18,"relics_obtained":["Golden Idol"],"max_hp_gain":0,"max_hp_loss":0,"event_name":"Golden Idol","floor":3,"gold_loss":0},{"cards_removed":["Strike_P"],"damage_healed":0,"gold_gain":0,"player_choice":"Forget","damage_taken":0,"max_hp_gain":0,"max_hp_loss":0,"event_name":"Living Wall","floor":4,"gold_loss":0},{"cards_removed":["Strike_P"],"damage_healed":0,"gold_gain":0,"player_choice":"Card Removal","damage_taken":7,"max_hp_gain":0,"max_hp_loss":0,"event_name":"Golden Wing","floor":14,"gold_loss":0},{"damage_healed":0,"gold_gain":0,"player_choice":"Became a vampire","damage_taken":0,"max_hp_gain":0,"max_hp_loss":24,"event_name":"Vampires","floor":20,"gold_loss":0,"cards_obtained":["Bite","Bite","Bite","Bite","Bite"]}],"is_beta":false,"boss_relics":[{"not_picked":["Philosopher\u0027s Stone","Cursed Key"],"picked":"Tiny House"}],"items_purged_floors":[21],"is_endless":false,"potions_floor_spawned":[7,19],"killed_by":"Shelled Parasite and Fungi","ascension_level":0}}