{"host":"1a3cjta80tad0aqj","time":1610953649,"event":{"mods":["2.2 Compatiblity","AchievementEnabler","BaseMod","Colored Map","DeckTracker","KOR Keyword Fix","Keyboard Shortcuts","Minty Spire (QoL Compilation)","Permanent Neow","Quick Restart","Random Character Button","StSLib","SuperFastMode","everything is the same but u backflip on backflip"],"gold_per_floor":[116,127,145,155,172,172,200,200,246,12,43,43,67,84,84,163,163,174,174,224,124,124,153,153,173,196,229,229,229,246,261,261,261,261],"floor_reached":33,"language":"KOR","playtime":1213,"items_purged":["Defend_P","Strike_P"],"score":604,"play_id":"dae0d322-fba2-4627-8339-81d56f27d0e9","local_time":"20210118160729","is_ascension_mode":true,"campfire_choices":[{"data":"Eruption","floor":6.0,"key":"SMITH"},{"data":"Conclude","floor":8.0,"key":"SMITH"},{"floor":12.0,"key":"REST"},{"data":"Adaptation","floor":15.0,"key":"SMITH"},{"floor":24.0,"key":"REST"},{"floor":29.0,"key":"REST"},{"floor":32.0,"key":"REST"}],"circlet_count":0,"master_deck":["AscendersBane","Strike_P","Strike_P","Strike_P","Defend_P","Defend_P","Defend_P","Eruption+1","Vigilance","EmptyFist","CrushJoints","BowlingBash","Conclude+1","FollowUp","MentalFortress","EmptyBody","Scrawl","Tantrum","Adaptation+1","ClearTheMind","Vault","CutThroughFate","FlurryOfBlows","InnerPeace","Ghostly","Ghostly","Ghostly"],"relics":["PureWater","Gambling Chip","Happy Flower","Question Card","Odd Mushroom","VioletLotus","Pen Nib","Art of War","Boot"],"acts_visited":["Exordium","TheCity"],"potions_floor_usage":[],"damage_taken":[{"damage":1.0,"enemies":"Small Slimes","floor":1.0,"turns":4.0},{"damage":1.0,"enemies":"2 Louse","floor":2.0,"turns":3.0},{"damage":7.0,"enemies":"Jaw Worm","floor":3.0,"turns":3.0},{"damage":0.0,"enemies":"2 Fungi Beasts","floor":4.0,"turns":3.0},{"damage":0.0,"enemies":"3 Louse","floor":5.0,"turns":2.0},{"damage":7.0,"enemies":"3 Sentries","floor":7.0,"turns":3.0},{"damage":18.0,"enemies":"Gremlin Nob","floor":11.0,"turns":3.0},{"damage":0.0,"enemies":"The Mushroom Lair","floor":13.0,"turns":3.0},{"damage":15.0,"enemies":"Gremlin Gang","floor":14.0,"turns":3.0},{"damage":0.0,"enemies":"Slime Boss","floor":16.0,"turns":5.0},{"damage":21.0,"enemies":"3 Byrds","floor":18.0,"turns":4.0},{"damage":10.0,"enemies":"Gremlin Leader","floor":23.0,"turns":2.0},{"damage":6.0,"enemies":"2 Thieves","floor":25.0,"turns":3.0},{"damage":21.0,"enemies":"Book of Stabbing","floor":27.0,"turns":4.0},{"damage":2.0,"enemies":"Cultist and Chosen","floor":30.0,"turns":4.0},{"damage":1.0,"enemies":"3 Cultists","floor":31.0,"turns":4.0},{"damage":3,"enemies":"Champ","floor":33,"turns":7}],"seed_played":"6364381394159515112","potions_obtained":[{"floor":1.0,"key":"Strength Potion"},{"floor":5.0,"key":"SkillPotion"},{"floor":13.0,"key":"AttackPotion"},{"floor":14.0,"key":"LiquidBronze"},{"floor":18.0,"key":"LiquidMemories"},{"floor":30.0,"key":"SmokeBomb"}],"is_trial":false,"path_per_floor":["M","M","M","M","M","R","E","R","T","$","E","R","?","M","R","B",null,"M","?","?","$","?","E","R","M","T","E","?","R","M","M","R","B"],"character_chosen":"WATCHER","items_purchased":["Scrawl","Tantrum"],"campfire_rested":4,"item_purchase_floors":[10,10],"current_hp_per_floor":[60,59,52,52,52,52,45,45,45,45,27,47,47,32,32,32,59,38,38,38,38,19,9,30,24,24,3,3,13,11,10,20,17,17],"gold":261,"neow_bonus":"THREE_CARDS","is_daily":false,"chose_seed":false,"campfire_upgraded":3,"win_rate":0.0,"timestamp":1610953649,"path_taken":["M","M","M","M","M","R","E","R","T","$","E","R","?","M","R","BOSS","M","?","?","$","?","E","R","M","T","E","?","R","?","M","R","BOSS"],"items_purchased_type":["Card","Card"],"build_version":"2020-12-22","purchased_purges":2,"victory":false,"max_hp_per_floor":[68,68,68,68,68,68,68,68,68,68,68,68,68,68,68,68,68,68,68,68,68,73,73,73,73,73,73,36,36,36,36,36,36,36],"card_choices":[{"not_picked":["FlyingSleeves","Consecrate"],"picked":"EmptyFist","floor":0.0},{"not_picked":["Weave","Sanctity"],"picked":"CrushJoints","floor":1.0},{"not_picked":["Consecrate","Wireheading"],"picked":"BowlingBash","floor":2.0},{"not_picked":["CrushJoints","Protect"],"picked":"Conclude","floor":3.0},{"not_picked":["Weave","CutThroughFate"],"picked":"FollowUp","floor":4.0},{"not_picked":["BowlingBash","SashWhip"],"picked":"MentalFortress","floor":5.0},{"not_picked":["Collect","EmptyFist"],"picked":"EmptyBody","floor":7.0},{"not_picked":["SignatureMove","Crescendo","Protect"],"picked":"SKIP","floor":11.0},{"not_picked":["ThirdEye","EmptyBody","EmptyFist"],"picked":"Adaptation","floor":13.0},{"not_picked":["DevaForm","BowlingBash","Study"],"picked":"ClearTheMind","floor":14.0},{"not_picked":["Judgement","Blasphemy","Establishment"],"picked":"Vault","floor":16.0},{"not_picked":["ThirdEye","BowlingBash","Nirvana"],"picked":"CutThroughFate","floor":18.0},{"not_picked":["ThirdEye","Prostrate+1","SignatureMove"],"picked":"FlurryOfBlows","floor":23.0},{"not_picked":["CutThroughFate","Consecrate+1","EmptyFist"],"picked":"InnerPeace","floor":25.0},{"not_picked":["FlyingSleeves","Fasting2","Weave","FlurryOfBlows"],"picked":"SKIP","floor":27.0},{"not_picked":["Protect","Prostrate","WaveOfTheHand","Wireheading"],"picked":"SKIP","floor":30.0},{"not_picked":["PathToVictory","JustLucky","SpiritShield","ClearTheMind"],"picked":"SKIP","floor":31.0}],"player_experience":735234,"relics_obtained":[{"floor":7.0,"key":"Gambling Chip"},{"floor":9.0,"key":"Happy Flower"},{"floor":11.0,"key":"Question Card"},{"floor":13.0,"key":"Odd Mushroom"},{"floor":23.0,"key":"Pen Nib"},{"floor":26.0,"key":"Art of War"},{"floor":27.0,"key":"Boot"}],"event_choices":[{"damage_healed":0.0,"max_hp_gain":0.0,"max_hp_loss":0.0,"gold_gain":0.0,"event_name":"Mushrooms","player_choice":"Fought Mushrooms","floor":13.0,"gold_loss":0.0,"damage_taken":0.0},{"damage_healed":0.0,"max_hp_gain":0.0,"max_hp_loss":0.0,"gold_gain":0.0,"event_name":"Cursed Tome","player_choice":"Ignored","floor":19.0,"gold_loss":0.0,"damage_taken":0.0},{"damage_healed":0.0,"max_hp_gain":0.0,"max_hp_loss":0.0,"gold_gain":50.0,"event_name":"Nest","player_choice":"Stole From Cult","floor":20.0,"gold_loss":0.0,"damage_taken":0.0},{"damage_healed":0.0,"max_hp_gain":5.0,"max_hp_loss":0.0,"gold_gain":0.0,"event_name":"Forgotten Altar","player_choice":"Shed Blood","floor":22.0,"gold_loss":0.0,"damage_taken":24.0},{"damage_healed":0.0,"max_hp_gain":0.0,"max_hp_loss":37.0,"gold_gain":0.0,"event_name":"Ghosts","player_choice":"Became a Ghost","floor":28.0,"gold_loss":0.0,"damage_taken":0.0,"cards_obtained":["Ghostly","Ghostly","Ghostly"]}],"is_beta":false,"boss_relics":[{"not_picked":["SacredBark","Fusion Hammer"],"picked":"VioletLotus"}],"items_purged_floors":[10,21],"is_endless":false,"potions_floor_spawned":[1,5,13,14,18,30],"killed_by":"Champ","ascension_level":15}}