{"host":"e6sgj53qqwx3piqv","time":1610993968,"event":{"mods":["AchievementEnabler","Aspiration","BaseMod","BetterRewards","Colored Powertips","Downfall","Hermit","Hubris","Infinite Spire","Minty Spire (QoL Compilation)","Quick Restart","Rare Cards Sparkle","Shop Mod","StSLib","The Cursed","The Disciple","The Jungle","The Runesmith"],"gold_per_floor":[117,117,117,130,22,47,47,63,63,63,90,90,102,137,137,137,137],"floor_reached":16,"language":"ENG","playtime":583,"items_purged":[],"score":168,"play_id":"f1ff758d-57cf-4615-acf3-26cebd22b84e","local_time":"20210118131928","is_ascension_mode":false,"campfire_choices":[{"data":"Searing Blow","floor":7,"key":"SMITH"},{"floor":15,"key":"DIG"}],"circlet_count":0,"master_deck":["Strike_R","Strike_R","Strike_R","Strike_R","Strike_R","Defend_R","Defend_R","Defend_R","Defend_R","Bash","Carnage","Pommel Strike","Searing Blow+2","Battle Trance","Reckless Charge","Bloodletting","Cleave","Shrug It Off","Immolate"],"relics":["PureWater","NeowsBlessing","infinitespire:Cubic Diamond","hubris:FunFungus","Centennial Puzzle","Art of War","Bronze Scales","Shovel","infinitespire:Beetle Shell"],"acts_visited":["Exordium"],"potions_floor_usage":[16],"damage_taken":[{"damage":0,"enemies":"Cultist","floor":1,"turns":1},{"damage":0,"enemies":"2 Louse","floor":4,"turns":1},{"damage":0,"enemies":"Lagavulin","floor":6,"turns":1},{"damage":0,"enemies":"Small Slimes","floor":8,"turns":2},{"damage":3,"enemies":"Gremlin Nob","floor":11,"turns":2},{"damage":7,"enemies":"Blue Slaver","floor":13,"turns":2},{"damage":20,"enemies":"3 Sentries","floor":14,"turns":6},{"damage":26,"enemies":"Hexaghost","floor":16,"turns":6}],"seed_played":"-929263147437167231","potions_obtained":[{"floor":6,"key":"DuplicationPotion"},{"floor":14,"key":"Ancient Potion"}],"is_trial":false,"path_per_floor":["M","?","?","M","$","E","R","M","T","?","E","R","M","E","R","B"],"character_chosen":"IRONCLAD","items_purchased":["Searing Blow","Battle Trance"],"campfire_rested":0,"item_purchase_floors":[5,5],"current_hp_per_floor":[80,80,55,55,55,55,55,55,55,55,52,52,45,25,25,0,0],"gold":137,"neow_bonus":"THREE_ENEMY_KILL","is_daily":false,"chose_seed":false,"campfire_upgraded":1,"win_rate":0.0,"timestamp":1610993968,"path_taken":["M","?","?","M","$","E","R","M","T","?","E","R","?","E","R","BOSS"],"items_purchased_type":["Card","Card"],"build_version":"2020-12-22","purchased_purges":0,"victory":false,"max_hp_per_floor":[80,80,80,80,80,80,80,80,80,80,80,80,80,80,80,80,80],"card_choices":[{"not_picked":["Thunderclap","Perfected Strike"],"picked":"Carnage","floor":1},{"not_picked":["Twin Strike","Thunderclap"],"picked":"Pommel Strike","floor":4},{"not_picked":["Iron Wave","Perfected Strike"],"picked":"Reckless Charge","floor":6},{"not_picked":["Thunderclap","Perfected Strike"],"picked":"Bloodletting","floor":8},{"not_picked":["Perfected Strike","Sword Boomerang"],"picked":"Cleave","floor":11},{"not_picked":["Searing Blow","Havoc"],"picked":"Shrug It Off","floor":13},{"not_picked":["Disarm","Dropkick"],"picked":"Immolate","floor":14}],"player_experience":157673,"relics_obtained":[{"floor":6,"key":"Centennial Puzzle"},{"floor":9,"key":"Art of War"},{"floor":11,"key":"Bronze Scales"},{"floor":14,"key":"Shovel"},{"floor":15,"key":"infinitespire:Beetle Shell"}],"event_choices":[{"damage_healed":0,"gold_gain":0,"player_choice":"Success","damage_taken":25,"relics_obtained":["hubris:FunFungus"],"max_hp_gain":0,"max_hp_loss":0,"event_name":"Scrap Ooze","floor":3,"gold_loss":0},{"damage_healed":0,"gold_gain":0,"player_choice":"Upgraded","damage_taken":0,"max_hp_gain":0,"max_hp_loss":0,"event_name":"Upgrade Shrine","floor":10,"gold_loss":0,"cards_upgraded":["Searing Blow"]}],"is_beta":false,"boss_relics":[],"items_purged_floors":[],"is_endless":false,"potions_floor_spawned":[6,14],"killed_by":"Hexaghost","ascension_level":0}}