{"host":"p7cjtxxrilhp4dw7","time":1610960392,"event":{"mods":["BaseMod","Block Reminder","Colored Map","Highlight Path","Minty Spire (QoL Compilation)","Replay The Spire","StSLib","The Hierophant","The Judge","TheBandit"],"gold_per_floor":[119,133,150,166,166,191,191,219,219,169,169,169,169,169,195,210,210,309,309,309,309,309,309,309,309,309,309,309,19,19,19,19,19,19,19,19,19,19,19,19,19,19,19,19,19,19,19,19,19,19,19,19],"floor_reached":53,"language":"ENG","playtime":5048,"items_purged":[],"score":1420,"play_id":"b7c2c373-7765-4ac9-bcd0-d07e0fde71eb","local_time":"20210118015952","is_ascension_mode":true,"campfire_choices":[{"data":"ForeignInfluence","floor":7.0,"key":"SMITH"},{"data":"Eruption","floor":11.0,"key":"SMITH"},{"floor":17.0,"key":"DIG"},{"data":"TalkToTheHand","floor":25.0,"key":"SMITH"},{"data":"Devotion","floor":27.0,"key":"SMITH"},{"floor":31.0,"key":"DIG"},{"data":"Bludgeon","floor":34,"key":"SMITH"},{"data":"Replay:AllIn","floor":43,"key":"SMITH"},{"floor":46,"key":"DIG"}],"circlet_count":0,"master_deck":["Strike_P+1","Strike_P","Strike_P","Defend_P","Defend_P","Defend_P","Eruption+1","CarveReality","Consecrate+1","ForeignInfluence+1","TalkToTheHand+1","Bash","Replay:AllIn+1","Devotion+1","Halt","SashWhip","Bludgeon+1","Consecrate+1","Conclude","FollowUp","LessonLearned","CurseOfTheBell","EmptyMind+1","EmptyFist+1","Replay:ManipulateFuture","Indignation+1","TalkToTheHand+1"],"relics":["Anchor","Replay:M_SmolderingBlood","Juzu Bracelet","Replay:Ringing Soul","Shovel","Nunchaku","Ectoplasm","Red Mask","Kunai","FossilizedHelix","Durian","Dream Catcher","Toy Ornithopter","Calling Bell","Calipers","Sundial","ReplayTheSpireMod:TigerMarble","MawBank","Mummified Hand","ReplayTheSpireMod:Lightbulb","Counterbalance","CaptainsWheel"],"acts_visited":["Exordium","TheCity","TheBeyond"],"potions_floor_usage":[35,35,40,42,52],"damage_taken":[{"damage":0.0,"enemies":"Cultist","floor":1.0,"turns":2.0},{"damage":0.0,"enemies":"Jaw Worm","floor":2.0,"turns":2.0},{"damage":0.0,"enemies":"Small Slimes","floor":3.0,"turns":2.0},{"damage":0.0,"enemies":"3 Louse","floor":4.0,"turns":2.0},{"damage":0.0,"enemies":"Gremlin Nob","floor":6.0,"turns":2.0},{"damage":7.0,"enemies":"Replay:BlueRogue","floor":8.0,"turns":3.0},{"damage":0.0,"enemies":"Lagavulin","floor":15.0,"turns":4.0},{"damage":2.0,"enemies":"Lots of Slimes","floor":16.0,"turns":2.0},{"damage":16.0,"enemies":"The Guardian","floor":18.0,"turns":6.0},{"damage":0.0,"enemies":"Spheric Guardian","floor":20.0,"turns":2.0},{"damage":6.0,"enemies":"Masked Bandits","floor":21.0,"turns":3.0},{"damage":0.0,"enemies":"Shell Parasite","floor":24.0,"turns":1.0},{"damage":8.0,"enemies":"3 Cultists","floor":26.0,"turns":4.0},{"damage":0.0,"enemies":"Replay:Snechameleon","floor":30.0,"turns":2.0},{"damage":0.0,"enemies":"Shelled Parasite and Fungi","floor":32.0,"turns":3.0},{"damage":0,"enemies":"Gremlin Leader","floor":33,"turns":3},{"damage":39,"enemies":"Pondfish","floor":35,"turns":8},{"damage":0,"enemies":"3 Shapes","floor":37,"turns":2},{"damage":0,"enemies":"3 Darklings","floor":40,"turns":3},{"damage":0,"enemies":"Sphere and 2 Shapes","floor":41,"turns":1},{"damage":0,"enemies":"Reptomancer","floor":42,"turns":3},{"damage":24,"enemies":"Mind Bloom Boss Battle","floor":47,"turns":5},{"damage":0,"enemies":"Nemesis","floor":48,"turns":5},{"damage":0,"enemies":"Spire Growth","floor":50,"turns":3},{"damage":46,"enemies":"Awakened One","floor":52,"turns":7}],"seed_played":"-711985485281692532","potions_obtained":[{"floor":3.0,"key":"FearPotion"},{"floor":8.0,"key":"Fruit Juice"},{"floor":16.0,"key":"SteroidPotion"},{"floor":18.0,"key":"Fire Potion"},{"floor":20.0,"key":"EntropicBrew"},{"floor":26.0,"key":"Block Potion"},{"floor":30.0,"key":"CultistPotion"},{"floor":33,"key":"AttackPotion"},{"floor":35,"key":"FearPotion"},{"floor":37,"key":"SkillPotion"},{"floor":41,"key":"SteroidPotion"},{"floor":48,"key":"SpeedPotion"}],"is_trial":false,"path_per_floor":["M","M","M","M","?","E","R","E","T","?","R","?","PTL","PTL","E","M","R","B",null,"M","?","?","?","M","R","M","R","T","$","E","R","M","E","R","B",null,"M","$","?","M","M","E","R","?","T","R","?","E","$","M","R_BF","B",null],"character_chosen":"WATCHER","items_purchased":["FossilizedHelix"],"campfire_rested":0,"item_purchase_floors":[29],"current_hp_per_floor":[72,72,72,72,72,72,72,73,73,73,73,76,76,76,79,80,80,67,86,89,83,83,95,95,95,90,90,90,90,95,95,95,98,98,70,102,102,102,102,110,110,118,118,121,121,121,97,100,100,100,127,81],"gold":19,"neow_bonus":"RANDOM_COMMON_RELIC","is_daily":false,"chose_seed":false,"campfire_upgraded":6,"win_rate":0.0,"timestamp":1610960392,"path_taken":["M","?","M","M","?","E","R","E","T","?","R","?","PTL","PTL","E","M","R","BOSS","M","?","?","?","M","R","M","R","T","$","E","R","M","E","R","BOSS","M","?","?","M","M","E","R","?","T","R","?","E","$","M","R_BF","BOSS"],"items_purchased_type":["Relic"],"build_version":"2020-12-22","purchased_purges":0,"victory":true,"max_hp_per_floor":[72,72,72,72,72,72,72,80,80,80,80,83,83,83,86,89,89,92,92,95,95,95,95,95,95,98,98,98,98,103,103,103,106,106,109,112,112,112,112,115,115,118,118,121,121,121,121,124,124,124,127,127],"card_choices":[{"not_picked":["ClearTheMind","Adaptation"],"picked":"CarveReality","floor":1.0},{"not_picked":["SandsOfTime","Pray"],"picked":"Consecrate","floor":2.0},{"not_picked":["Replay:BluntJabs","Halt"],"picked":"ForeignInfluence","floor":3.0},{"not_picked":["FlyingSleeves","EmptyBody"],"picked":"TalkToTheHand","floor":4.0},{"not_picked":["ReachHeaven","Searing Blow","Omniscience"],"picked":"SKIP","floor":6.0},{"not_picked":["CutThroughFate","Prostrate"],"picked":"Replay:AllIn","floor":8.0},{"not_picked":["ForeignInfluence","Crescendo"],"picked":"Halt","floor":15.0},{"not_picked":["BowlingBash","Headbutt"],"picked":"SashWhip","floor":16.0},{"not_picked":["DeusExMachina","Blasphemy"],"picked":"Bludgeon","floor":18.0},{"not_picked":["ClearTheMind+1","WindmillStrike"],"picked":"Consecrate+1","floor":20.0},{"not_picked":["Evaluate","CutThroughFate+1","BowlingBash"],"picked":"SKIP","floor":24.0},{"not_picked":["BattleHymn+1","Indignation"],"picked":"Conclude","floor":26.0},{"not_picked":["Replay:Battleflow","ThirdEye","Vengeance+1"],"picked":"SKIP","floor":30.0},{"not_picked":["ReachHeaven","CutThroughFate+1","CrushJoints"],"picked":"SKIP","floor":32.0},{"not_picked":["Blasphemy","FlyingSleeves"],"picked":"FollowUp","floor":33},{"not_picked":["Replay:LoomingThreat","MasterReality"],"picked":"LessonLearned","floor":35},{"not_picked":["WreathOfFlame","FlurryOfBlows+1","ThirdEye+1"],"picked":"SKIP","floor":37},{"not_picked":["EmptyFist+1","Evaluate+1"],"picked":"EmptyMind+1","floor":40},{"not_picked":["SashWhip","Study","PathToVictory"],"picked":"SKIP","floor":41},{"not_picked":["WreathOfFlame","Vault"],"picked":"EmptyFist+1","floor":42},{"not_picked":["MentalFortress+1","WreathOfFlame"],"picked":"Indignation+1","floor":48},{"not_picked":["Adaptation+1","Replay:BluntJabs+1","CarveReality+1"],"picked":"SKIP","floor":50},{"not_picked":["ClearTheMind","Replay:AllIn"],"picked":"TalkToTheHand+1","floor":51}],"player_experience":555672,"relics_obtained":[{"floor":6.0,"key":"Juzu Bracelet"},{"floor":8.0,"key":"Replay:Ringing Soul"},{"floor":15.0,"key":"Shovel"},{"floor":17.0,"key":"Nunchaku"},{"floor":21.0,"key":"Red Mask"},{"floor":28.0,"key":"Kunai"},{"floor":30.0,"key":"Durian"},{"floor":31.0,"key":"Dream Catcher"},{"floor":33,"key":"Toy Ornithopter"},{"floor":36,"key":"Calipers"},{"floor":36,"key":"Sundial"},{"floor":36,"key":"ReplayTheSpireMod:TigerMarble"},{"floor":42,"key":"MawBank"},{"floor":45,"key":"Mummified Hand"},{"floor":46,"key":"ReplayTheSpireMod:Lightbulb"},{"floor":47,"key":"Counterbalance"},{"floor":48,"key":"CaptainsWheel"}],"event_choices":[{"cards_removed":["Strike_P"],"damage_healed":0.0,"max_hp_gain":0.0,"max_hp_loss":0.0,"gold_gain":0.0,"event_name":"The Cleric","player_choice":"Card Removal","floor":10.0,"gold_loss":50.0,"damage_taken":0.0},{"damage_healed":0.0,"max_hp_gain":0.0,"max_hp_loss":0.0,"gold_gain":0.0,"cards_transformed":["Defend_P"],"event_name":"Transmorgrifier","player_choice":"Transformed","floor":12.0,"gold_loss":0.0,"damage_taken":0.0,"cards_obtained":["Devotion"]},{"damage_healed":0.0,"max_hp_gain":0.0,"max_hp_loss":0.0,"gold_gain":0.0,"event_name":"Masked Bandits","player_choice":"Fought Bandits","floor":21.0,"gold_loss":0.0,"damage_taken":0.0},{"damage_healed":0.0,"max_hp_gain":0.0,"max_hp_loss":0.0,"gold_gain":0.0,"event_name":"Beggar","player_choice":"Ignored","floor":22.0,"gold_loss":0.0,"damage_taken":0.0},{"damage_healed":12.0,"max_hp_gain":0.0,"max_hp_loss":0.0,"gold_gain":0.0,"event_name":"Wheel of Change","player_choice":"Full Heal","floor":23.0,"gold_loss":0.0,"damage_taken":0.0},{"damage_healed":0,"gold_gain":0,"player_choice":"1 cards matched","damage_taken":0,"max_hp_gain":0,"max_hp_loss":0,"event_name":"Match and Keep!","floor":44,"gold_loss":0,"cards_obtained":["Replay:ManipulateFuture"]},{"damage_healed":0,"gold_gain":0,"player_choice":"Fight","damage_taken":0,"max_hp_gain":0,"max_hp_loss":0,"event_name":"MindBloom","floor":47,"gold_loss":0}],"is_beta":false,"boss_relics":[{"not_picked":["Empty Cage","Replay:Wanted Poster"],"picked":"Ectoplasm"},{"not_picked":["VioletLotus","Coffee Dripper"],"picked":"Calling Bell"}],"items_purged_floors":[],"is_endless":false,"potions_floor_spawned":[3,8,16,18,20,26,30,33,35,37,41,48],"ascension_level":5}}