{"host":"xz7n3qy1zq36rzpg","time":1610956905,"event":{"mods":["BaseMod","Colored Map","Colored Powertips","Highlight Path","Minty Spire (QoL Compilation)","Quick Restart","Shop Mod"],"gold_per_floor":[114,129,144,159,159,197,197,235,235,235,69,69,69,88,88,213,213,232,232,82,101,101,131,140,140,165,165,165,190,220,49,49,149,149,164,64,64,109,109,139,154,154,154,154,154,154,184,184,184,184],"floor_reached":51,"language":"ENG","playtime":2357,"items_purged":["Injury","Perfected Strike+1"],"score":843,"play_id":"9845c866-17c6-44e4-bca3-4a8d0461569e","local_time":"20210118090145","daily_mods":["Draft","Flight","Lethality"],"is_ascension_mode":false,"campfire_choices":[{"data":"Barricade","floor":7,"key":"SMITH"},{"data":"True Grit","floor":10,"key":"SMITH"},{"data":"True Grit","floor":12,"key":"SMITH"},{"data":"Body Slam","floor":13,"key":"SMITH"},{"data":"Limit Break","floor":15,"key":"SMITH"},{"data":"Iron Wave","floor":25,"key":"SMITH"},{"data":"Shrug It Off","floor":27,"key":"SMITH"},{"data":"Shrug It Off","floor":28,"key":"SMITH"},{"floor":32,"key":"REST"},{"data":"Thunderclap","floor":42,"key":"SMITH"},{"data":"Rampage","floor":44,"key":"SMITH"},{"data":"Flex","floor":46,"key":"SMITH"},{"floor":49,"key":"REST"}],"circlet_count":0,"master_deck":["Rampage+1","Hemokinesis","Cleave","Iron Wave+1","Heavy Blade","Thunderclap+1","Flex+1","True Grit+1","Anger","True Grit+1","Wild Strike","Shrug It Off+1","Body Slam+1","Wild Strike","Pommel Strike","Shrug It Off+1","Barricade+1","Swift Strike","Limit Break+1","Immolate","Limit Break+1","Disarm","Ghostly Armor","Rage+1","Double Tap+1","Armaments+1","Headbutt+1","Pommel Strike+1","Clothesline"],"relics":["Burning Blood","Bloody Idol","Juzu Bracelet","Tiny Chest","Boot","Mark of Pain","DollysMirror","Bird Faced Urn","Red Mask","Omamori","Happy Flower","Lantern","Astrolabe","Pocketwatch","Mango","Darkstone Periapt","HornCleat","PreservedInsect"],"acts_visited":["Exordium","TheCity","TheBeyond"],"potions_floor_usage":[8,16,30,33,33,33,35,47,50,50],"damage_taken":[{"damage":0,"enemies":"Cultist","floor":1,"turns":2},{"damage":2,"enemies":"2 Louse","floor":2,"turns":2},{"damage":0,"enemies":"Small Slimes","floor":3,"turns":1},{"damage":5,"enemies":"Blue Slaver","floor":4,"turns":2},{"damage":12,"enemies":"Lagavulin","floor":6,"turns":5},{"damage":2,"enemies":"Gremlin Nob","floor":8,"turns":2},{"damage":0,"enemies":"Looter","floor":14,"turns":1},{"damage":0,"enemies":"Slime Boss","floor":16,"turns":3},{"damage":8,"enemies":"2 Thieves","floor":18,"turns":2},{"damage":18,"enemies":"Shell Parasite","floor":21,"turns":3},{"damage":31,"enemies":"Book of Stabbing","floor":23,"turns":4},{"damage":9,"enemies":"Masked Bandits","floor":24,"turns":3},{"damage":18,"enemies":"Slavers","floor":30,"turns":4},{"damage":13,"enemies":"Champ","floor":33,"turns":8},{"damage":2,"enemies":"3 Shapes","floor":35,"turns":3},{"damage":12,"enemies":"2 Orb Walkers","floor":38,"turns":4},{"damage":32,"enemies":"Nemesis","floor":40,"turns":5},{"damage":31,"enemies":"3 Darklings","floor":41,"turns":4},{"damage":38,"enemies":"Giant Head","floor":47,"turns":7},{"damage":43,"enemies":"Awakened One","floor":50,"turns":9}],"seed_played":"-1283480827410872575","potions_obtained":[{"floor":1,"key":"Energy Potion"},{"floor":4,"key":"LiquidBronze"},{"floor":6,"key":"HeartOfIron"},{"floor":23,"key":"Fire Potion"},{"floor":33,"key":"EntropicBrew"},{"floor":41,"key":"Fire Potion"}],"is_trial":false,"path_per_floor":["M","M","M","M","?","E","R","E","T","R","$","R","R","M","R","B",null,"M","?","$","M","?","E","?","R","T","R","R","T","E","$","R","B",null,"M","$","?","?","?","E","M","R","T","R","T","R","E","?","R","B",null],"character_chosen":"IRONCLAD","items_purchased":["Swift Strike","DollysMirror","Rage","Explosive Potion","ColorlessPotion"],"campfire_rested":2,"item_purchase_floors":[11,20,31,31,31],"current_hp_per_floor":[80,80,80,80,80,74,74,78,78,78,78,78,78,80,80,80,80,78,78,78,66,66,46,48,48,53,53,53,58,51,51,75,75,80,80,80,80,80,80,73,55,55,55,55,55,55,30,30,58,23],"gold":184,"neow_bonus":"","is_daily":true,"chose_seed":false,"campfire_upgraded":11,"win_rate":0.0,"timestamp":1610956905,"path_taken":["M","?","M","M","?","E","R","E","T","R","$","R","R","M","R","BOSS","M","?","$","M","?","E","?","R","T","R","R","?","E","$","R","BOSS","M","$","?","?","?","E","M","R","T","R","?","R","E","?","R","BOSS"],"items_purchased_type":["Card","Relic","Card","Potion","Potion"],"build_version":"2020-12-22","purchased_purges":2,"victory":true,"max_hp_per_floor":[80,80,80,80,80,80,80,80,80,80,80,80,80,80,80,80,80,80,80,80,80,80,80,80,80,80,80,80,80,80,80,80,80,80,80,80,80,80,80,94,94,94,94,94,94,94,94,94,94,94],"card_choices":[{"not_picked":["Second Wind","True Grit"],"picked":"Rampage","floor":0},{"not_picked":["Metallicize","Feel No Pain"],"picked":"Cleave","floor":0},{"not_picked":["Flex","Anger"],"picked":"Hemokinesis","floor":0},{"not_picked":["Twin Strike","Clash"],"picked":"Armaments","floor":0},{"not_picked":["Sword Boomerang","Hemokinesis"],"picked":"Armaments","floor":0},{"not_picked":["Inflame","Sentinel"],"picked":"Cleave","floor":0},{"not_picked":["Wild Strike","Entrench"],"picked":"Iron Wave","floor":0},{"not_picked":["True Grit","Cleave"],"picked":"Heavy Blade","floor":0},{"not_picked":["Dual Wield","Cleave"],"picked":"Thunderclap","floor":0},{"not_picked":["Dropkick","Armaments"],"picked":"Flex","floor":0},{"not_picked":["Feel No Pain","Anger"],"picked":"True Grit","floor":0},{"not_picked":["Sentinel","Clothesline"],"picked":"Anger","floor":0},{"not_picked":["Armaments","Anger"],"picked":"True Grit","floor":0},{"not_picked":["Armaments","Flex"],"picked":"Wild Strike","floor":0},{"not_picked":["Warcry","Bloodletting"],"picked":"Shrug It Off","floor":0},{"not_picked":["True Grit","Cleave"],"picked":"Body Slam","floor":1},{"not_picked":["Flex","Anger"],"picked":"Wild Strike","floor":2},{"not_picked":["Seeing Red","Evolve"],"picked":"Pommel Strike","floor":3},{"not_picked":["Pommel Strike","Searing Blow"],"picked":"Shrug It Off","floor":4},{"not_picked":["Juggernaut","Heavy Blade"],"picked":"Barricade","floor":6},{"not_picked":["Metallicize","Clash","Thunderclap"],"picked":"SKIP","floor":8},{"not_picked":["Body Slam","Hemokinesis"],"picked":"Limit Break","floor":14},{"not_picked":["Impervious","Brutality"],"picked":"Immolate","floor":16},{"not_picked":["Iron Wave","Fire Breathing","Clash"],"picked":"SKIP","floor":18},{"not_picked":["Sword Boomerang","Anger"],"picked":"Disarm","floor":21},{"not_picked":["Intimidate","Cleave+1","Perfected Strike"],"picked":"SKIP","floor":23},{"not_picked":["Heavy Blade+1","Clash"],"picked":"Ghostly Armor","floor":24},{"not_picked":["Shrug It Off","Hemokinesis","Armaments+1"],"picked":"SKIP","floor":30},{"not_picked":["Limit Break","Brutality"],"picked":"Double Tap","floor":33},{"not_picked":["Clash","Sword Boomerang+1"],"picked":"Pommel Strike+1","floor":35},{"not_picked":["Burning Pact+1","Infernal Blade"],"picked":"Clothesline","floor":40},{"not_picked":["Thunderclap","Armaments+1","Perfected Strike+1"],"picked":"SKIP","floor":41},{"not_picked":["Juggernaut","Power Through","Whirlwind+1"],"picked":"SKIP","floor":47}],"player_experience":330464,"relics_obtained":[{"floor":6,"key":"Juzu Bracelet"},{"floor":8,"key":"Tiny Chest"},{"floor":9,"key":"Boot"},{"floor":23,"key":"Bird Faced Urn"},{"floor":24,"key":"Red Mask"},{"floor":26,"key":"Omamori"},{"floor":29,"key":"Happy Flower"},{"floor":30,"key":"Lantern"},{"floor":38,"key":"Pocketwatch"},{"floor":40,"key":"Mango"},{"floor":43,"key":"Darkstone Periapt"},{"floor":45,"key":"HornCleat"},{"floor":47,"key":"PreservedInsect"}],"event_choices":[{"damage_healed":0,"gold_gain":0,"player_choice":"Take Wound","damage_taken":0,"relics_obtained":["Golden Idol"],"max_hp_gain":0,"max_hp_loss":0,"event_name":"Golden Idol","floor":5,"gold_loss":0,"cards_obtained":["Injury"]},{"damage_healed":0,"gold_gain":0,"player_choice":"Ignored","damage_taken":0,"max_hp_gain":0,"max_hp_loss":0,"event_name":"Vampires","floor":19,"gold_loss":0},{"damage_healed":0,"gold_gain":0,"player_choice":"Gave Idol","damage_taken":0,"relics_obtained":["Bloody Idol"],"max_hp_gain":0,"max_hp_loss":0,"event_name":"Forgotten Altar","floor":22,"relics_lost":["Golden Idol"],"gold_loss":0},{"damage_healed":0,"gold_gain":0,"player_choice":"Fought Bandits","damage_taken":0,"max_hp_gain":0,"max_hp_loss":0,"event_name":"Masked Bandits","floor":24,"gold_loss":0},{"damage_healed":0,"gold_gain":0,"player_choice":"Forge","damage_taken":0,"max_hp_gain":0,"max_hp_loss":0,"event_name":"Accursed Blacksmith","floor":37,"gold_loss":0,"cards_upgraded":["Double Tap"]},{"damage_healed":0,"gold_gain":0,"player_choice":"Fight","damage_taken":0,"max_hp_gain":0,"max_hp_loss":0,"event_name":"Mysterious Sphere","floor":38,"gold_loss":0},{"damage_healed":0,"gold_gain":0,"player_choice":"Upgraded","damage_taken":0,"max_hp_gain":0,"max_hp_loss":0,"event_name":"Upgrade Shrine","floor":39,"gold_loss":0,"cards_upgraded":["Rage"]},{"damage_healed":0,"gold_gain":0,"player_choice":"0 cards matched","damage_taken":0,"max_hp_gain":0,"max_hp_loss":0,"event_name":"Match and Keep!","floor":48,"gold_loss":0,"cards_obtained":[]}],"is_beta":false,"boss_relics":[{"not_picked":["Runic Dome","Sozu"],"picked":"Mark of Pain"},{"not_picked":["Velvet Choker","Coffee Dripper"],"picked":"Astrolabe"}],"items_purged_floors":[11,36],"is_endless":false,"potions_floor_spawned":[1,4,6,23,33,35,41],"ascension_level":0}}