{"host":"3j2m8n0ywf988fwb","time":1610992780,"event":{"mods":["BaseMod","Colored Map","Colored Powertips","Downfall","Highlight Path","Minty Spire (QoL Compilation)","StSLib"],"gold_per_floor":[99,99,110,127,145,145,171,171,230,257,272,272,285,285,298,397,397,322,355,355,355,369,400,452,466,484,484,484,499,509,524,535,637,637,637,737,310,327,346,346,346],"floor_reached":39,"language":"ENG","playtime":2429,"items_purged":[],"score":425,"play_id":"ea79c404-79d1-4ce1-81a2-49298b0221a5","local_time":"20210118115940","is_ascension_mode":false,"campfire_choices":[{"data":"hexamod:GhostOfSpireFuture","floor":1.0,"key":"SMITH"},{"data":"hexamod:Float","floor":6.0,"key":"SMITH"},{"data":"hexamod:GiftsFromTheDead","floor":18.0,"key":"SMITH"},{"data":"hexamod:ApocalypticArmor","floor":20.0,"key":"SMITH"},{"floor":27.0,"key":"REST"},{"floor":35.0,"key":"RECALL"}],"circlet_count":0,"master_deck":["hexamod:Defend","hexamod:Defend","hexamod:Defend+1","hexamod:Defend","hexamod:Sear+1","hexamod:Float+1","hexamod:GhostOfSpireFuture+1","hexamod:GhostShield","hexamod:GiftsFromTheDead+1","hexamod:FastForward","hexamod:VolcanoVisage","hexamod:NightmareStrike","hexamod:Hexaguard","Neutralize+1","hexamod:GhostLash+1","hexamod:ApocalypticArmor+1","hexamod:NightmareGuise","hexamod:SkipABeat","hexamod:AdvancingGuard","hexamod:ShieldOfDarkness","hexamod:SpectersWail","hexamod:StepThrough","hexamod:TimeWarp","hexamod:EtherealExpedition","hexamod:FastForward","hexamod:FourthSeal"],"relics":["hexamod:SpiritBrand","Happy Flower","Orichalcum","War Paint","expansioncontent:StudyCardRelic","downfall:HeartBlessingGreen","Omamori","Nunchaku","Bag of Marbles","Empty Cage","downfall:GremlinWheel","Membership Card","Bottled Flame","Toy Ornithopter"],"acts_visited":["Exordium","TheCity","TheBeyond"],"potions_floor_usage":[],"damage_taken":[{"damage":0.0,"enemies":"2 Louse","floor":3.0,"turns":5.0},{"damage":0.0,"enemies":"Cultist","floor":4.0,"turns":3.0},{"damage":0.0,"enemies":"Jaw Worm","floor":5.0,"turns":4.0},{"damage":17.0,"enemies":"3 Sentries","floor":9.0,"turns":9.0},{"damage":38.0,"enemies":"Gremlin Nob","floor":10.0,"turns":5.0},{"damage":7.0,"enemies":"Large Slime","floor":11.0,"turns":6.0},{"damage":4.0,"enemies":"2 Fungi Beasts","floor":13.0,"turns":4.0},{"damage":0.0,"enemies":"3 Louse","floor":15.0,"turns":3.0},{"damage":9.0,"enemies":"downfall:Ironclad","floor":16.0,"turns":9.0},{"damage":3.0,"enemies":"Book of Stabbing","floor":19.0,"turns":6.0},{"damage":11.0,"enemies":"3 Byrds","floor":22.0,"turns":6.0},{"damage":22.0,"enemies":"Gremlin Leader","floor":23.0,"turns":7.0},{"damage":6.0,"enemies":"Cultist and Chosen","floor":25.0,"turns":6.0},{"damage":5.0,"enemies":"Snecko","floor":26.0,"turns":4.0},{"damage":12.0,"enemies":"3 Cultists","floor":29.0,"turns":5.0},{"damage":0.0,"enemies":"Centurion and Healer","floor":30.0,"turns":4.0},{"damage":3.0,"enemies":"Snecko","floor":31.0,"turns":4.0},{"damage":10.0,"enemies":"Snake Plant","floor":32.0,"turns":4.0},{"damage":11.0,"enemies":"downfall:Watcher","floor":33.0,"turns":10.0},{"damage":0.0,"enemies":"downfall:Watcher","floor":36.0,"turns":4.0},{"damage":0.0,"enemies":"downfall:FleeingMerchant","floor":37.0,"turns":4.0},{"damage":14.0,"enemies":"3 Darklings","floor":38.0,"turns":6.0},{"damage":5.0,"enemies":"3 Shapes","floor":39.0,"turns":3.0}],"seed_played":"6913304355127783542","potions_obtained":[{"floor":4.0,"key":"FairyPotion"},{"floor":5.0,"key":"PowerPotion"},{"floor":9.0,"key":"Swift Potion"},{"floor":10.0,"key":"GamblersBrew"},{"floor":29.0,"key":"FairyPotion"}],"is_trial":false,"path_per_floor":["R","?","M","M","M","R","T","?","?","E","M","?","M","?","M","B",null,"R","E","R","?","M","E","T","M","M","R","?","M","M","M","M","B",null,"R","?","$","M","M"],"character_chosen":"THE_SPIRIT","items_purchased":["Membership Card","hexamod:FastForward","Bottled Flame","Toy Ornithopter","hexamod:FourthSeal"],"campfire_rested":1,"item_purchase_floors":[37,37,37,37,37],"current_hp_per_floor":[70,70,70,70,70,70,70,70,53,15,8,31,27,27,27,18,70,70,67,67,67,56,34,34,28,23,44,44,32,32,29,19,8,70,70,70,70,56,51,51,51],"gold":346,"neow_bonus":"THREE_CARDS","is_daily":false,"chose_seed":false,"campfire_upgraded":4,"win_rate":0.0,"timestamp":1610992780,"path_taken":["R","?","?","M","M","R","T","?","?","E","M","?","M","?","M","BOSS","R","E","R","?","M","E","T","M","?","R","?","?","?","M","M","BOSS","R","?","?","M","?"],"items_purchased_type":["Relic","Card","Relic","Relic","Card"],"build_version":"2020-12-22","purchased_purges":0,"victory":false,"max_hp_per_floor":[70,70,70,70,70,70,70,70,70,70,70,70,70,70,70,70,70,70,70,70,70,70,70,70,70,70,70,70,70,70,70,70,70,70,70,70,70,70,70,70,70],"card_choices":[{"not_picked":["hexamod:Firestarter","hexamod:NecessarySacrifice"],"picked":"hexamod:GhostOfSpireFuture","floor":0.0},{"not_picked":["hexamod:Firestarter","hexamod:ExtraCrispy"],"picked":"hexamod:GhostShield","floor":3.0},{"not_picked":["hexamod:NightmareGuise","hexamod:PhantomFireball"],"picked":"hexamod:SwordOfDarkness","floor":4.0},{"not_picked":["hexamod:HeatCrush","hexamod:FourthSeal","hexamod:HeatShield"],"picked":"SKIP","floor":5.0},{"not_picked":["hexamod:BurningTouch","hexamod:SpectersWail"],"picked":"hexamod:FastForward","floor":9.0},{"not_picked":["hexamod:NightmareStrike","hexamod:HauntingEcho"],"picked":"hexamod:VolcanoVisage","floor":10.0},{"not_picked":["hexamod:BurningTouch","hexamod:RainOfEmbers"],"picked":"hexamod:NightmareStrike","floor":11.0},{"not_picked":["hexamod:InspiringFlames","hexamod:NightmareStrike"],"picked":"hexamod:Hexaguard","floor":13.0},{"not_picked":["hexamod:ThermalTransfer","hexamod:RadiantFlame"],"picked":"hexamod:GhostLash","floor":15.0},{"not_picked":["hexamod:Toasty","hexamod:EmpoweringStance"],"picked":"hexamod:ApocalypticArmor","floor":16.0},{"not_picked":["hexamod:TimeOfNeed","hexamod:Incineration"],"picked":"hexamod:NightmareStrike","floor":19.0},{"not_picked":["hexamod:SpectralAdrenaline","hexamod:SpectralSpark"],"picked":"hexamod:NightmareGuise","floor":22.0},{"not_picked":["hexamod:GhostflameInferno","hexamod:Again","hexamod:InspiringFlames"],"picked":"SKIP","floor":23.0},{"not_picked":["hexamod:Again","hexamod:NightmareGuise"],"picked":"hexamod:SkipABeat","floor":25.0},{"not_picked":["hexamod:FastForward","hexamod:Firestarter"],"picked":"hexamod:AdvancingGuard","floor":26.0},{"not_picked":["hexamod:Hexaguard","hexamod:Firestarter"],"picked":"hexamod:SpectersWail","floor":29.0},{"not_picked":["hexamod:ChargedBarrage","hexamod:Haunt","hexamod:InspiringFlames"],"picked":"SKIP","floor":30.0},{"not_picked":["hexamod:Firestarter","hexamod:SwordOfDarkness"],"picked":"hexamod:StepThrough","floor":31.0},{"not_picked":["hexamod:RetreatToShadows","hexamod:ThermalTransfer","hexamod:ChargedBarrage"],"picked":"SKIP","floor":32.0},{"not_picked":["hexamod:SearingWound","hexamod:CrushingStance"],"picked":"hexamod:TimeWarp","floor":33.0},{"not_picked":["hexamod:GhostOfSpirePresent","hexamod:FirstSeal"],"picked":"hexamod:EtherealExpedition","floor":37.0},{"not_picked":["hexamod:SkipABeat+1","hexamod:Firestarter","hexamod:HeatMetal"],"picked":"SKIP","floor":38.0}],"player_experience":967425,"relics_obtained":[{"floor":7.0,"key":"Happy Flower"},{"floor":9.0,"key":"Orichalcum"},{"floor":10.0,"key":"War Paint"},{"floor":19.0,"key":"Omamori"},{"floor":23.0,"key":"Nunchaku"},{"floor":24.0,"key":"Bag of Marbles"},{"floor":36.0,"key":"downfall:GremlinWheel"}],"event_choices":[{"cards_removed":["hexamod:Strike"],"damage_healed":0.0,"max_hp_gain":0.0,"max_hp_loss":0.0,"gold_gain":0.0,"event_name":"Purifier","player_choice":"Purged","floor":2.0,"gold_loss":0.0,"damage_taken":0.0},{"damage_healed":0.0,"max_hp_gain":0.0,"max_hp_loss":0.0,"gold_gain":0.0,"cards_transformed":["hexamod:Strike"],"event_name":"Living Wall","player_choice":"Change","floor":8.0,"gold_loss":0.0,"damage_taken":0.0,"cards_obtained":["hexamod:GiftsFromTheDead"]},{"damage_healed":23.0,"max_hp_gain":0.0,"max_hp_loss":0.0,"gold_gain":0.0,"event_name":"Big Fish","player_choice":"Banana","floor":12.0,"gold_loss":0.0,"damage_taken":0.0},{"cards_removed":["hexamod:SwordOfDarkness"],"damage_healed":0.0,"max_hp_gain":0.0,"max_hp_loss":0.0,"gold_gain":0.0,"event_name":"NoteForYourself","player_choice":"Took Card","floor":14.0,"gold_loss":0.0,"damage_taken":0.0,"cards_obtained":["Neutralize"]},{"damage_healed":0.0,"max_hp_gain":0.0,"max_hp_loss":0.0,"gold_gain":0.0,"event_name":"Accursed Blacksmith","player_choice":"Forge","floor":21.0,"gold_loss":0.0,"damage_taken":0.0,"cards_upgraded":["hexamod:GhostLash"]},{"damage_healed":0.0,"max_hp_gain":0.0,"max_hp_loss":0.0,"gold_gain":0.0,"cards_transformed":["hexamod:Strike"],"event_name":"Transmorgrifier","player_choice":"Transformed","floor":28.0,"gold_loss":0.0,"damage_taken":0.0,"cards_obtained":["hexamod:ShieldOfDarkness"]}],"is_beta":false,"boss_relics":[{"not_picked":["Fusion Hammer","Runic Pyramid"],"picked":"expansioncontent:StudyCardRelic"},{"not_picked":["Busted Crown","Velvet Choker"],"picked":"Empty Cage"}],"items_purged_floors":[],"is_endless":false,"potions_floor_spawned":[4,5,9,10,16,19,23,25,29,38],"killed_by":"3 Shapes","ascension_level":0}}