{"host":"56ghxnzsglgdq727","time":1610951176,"event":{"mods":["AchievementEnabler","BaseMod","Downfall","Duelist Mod","Minty Spire (QoL Compilation)","Rare Cards Sparkle","StSLib","The Bug Knight","The Exalted","The Senshi","The Wild Card"],"gold_per_floor":[140,17,117,131,31,60,77,77,149,149,167,184,41,60,60,158,158,168,178,178,277,294,325,325,70,70,70,104,104,123,38,38,38,38],"floor_reached":33,"language":"ENG","playtime":1372,"items_purged":["theDuelist:Sparks","theDuelist:Sparks"],"score":399,"play_id":"5c6422cf-4214-4af8-af4d-aeec94578d72","local_time":"20210118012616","is_ascension_mode":true,"campfire_choices":[{"data":"theDuelist:LightningDarts","floor":8,"key":"SMITH"},{"floor":15,"key":"REST"},{"floor":24,"key":"REST"},{"floor":29,"key":"REST"},{"floor":32,"key":"REST"}],"circlet_count":0,"master_deck":["theDuelist:CastleWalls+1","theDuelist:CastleWalls","theDuelist:DarkMagician","theDuelist:MysticalElf","theDuelist:MysticalElf","theDuelist:NeoMagic","theDuelist:NeoMagic","theDuelist:Sparks","theDuelist:SangaWater","theDuelist:PotGreed+1","theDuelist:DarkMagician","theDuelist:DarkMagicianGirl","theDuelist:LightningDarts+2","theDuelist:RainbowMagician","theDuelist:ThousandEyesRestrict","theDuelist:RainbowMagician","theDuelist:GateGuardian+1"],"relics":["theDuelist:MillenniumPuzzle","theDuelist:CardPoolRelic","theDuelist:CardPoolBasicRelic","theDuelist:BoosterPackPoolRelic","theDuelist:CardPoolAddRelic","theDuelist:CardPoolMinusRelic","theDuelist:CardPoolSaveRelic","theDuelist:CardPoolOptionsRelic","theDuelist:PointPass","Mummified Hand","Dream Catcher","Bottled Flame","theDuelist:SpellcasterOrb","Inserter","Toxic Egg 2","Snake Skull","White Beast Statue","War Paint","Akabeko","Frozen Egg 2"],"acts_visited":["Exordium","TheCity"],"potions_floor_usage":[6,16,16,22,23,28,30,33],"damage_taken":[{"damage":0,"enemies":"Cultist","floor":1,"turns":4},{"damage":4,"enemies":"Jaw Worm","floor":4,"turns":4},{"damage":20,"enemies":"3 Sentries","floor":6,"turns":11},{"damage":0,"enemies":"2 Louse","floor":7,"turns":3},{"damage":0,"enemies":"2 Fungi Beasts","floor":11,"turns":3},{"damage":2,"enemies":"Blue Slaver","floor":12,"turns":5},{"damage":0,"enemies":"3 Louse","floor":14,"turns":1},{"damage":20,"enemies":"Slime Boss","floor":16,"turns":7},{"damage":0,"enemies":"3 Byrds","floor":18,"turns":2},{"damage":15,"enemies":"Shell Parasite","floor":19,"turns":7},{"damage":38,"enemies":"Sentry and Sphere","floor":22,"turns":6},{"damage":13,"enemies":"HollowMod:Nosk","floor":23,"turns":8},{"damage":10,"enemies":"theDuelist:KaibaA2","floor":28,"turns":9},{"damage":33,"enemies":"Chosen and Byrds","floor":30,"turns":6},{"damage":53,"enemies":"Automaton","floor":33,"turns":6}],"seed_played":"-8993623828897160663","potions_obtained":[{"floor":1,"key":"theDuelist:VoidBottle"},{"floor":4,"key":"SpeedPotion"},{"floor":6,"key":"theDuelist:LavaBottle"},{"floor":14,"key":"theDuelist:FreezingPotion"},{"floor":16,"key":"theDuelist:SealedPack"},{"floor":23,"key":"Block Potion"},{"floor":28,"key":"theDuelist:BigTributeBottle"},{"floor":30,"key":"Weak Potion"}],"is_trial":false,"path_per_floor":["M","$","?","M","$","E","M","R","T","?","M","M","$","M","R","B",null,"M","M","T","?","M","E","R","$","T","$","E","R","M","?","R","B"],"character_chosen":"THE_DUELIST","items_purchased":["theDuelist:PointPass","Mummified Hand","theDuelist:SpellcasterOrb","White Beast Statue"],"campfire_rested":4,"item_purchase_floors":[2,2,13,25],"current_hp_per_floor":[72,72,72,68,68,48,48,48,48,48,48,46,46,46,70,50,73,73,58,58,58,20,7,31,31,31,31,21,45,12,12,36,0,0],"gold":38,"neow_bonus":"ONE_RANDOM_RARE_CARD","is_daily":false,"chose_seed":false,"campfire_upgraded":1,"win_rate":0.0,"timestamp":1610951176,"path_taken":["M","$","?","M","$","E","?","R","T","?","M","M","$","M","R","BOSS","M","?","?","?","M","E","R","$","T","?","E","R","M","?","R","BOSS"],"items_purchased_type":["Relic","Relic","Relic","Relic"],"build_version":"2020-12-22","purchased_purges":2,"victory":false,"max_hp_per_floor":[80,80,80,80,80,80,80,80,80,80,80,80,80,80,80,80,80,80,80,80,80,80,80,80,80,80,80,80,80,80,80,80,80,80],"card_choices":[{"not_picked":["theDuelist:DarklordSuperbia","theDuelist:GemElephant","theDuelist:CastleDarkIllusions","theDuelist:WeepingIdol"],"picked":"theDuelist:PotGreed","floor":1},{"not_picked":["theDuelist:BlizzardWarrior","theDuelist:NeoMagic","theDuelist:InjectionFairy","theDuelist:CosmicHorrorGangiel"],"picked":"theDuelist:DarkMagician","floor":4},{"not_picked":["theDuelist:BlizzardWarrior","theDuelist:MysticalElf","theDuelist:PowerKaishin","theDuelist:IcyCrevasse"],"picked":"theDuelist:DarkMagicianGirl","floor":6},{"not_picked":["theDuelist:BattleguardKing","theDuelist:Sangan","theDuelist:WingedKuriboh","theDuelist:MillenniumGolem"],"picked":"theDuelist:LightningDarts","floor":7},{"not_picked":["theDuelist:MagiciansRod","theDuelist:VoidExpansion","theDuelist:TimeWizard","theDuelist:Yami"],"picked":"SKIP","floor":11},{"not_picked":["theDuelist:DarkMagician","theDuelist:CallAtlanteans","theDuelist:ThousandEyesIdol","theDuelist:PowerKaishin","theDuelist:Mudballman"],"picked":"SKIP","floor":12},{"not_picked":["theDuelist:AttackTheMoon","theDuelist:GauntletWarrior","theDuelist:LightningVortex","theDuelist:BattleguardKing","theDuelist:Mudora"],"picked":"SKIP","floor":14},{"not_picked":["theDuelist:RainbowDarkDragon","theDuelist:IrisEarthMother","theDuelist:RainbowKuriboh","theDuelist:RainbowOverdragon"],"picked":"theDuelist:RainbowMagician","floor":16},{"not_picked":["theDuelist:Wildfire+1","theDuelist:QueenDragunDjinn+1","theDuelist:SwordsRevealing","theDuelist:SwordsBurning"],"picked":"theDuelist:ThousandEyesRestrict","floor":18},{"not_picked":["theDuelist:GraniteLoyalist","theDuelist:MudragonSwamp","theDuelist:Sangan","theDuelist:WingedKuriboh","theDuelist:Mudora"],"picked":"SKIP","floor":19},{"not_picked":["theDuelist:VoidVanishment","theDuelist:ThousandEyesRestrict+1","theDuelist:SwordsBurning+1","theDuelist:SangaWater"],"picked":"theDuelist:RainbowMagician","floor":22},{"not_picked":["theDuelist:SpellShatteringArrow+1","theDuelist:PowerKaishin+1","theDuelist:MagiciansRobe+1","theDuelist:Yami+1","theDuelist:MagiciansRod"],"picked":"SKIP","floor":23},{"not_picked":["theDuelist:ExodiaRA","theDuelist:SangaWater+1"],"picked":"theDuelist:GateGuardian+1","floor":28},{"not_picked":["theDuelist:CosmicHorrorGangiel","theDuelist:Wildfire","theDuelist:GateGuardian"],"picked":"SKIP","floor":30}],"player_experience":283535,"relics_obtained":[{"floor":6,"key":"Dream Catcher"},{"floor":9,"key":"Bottled Flame"},{"floor":20,"key":"Toxic Egg 2"},{"floor":23,"key":"Snake Skull"},{"floor":26,"key":"War Paint"},{"floor":28,"key":"Akabeko"}],"event_choices":[{"damage_healed":0,"gold_gain":100,"player_choice":"Pray","damage_taken":0,"max_hp_gain":0,"max_hp_loss":0,"event_name":"Golden Shrine","floor":3,"gold_loss":0},{"damage_healed":0,"gold_gain":0,"player_choice":"Forge","damage_taken":0,"max_hp_gain":0,"max_hp_loss":0,"event_name":"Accursed Blacksmith","floor":10,"gold_loss":0,"cards_upgraded":["theDuelist:LightningDarts"]},{"damage_healed":0,"gold_gain":99,"player_choice":"Stole From Cult","damage_taken":0,"max_hp_gain":0,"max_hp_loss":0,"event_name":"Nest","floor":21,"gold_loss":0},{"damage_healed":0,"gold_gain":0,"player_choice":"Obtained Relic","damage_taken":0,"relics_obtained":["Frozen Egg 2"],"max_hp_gain":0,"max_hp_loss":0,"event_name":"Addict","floor":31,"gold_loss":85}],"is_beta":false,"boss_relics":[{"not_picked":["SacredBark","Bromod:ArcaneGrace"],"picked":"Inserter"}],"items_purged_floors":[2,5],"is_endless":false,"potions_floor_spawned":[1,4,6,14,16,23,28,30],"killed_by":"Automaton","ascension_level":8}}