{"host":"n605f8gctjc87d7h","time":1610991918,"event":{"mods":["Aspiration","Bard","BaseMod","Better Match","Better Note","Better Skull","Better Third Choice","Conspire","Halation","Infinite Spire","Minty Spire (QoL Compilation)","Replay The Spire","Retaliation","Shade Mod","Spicy Shops","StSLib","The IronCluck"],"gold_per_floor":[118,60,77,94,113,113,124,124,124,124,124,124,135,135,135,239,239,258,268,15,15,34,34,60,60,114,133,133,133,133,143,143,143,143],"floor_reached":33,"language":"ENG","playtime":1821,"items_purged":[],"score":411,"play_id":"ced5a116-23b9-49c7-8f96-ee47ca4e3c66","local_time":"20210118094518","is_ascension_mode":true,"campfire_choices":[{"floor":6,"key":"REST"},{"data":"Zap","floor":10,"key":"SMITH"},{"floor":12,"key":"REST"},{"data":"Loop","floor":15,"key":"SMITH"},{"floor":23,"key":"REST"},{"floor":29,"key":"REST"},{"floor":32,"key":"REST"}],"circlet_count":0,"master_deck":["AscendersBane","Zap+1","Dualcast","Flash of Steel+1","Conserve Battery","Leap","Loop+1","Machine Learning","conspire:Rain","Double Energy","Echo Form","Core Surge","Conserve Battery","Chaos","All For One","Gash","Redo","FTL","infinitespire:Collect","Gash","Decay","conspire:Rain"],"relics":["Cracked Core","aspiration:ChemicalBlood","halation:PinkSoulGem","Replay:Bottled Eggs","conspire:BottledYoYo","Pandora\u0027s Box","Shuriken","Bottled Flame","conspire:GlowingRock","Replay:Baseball"],"acts_visited":["Exordium","TheCity"],"potions_floor_usage":[7,13,16,16,18,19,22,24,27,31,33,33,33,33],"damage_taken":[{"damage":6,"enemies":"Jaw Worm","floor":1,"turns":4},{"damage":12,"enemies":"2 Louse","floor":3,"turns":3},{"damage":3,"enemies":"Cultist","floor":4,"turns":4},{"damage":9,"enemies":"Blue Slaver","floor":5,"turns":5},{"damage":3,"enemies":"3 Louse","floor":7,"turns":5},{"damage":0,"enemies":"Lots of Slimes","floor":13,"turns":5},{"damage":47,"enemies":"Hexaghost","floor":16,"turns":11},{"damage":14,"enemies":"3 Byrds","floor":18,"turns":3},{"damage":1,"enemies":"Chosen","floor":19,"turns":4},{"damage":11,"enemies":"Snecko","floor":22,"turns":5},{"damage":32,"enemies":"Gremlin Leader","floor":24,"turns":6},{"damage":21,"enemies":"Centurion and Healer","floor":27,"turns":3},{"damage":23,"enemies":"Shelled Parasite and Fungi","floor":31,"turns":4},{"damage":52,"enemies":"conspire:MysteriousRune","floor":33,"turns":4}],"seed_played":"-1510164277482392398","potions_obtained":[{"floor":5,"key":"SteroidPotion"},{"floor":7,"key":"Adrenaline Potion"},{"floor":13,"key":"Elixir"},{"floor":16,"key":"Block Potion"},{"floor":18,"key":"LiquidMemories"},{"floor":24,"key":"Cursed Concoction"},{"floor":31,"key":"Dexterity Potion"},{"floor":33,"key":"PowerPotion"}],"is_trial":false,"path_per_floor":["M","$","M","M","M","R","M","?","T","R","?","R","M","?","R","B",null,"M","M","$","?","M","R","E","AVR","T","M","$","R","?","M","R","B"],"character_chosen":"DEFECT","items_purchased":["aspiration:ChemicalBlood","Shuriken"],"campfire_rested":5,"item_purchase_floors":[2,20],"current_hp_per_floor":[62,62,50,47,38,60,57,57,57,57,50,72,72,72,72,25,63,49,48,48,48,37,59,27,27,27,6,6,28,28,23,45,0,0],"gold":143,"neow_bonus":"RANDOM_COLORLESS","is_daily":false,"chose_seed":false,"campfire_upgraded":2,"win_rate":0.0,"timestamp":1610991918,"path_taken":["M","$","M","M","M","R","M","?","T","R","?","R","M","?","R","BOSS","M","?","$","?","M","R","E","AVR","T","M","$","R","?","M","R","BOSS"],"items_purchased_type":["Relic","Relic"],"build_version":"2020-12-22","purchased_purges":0,"victory":false,"max_hp_per_floor":[75,75,75,75,75,75,75,75,75,75,75,75,75,75,75,75,75,75,75,75,75,75,75,75,75,75,75,75,75,75,75,75,75,75],"card_choices":[{"not_picked":["Discovery","PanicButton"],"picked":"Flash of Steel","floor":0},{"not_picked":["Steam","Cold Snap"],"picked":"Conserve Battery","floor":1},{"not_picked":["Cold Snap","Redo"],"picked":"Leap","floor":3},{"not_picked":["Rip and Tear","Storm","Panic Button"],"picked":"SKIP","floor":4},{"not_picked":["Panic Button","Sweeping Beam","Rebound"],"picked":"SKIP","floor":5},{"not_picked":["Panic Button","Storm","Capacitor"],"picked":"SKIP","floor":7},{"not_picked":["Amplify","Doom and Gloom"],"picked":"Loop","floor":13},{"not_picked":["Amplify","Buffer"],"picked":"Machine Learning","floor":16},{"not_picked":["Consume","Coolheaded","Ball Lightning"],"picked":"SKIP","floor":18},{"not_picked":["ReplaySolidLightProjector","Barrage+1"],"picked":"Redo","floor":19},{"not_picked":["Cold Snap","BasicCrystalCard","Beam Cell"],"picked":"SKIP","floor":22},{"not_picked":["Streamline","Compile Driver"],"picked":"FTL","floor":24},{"not_picked":["Heatsinks","Streamline"],"picked":"Gash","floor":27},{"not_picked":["Self Repair","ReplayTheSpireMod:Omega Cannon"],"picked":"conspire:Rain","floor":31}],"player_experience":584533,"relics_obtained":[{"floor":9,"key":"Replay:Bottled Eggs"},{"floor":24,"key":"Bottled Flame"},{"floor":26,"key":"Replay:Baseball"}],"event_choices":[{"cards_removed":["Pain"],"damage_healed":0,"gold_gain":0,"player_choice":"Card Removal","damage_taken":7,"max_hp_gain":0,"max_hp_loss":0,"event_name":"Golden Wing","floor":11,"gold_loss":0},{"damage_healed":0,"gold_gain":0,"player_choice":"Gave Potion","damage_taken":0,"relics_obtained":["conspire:BottledYoYo"],"max_hp_gain":0,"max_hp_loss":0,"event_name":"WeMeetAgain","floor":14,"gold_loss":0},{"damage_healed":0,"gold_gain":0,"player_choice":"Leave","damage_taken":0,"max_hp_gain":0,"max_hp_loss":0,"event_name":"conspire:Investor","floor":21,"gold_loss":0},{"damage_healed":0,"gold_gain":0,"player_choice":"Smashed Altar","damage_taken":0,"max_hp_gain":0,"max_hp_loss":0,"event_name":"Forgotten Altar","floor":30,"gold_loss":0,"cards_obtained":["Decay"]}],"is_beta":false,"boss_relics":[{"not_picked":["Replay:Drink Me","aspiration:FutureDiary"],"picked":"Pandora\u0027s Box"}],"items_purged_floors":[],"is_endless":false,"potions_floor_spawned":[5,7,13,18,24],"killed_by":"conspire:MysteriousRune","ascension_level":12}}