{"host":"f5gffvlv6a66yqkd","time":1610995354,"event":{"mods":["2.2 Compatiblity","Alarm Clock","BaseMod","Colored Map","Custom Start","DeckTracker","Keyboard Shortcuts","Minty Spire (QoL Compilation)","Permanent Neow","Quick Restart","Relic Stats","StSLib","SuperFastMode"],"gold_per_floor":[115,115,135,135,160,160,160,175,175,175,199,199,213,238,238,337,337,350,350,365,49,73,73,73,18,18,18,36,36,36,36,36,36,36],"floor_reached":33,"language":"KOR","playtime":589,"items_purged":["Strike_G"],"score":474,"play_id":"ef6f1fab-5ddb-4836-8ed9-83ebd962a64d","local_time":"20210119034234","is_ascension_mode":true,"campfire_choices":[{"data":"Deadly Poison","floor":7,"key":"SMITH"},{"floor":10,"key":"REST"},{"data":"Leg Sweep","floor":12,"key":"SMITH"},{"data":"Poisoned Stab","floor":15,"key":"SMITH"},{"data":"Bane","floor":23,"key":"SMITH"},{"floor":27,"key":"DIG"},{"floor":29,"key":"DIG"},{"floor":32,"key":"REST"}],"circlet_count":0,"master_deck":["AscendersBane","Strike_G","Strike_G","Strike_G","Strike_G","Defend_G","Defend_G","Defend_G","Defend_G","Defend_G","Survivor","Neutralize","Crippling Poison+1","Poisoned Stab+1","Deadly Poison+1","Leg Sweep+1","Backstab","Venomology","Backflip","Tactician","Bane+1","Acrobatics"],"relics":["Ring of the Serpent","NeowsBlessing","Golden Idol","Bronze Scales","TheAbacus","Pear","Shovel","Bag of Marbles","Potion Belt"],"acts_visited":["Exordium","TheCity"],"potions_floor_usage":[16,18,22,22,22,22,28,33,33,33],"damage_taken":[{"damage":0.0,"enemies":"Jaw Worm","floor":1.0,"turns":1.0},{"damage":0.0,"enemies":"Cultist","floor":3.0,"turns":1.0},{"damage":0.0,"enemies":"2 Louse","floor":5.0,"turns":1.0},{"damage":9,"enemies":"Red Slaver","floor":8,"turns":4},{"damage":5,"enemies":"Exordium Wildlife","floor":11,"turns":3},{"damage":6,"enemies":"3 Louse","floor":13,"turns":2},{"damage":0,"enemies":"Looter","floor":14,"turns":3},{"damage":17,"enemies":"The Guardian","floor":16,"turns":8},{"damage":13,"enemies":"Spheric Guardian","floor":18,"turns":5},{"damage":3,"enemies":"3 Byrds","floor":20,"turns":3},{"damage":4,"enemies":"Cultist and Chosen","floor":22,"turns":7},{"damage":13,"enemies":"Sentry and Sphere","floor":28,"turns":5},{"damage":58,"enemies":"Automaton","floor":33,"turns":8}],"seed_played":"563532606491966898","potions_obtained":[{"floor":1.0,"key":"EntropicBrew"},{"floor":3.0,"key":"Poison Potion"},{"floor":20,"key":"ColorlessPotion"},{"floor":28,"key":"DistilledChaos"}],"is_trial":false,"path_per_floor":["M","?","M","?","M","?","R","M","T","R","M","R","M","M","R","B",null,"M","?","M","$","M","R","?","$","T","R","M","R","$","?","R","B"],"character_chosen":"THE_SILENT","items_purchased":["Tactician","TheAbacus","Acrobatics"],"campfire_rested":2,"item_purchase_floors":[21,21,25],"current_hp_per_floor":[59,50,50,27,27,27,27,18,18,37,32,32,26,26,26,9,52,39,39,36,36,32,32,42,42,42,42,29,29,29,29,51,0,0],"gold":36,"neow_bonus":"THREE_ENEMY_KILL","is_daily":false,"chose_seed":false,"campfire_upgraded":4,"win_rate":0.0,"timestamp":1610995354,"path_taken":["M","?","?","?","M","?","R","M","T","R","?","R","M","M","R","BOSS","M","?","M","$","M","R","?","?","T","R","M","R","$","?","R","BOSS"],"items_purchased_type":["Card","Relic","Card"],"build_version":"2020-12-22","purchased_purges":1,"victory":false,"max_hp_per_floor":[66,66,66,66,66,66,66,66,66,66,66,66,66,66,66,66,66,66,66,66,66,66,66,76,76,76,76,76,76,76,76,76,76,76],"relic_stats":{"TheAbacus":[36],"Shovel":2,"counters":[13,51],"Golden Idol":56,"Bronze Scales":[170],"obtain_stats":[{"Potion Belt":29,"TheAbacus":21,"Pear":24,"Shovel":26,"NeowsBlessing":0,"Golden Idol":4,"Bronze Scales":9,"Bag of Marbles":27,"Ring of the Serpent":17,"Ring of the Snake":0},{"Potion Belt":12,"TheAbacus":10,"Pear":11,"Shovel":11,"NeowsBlessing":0,"Golden Idol":2,"Bronze Scales":4,"Bag of Marbles":11,"Ring of the Serpent":8,"Ring of the Snake":0},{"Potion Belt":43,"TheAbacus":31,"Pear":38,"Shovel":38,"NeowsBlessing":0,"Golden Idol":2,"Bronze Scales":7,"Bag of Marbles":38,"Ring of the Serpent":23,"Ring of the Snake":0}]},"card_choices":[{"not_picked":["Riddle With Holes","Catalyst"],"picked":"Crippling Poison","floor":1.0},{"not_picked":["Slice","Deflect"],"picked":"Poisoned Stab","floor":3.0},{"not_picked":["Accuracy","Poisoned Stab"],"picked":"Deadly Poison","floor":5.0},{"not_picked":["Dagger Spray","Flying Knee","Sucker Punch"],"picked":"SKIP","floor":8},{"not_picked":["Blade Dance","Noxious Fumes"],"picked":"Leg Sweep","floor":11},{"not_picked":["Dagger Spray","Sucker Punch","Deflect"],"picked":"SKIP","floor":13},{"not_picked":["Blur","Dagger Throw"],"picked":"Backstab","floor":14},{"not_picked":["Bullet Time","Wraith Form v2"],"picked":"Venomology","floor":16},{"not_picked":["Prepared","All Out Attack"],"picked":"Backflip","floor":18},{"not_picked":["Concentrate","Deadly Poison","Crippling Poison"],"picked":"SKIP","floor":20},{"not_picked":["Flying Knee","Skewer"],"picked":"Bane","floor":22},{"not_picked":["Terror","Dagger Spray","Masterful Stab"],"picked":"SKIP","floor":28}],"player_experience":1598134,"relics_obtained":[{"floor":9,"key":"Bronze Scales"},{"floor":26,"key":"Shovel"},{"floor":27,"key":"Bag of Marbles"},{"floor":29,"key":"Potion Belt"}],"event_choices":[{"damage_healed":0.0,"max_hp_gain":0.0,"max_hp_loss":0.0,"gold_gain":0.0,"event_name":"Wheel of Change","player_choice":"Damaged","floor":2.0,"gold_loss":0.0,"damage_taken":9.0},{"damage_healed":0.0,"max_hp_gain":0.0,"max_hp_loss":0.0,"gold_gain":0.0,"event_name":"Golden Idol","player_choice":"Take Damage","floor":4.0,"gold_loss":0.0,"damage_taken":23.0,"relics_obtained":["Golden Idol"]},{"damage_healed":0,"gold_gain":0,"player_choice":"Forge","damage_taken":0,"max_hp_gain":0,"max_hp_loss":0,"event_name":"Accursed Blacksmith","floor":6,"gold_loss":0,"cards_upgraded":["Crippling Poison"]},{"damage_healed":0,"gold_gain":0,"player_choice":"Ignored","damage_taken":0,"max_hp_gain":0,"max_hp_loss":0,"event_name":"The Mausoleum","floor":19,"gold_loss":0},{"damage_healed":0,"gold_gain":0,"player_choice":"Stole Relic","damage_taken":0,"relics_obtained":["Pear"],"max_hp_gain":0,"max_hp_loss":0,"event_name":"Addict","floor":24,"gold_loss":0,"cards_obtained":["Shame"]},{"cards_removed":["Shame"],"damage_healed":0,"gold_gain":0,"player_choice":"Card Removal","damage_taken":0,"max_hp_gain":0,"max_hp_loss":0,"event_name":"Wheel of Change","floor":31,"gold_loss":0}],"is_beta":false,"boss_relics":[{"not_picked":["Snecko Eye","HoveringKite"],"picked":"Ring of the Serpent"}],"items_purged_floors":[21],"is_endless":false,"potions_floor_spawned":[1,3,5,20,28],"killed_by":"Automaton","ascension_level":20}}