{"host":"2ccem01eblg14btk","time":1610966847,"event":{"mods":["BaseMod","Colored Map","Minty Spire (QoL Compilation)","Quick Restart","StSLib"],"gold_per_floor":[365,385,403,34,34,34,53,53,123,133,150,182,182,182,182,259,259,279,90,109,123,123,123,157,192,192,204,204,204,239,338,338,416,416,432,432,432,432,142,142,142],"floor_reached":40,"language":"ENG","playtime":1456,"items_purged":["Normality","Defend_R"],"score":796,"play_id":"3bd6ebb4-aa2d-4217-8908-089d437f880b","local_time":"20210118114727","is_ascension_mode":true,"campfire_choices":[{"data":"Disarm","floor":6,"key":"SMITH"},{"data":"Disarm","floor":8,"key":"SMITH"},{"floor":13,"key":"REST"},{"data":"Body Slam","floor":15,"key":"SMITH"},{"data":"Bite","floor":23,"key":"SMITH"},{"data":"Feed","floor":29,"key":"SMITH"},{"data":"Bash","floor":32,"key":"SMITH"}],"circlet_count":0,"master_deck":["AscendersBane","Defend_R","Defend_R","Bash+1","Disarm+1","Disarm+1","Thunderclap","True Grit+1","Flame Barrier+1","Body Slam+1","Infernal Blade+1","Rage+1","Offering+1","CurseOfTheBell","Shrug It Off+1","Metallicize+1","Intimidate+1","Bite+1","Bite+1","Bite","Bite+1","Bite","Feed+1","Seeing Red+1","Double Tap+1","Immolate","Inflame+1"],"relics":["Burning Blood","Toxic Egg 2","Happy Flower","Frozen Egg 2","Juzu Bracelet","FaceOfCleric","Calling Bell","WingedGreaves","Pear","Oddly Smooth Stone","Lantern","Ginger","Boot","Smiling Mask","Singing Bowl","Meat on the Bone","Cursed Key","Membership Card","Whetstone"],"acts_visited":["Exordium","TheCity","TheBeyond"],"potions_floor_usage":[27,33,33],"damage_taken":[{"damage":16,"enemies":"Cultist","floor":1,"turns":4},{"damage":9,"enemies":"2 Louse","floor":2,"turns":4},{"damage":16,"enemies":"Jaw Worm","floor":3,"turns":5},{"damage":10,"enemies":"Red Slaver","floor":7,"turns":5},{"damage":2,"enemies":"Blue Slaver","floor":10,"turns":5},{"damage":26,"enemies":"3 Louse","floor":11,"turns":4},{"damage":14,"enemies":"Gremlin Nob","floor":12,"turns":4},{"damage":38,"enemies":"Hexaghost","floor":16,"turns":17},{"damage":20,"enemies":"Shell Parasite","floor":18,"turns":6},{"damage":6,"enemies":"3 Byrds","floor":20,"turns":5},{"damage":8,"enemies":"Centurion and Healer","floor":21,"turns":6},{"damage":9,"enemies":"Slavers","floor":24,"turns":9},{"damage":7,"enemies":"Book of Stabbing","floor":25,"turns":8},{"damage":34,"enemies":"3 Cultists","floor":27,"turns":7},{"damage":21,"enemies":"Slavers","floor":30,"turns":8},{"damage":34,"enemies":"Automaton","floor":33,"turns":12},{"damage":26,"enemies":"3 Shapes","floor":35,"turns":3},{"damage":112,"enemies":"Giant Head","floor":40,"turns":8}],"seed_played":"8938622722095760769","potions_obtained":[{"floor":3,"key":"Energy Potion"},{"floor":11,"key":"Swift Potion"},{"floor":16,"key":"PowerPotion"},{"floor":30,"key":"LiquidMemories"}],"is_trial":false,"path_per_floor":["M","M","M","$","T","R","M","R","T","M","M","E","R","?","R","B",null,"M","$","M","M","?","R","E","E","T","M","T","R","E","?","R","B",null,"M","?","?","?","$","E"],"character_chosen":"IRONCLAD","items_purchased":["Toxic Egg 2","True Grit+1","Lantern","Metallicize+1","Membership Card","Whetstone","Inflame+1"],"campfire_rested":1,"item_purchase_floors":[4,4,19,19,39,39,39],"current_hp_per_floor":[62,59,49,49,49,49,45,45,45,49,29,21,45,45,45,14,74,61,61,62,61,61,61,66,67,67,61,61,61,64,64,64,74,76,70,70,70,70,70,0,0],"gold":142,"neow_bonus":"TWO_FIFTY_GOLD","is_daily":false,"chose_seed":false,"campfire_upgraded":6,"win_rate":0.0,"timestamp":1610966847,"path_taken":["M","M","M","$","?","R","M","R","T","?","M","E","R","?","R","BOSS","M","?","M","M","?","R","E","E","T","M","?","R","E","?","R","BOSS","M","?","?","?","$","E"],"items_purchased_type":["Relic","Card","Relic","Card","Relic","Relic","Card"],"build_version":"2020-12-22","purchased_purges":2,"victory":false,"max_hp_per_floor":[80,80,80,80,80,80,80,80,80,80,80,80,80,80,80,81,91,92,92,93,94,65,65,66,67,67,71,71,71,76,76,76,77,77,84,84,80,80,80,80,80],"card_choices":[{"not_picked":["True Grit","Sword Boomerang"],"picked":"Disarm","floor":1},{"not_picked":["Clothesline","Entrench"],"picked":"Disarm","floor":2},{"not_picked":["Clash","Pommel Strike"],"picked":"Thunderclap","floor":3},{"not_picked":["Intimidate+1","Carnage"],"picked":"Flame Barrier+1","floor":7},{"not_picked":["Rage+1","Carnage"],"picked":"Body Slam","floor":10},{"not_picked":["Shrug It Off+1","Cleave"],"picked":"Infernal Blade+1","floor":11},{"not_picked":["Corruption+1","Cleave"],"picked":"Rage+1","floor":12},{"not_picked":["Double Tap+1","Fiend Fire"],"picked":"Offering+1","floor":16},{"not_picked":["Sentinel+1","Havoc+1"],"picked":"Shrug It Off+1","floor":18},{"not_picked":["Wild Strike","Warcry+1","Pommel Strike"],"picked":"SKIP","floor":20},{"not_picked":["Second Wind+1","Clothesline"],"picked":"Intimidate+1","floor":21},{"not_picked":["Sentinel+1","Cleave","Wild Strike"],"picked":"SKIP","floor":24},{"not_picked":["Heavy Blade","Fire Breathing+1"],"picked":"Feed","floor":25},{"not_picked":["Anger","Ghostly Armor+1"],"picked":"Seeing Red+1","floor":27},{"not_picked":["Seeing Red+1","Havoc+1"],"picked":"Double Tap+1","floor":30},{"not_picked":["Bludgeon","Exhume+1"],"picked":"Immolate","floor":33},{"not_picked":["Armaments+1","Sentinel+1","Headbutt"],"picked":"Singing Bowl","floor":35}],"player_experience":117549,"relics_obtained":[{"floor":5,"key":"Happy Flower"},{"floor":9,"key":"Frozen Egg 2"},{"floor":12,"key":"Juzu Bracelet"},{"floor":17,"key":"WingedGreaves"},{"floor":17,"key":"Pear"},{"floor":17,"key":"Oddly Smooth Stone"},{"floor":24,"key":"Ginger"},{"floor":25,"key":"Boot"},{"floor":26,"key":"Smiling Mask"},{"floor":28,"key":"Singing Bowl"},{"floor":30,"key":"Meat on the Bone"}],"event_choices":[{"damage_healed":0,"gold_gain":0,"player_choice":"Trade","damage_taken":0,"relics_obtained":["FaceOfCleric"],"max_hp_gain":0,"max_hp_loss":0,"event_name":"FaceTrader","floor":14,"gold_loss":0},{"damage_healed":0,"gold_gain":0,"player_choice":"Became a vampire","damage_taken":0,"max_hp_gain":0,"max_hp_loss":29,"event_name":"Vampires","floor":22,"gold_loss":0,"cards_obtained":["Bite","Bite","Bite","Bite","Bite"]},{"damage_healed":0,"gold_gain":99,"player_choice":"Stole From Cult","damage_taken":0,"max_hp_gain":0,"max_hp_loss":0,"event_name":"Nest","floor":31,"gold_loss":0},{"cards_removed":["Defend_R"],"damage_healed":0,"gold_gain":0,"player_choice":"Offered Basic","damage_taken":0,"max_hp_gain":0,"max_hp_loss":0,"event_name":"Bonfire Elementals","floor":36,"gold_loss":0},{"damage_healed":0,"gold_gain":0,"player_choice":"Max HP","damage_taken":0,"max_hp_gain":0,"max_hp_loss":4,"event_name":"Winding Halls","floor":37,"gold_loss":0},{"damage_healed":0,"gold_gain":0,"player_choice":"Ignored","damage_taken":0,"max_hp_gain":0,"max_hp_loss":0,"event_name":"SecretPortal","floor":38,"gold_loss":0}],"is_beta":false,"boss_relics":[{"not_picked":["Tiny House","Astrolabe"],"picked":"Calling Bell"},{"not_picked":["Pandora\u0027s Box","Black Star"],"picked":"Cursed Key"}],"items_purged_floors":[4,39],"is_endless":false,"potions_floor_spawned":[3,11,16,20,21,24,30],"killed_by":"Giant Head","ascension_level":13}}