{"host":"at8674jmuidj9jgx","time":1610975858,"event":{"mods":["AchievementEnabler","BaseMod","Colored Map","Colored Powertips","Minty Spire (QoL Compilation)","SuperFastMode"],"gold_per_floor":[109,58,69,81,99,129,129,140,167,167,196,196,210,54,54,157,157,174,174,192,192,209,241,241,266,266,266,266,281,315,24,24,24,24],"floor_reached":33,"language":"ENG","playtime":3092,"items_purged":[],"score":335,"play_id":"d3bb2fdc-f93a-4460-b757-ce7d5bedef2e","local_time":"20210118161738","is_ascension_mode":false,"campfire_choices":[{"floor":7,"key":"REST"},{"floor":10,"key":"REST"},{"floor":15,"key":"REST"},{"floor":24,"key":"REST"},{"floor":28,"key":"REST"},{"floor":32,"key":"REST"}],"circlet_count":0,"master_deck":["Strike_G","Strike_G","Strike_G","Strike_G","Strike_G","Defend_G","Defend_G","Defend_G","Defend_G","Defend_G","Survivor","Neutralize","Infinite Blades","Cloak And Dagger","Sucker Punch","Choke","Cloak And Dagger","Finisher","Distraction","Endless Agony","Regret","Tools of the Trade","CurseOfTheBell","Backstab","Infinite Blades","Acrobatics+1","Blade Dance","Blade Dance","Finisher","Blade Dance","Ghostly","Ghostly","Ghostly","Ghostly","Ghostly","Cloak And Dagger","Riddle With Holes","Dash","Outmaneuver+1","Acrobatics+1","Leg Sweep+1"],"relics":["Fusion Hammer","Bottled Tornado","Oddly Smooth Stone","Odd Mushroom","Toy Ornithopter","Lantern","Calling Bell","Bronze Scales","Pear","Prayer Wheel","Dream Catcher","Darkstone Periapt","Gambling Chip","Blue Candle","Red Mask","Toxic Egg 2"],"acts_visited":["Exordium","TheCity"],"potions_floor_usage":[6,20,25,29],"damage_taken":[{"damage":0,"enemies":"Cultist","floor":1,"turns":5},{"damage":0,"enemies":"2 Louse","floor":3,"turns":3},{"damage":6,"enemies":"Jaw Worm","floor":4,"turns":4},{"damage":0,"enemies":"Large Slime","floor":5,"turns":5},{"damage":22,"enemies":"3 Sentries","floor":6,"turns":5},{"damage":11,"enemies":"Lots of Slimes","floor":8,"turns":4},{"damage":0,"enemies":"The Mushroom Lair","floor":11,"turns":3},{"damage":11,"enemies":"Looter","floor":13,"turns":3},{"damage":18,"enemies":"Slime Boss","floor":16,"turns":8},{"damage":4,"enemies":"Chosen","floor":18,"turns":4},{"damage":2,"enemies":"3 Byrds","floor":20,"turns":3},{"damage":17,"enemies":"Cultist and Chosen","floor":22,"turns":6},{"damage":23,"enemies":"Book of Stabbing","floor":23,"turns":6},{"damage":28,"enemies":"Gremlin Leader","floor":25,"turns":4},{"damage":9,"enemies":"Shelled Parasite and Fungi","floor":29,"turns":4},{"damage":4,"enemies":"Masked Bandits","floor":30,"turns":6},{"damage":57,"enemies":"Automaton","floor":33,"turns":8}],"seed_played":"3776606246034460139","potions_obtained":[{"floor":5,"key":"CultistPotion"},{"floor":8,"key":"GhostInAJar"},{"floor":11,"key":"FairyPotion"},{"floor":16,"key":"Swift Potion"},{"floor":25,"key":"PowerPotion"},{"floor":30,"key":"Weak Potion"}],"is_trial":false,"path_per_floor":["M","$","M","M","M","E","R","M","T","R","?","?","M","$","R","B",null,"M","?","M","?","M","E","R","E","T","?","R","M","?","$","R","B"],"character_chosen":"THE_SILENT","items_purchased":["Cloak And Dagger","Lantern","Toxic Egg 2","Acrobatics+1"],"campfire_rested":6,"item_purchase_floors":[2,14,31,31],"current_hp_per_floor":[70,70,70,64,64,42,63,52,52,70,70,70,59,59,70,52,80,76,76,78,78,61,38,62,39,39,39,40,31,27,27,39,0,0],"gold":24,"neow_bonus":"BOSS_RELIC","is_daily":false,"chose_seed":false,"campfire_upgraded":0,"win_rate":0.0,"timestamp":1610975858,"path_taken":["M","?","M","M","M","E","R","M","T","R","?","?","M","?","R","BOSS","M","?","?","?","M","E","R","E","T","?","R","M","?","$","R","BOSS"],"items_purchased_type":["Card","Relic","Relic","Card"],"build_version":"2020-12-22","purchased_purges":0,"victory":false,"max_hp_per_floor":[70,70,70,70,70,70,70,70,70,70,70,70,70,70,70,70,80,80,80,80,80,80,80,80,80,80,40,40,40,40,40,40,40,40],"card_choices":[{"not_picked":["Flying Knee","Expertise"],"picked":"Infinite Blades","floor":1},{"not_picked":["PiercingWail","Dagger Spray"],"picked":"Sucker Punch","floor":3},{"not_picked":["Prepared","Eviscerate"],"picked":"Choke","floor":4},{"not_picked":["Sucker Punch","Distraction"],"picked":"Cloak And Dagger","floor":5},{"not_picked":["Dagger Spray","Endless Agony"],"picked":"Finisher","floor":6},{"not_picked":["Slice","Prepared"],"picked":"Distraction","floor":8},{"not_picked":["Underhanded Strike","Bane"],"picked":"Endless Agony","floor":11},{"not_picked":["Dagger Spray","Footwork","Masterful Stab"],"picked":"SKIP","floor":13},{"not_picked":["Envenom","Doppelganger"],"picked":"Tools of the Trade","floor":16},{"not_picked":["Masterful Stab","Sucker Punch"],"picked":"Backstab","floor":18},{"not_picked":["Blur","Bane","Footwork"],"picked":"SKIP","floor":18},{"not_picked":["Riddle With Holes","Choke"],"picked":"Infinite Blades","floor":20},{"not_picked":["Cloak And Dagger","Choke+1"],"picked":"Acrobatics+1","floor":20},{"not_picked":["Deadly Poison+1","Dodge and Roll"],"picked":"Blade Dance","floor":22},{"not_picked":["Deadly Poison","Dagger Spray","PiercingWail"],"picked":"SKIP","floor":22},{"not_picked":["Expertise+1","Bane"],"picked":"Blade Dance","floor":23},{"not_picked":["Backflip","Doppelganger"],"picked":"Finisher","floor":24},{"not_picked":["Poisoned Stab+1","Bane+1"],"picked":"Blade Dance","floor":25},{"not_picked":["Endless Agony","Quick Slash"],"picked":"Cloak And Dagger","floor":28},{"not_picked":["Cloak And Dagger","Outmaneuver"],"picked":"Riddle With Holes","floor":29},{"not_picked":["Noxious Fumes+1","Footwork"],"picked":"Dash","floor":29},{"not_picked":["Deflect+1","Well Laid Plans"],"picked":"Outmaneuver+1","floor":30},{"not_picked":["Quick Slash","Accuracy"],"picked":"Leg Sweep+1","floor":32}],"player_experience":101081,"relics_obtained":[{"floor":6,"key":"Bottled Tornado"},{"floor":9,"key":"Oddly Smooth Stone"},{"floor":11,"key":"Odd Mushroom"},{"floor":17,"key":"Bronze Scales"},{"floor":17,"key":"Pear"},{"floor":17,"key":"Prayer Wheel"},{"floor":23,"key":"Darkstone Periapt"},{"floor":25,"key":"Gambling Chip"},{"floor":26,"key":"Blue Candle"},{"floor":30,"key":"Red Mask"}],"event_choices":[{"damage_healed":0,"gold_gain":0,"player_choice":"Fought Mushrooms","damage_taken":0,"max_hp_gain":0,"max_hp_loss":0,"event_name":"Mushrooms","floor":11,"gold_loss":0},{"damage_healed":0,"gold_gain":0,"player_choice":"Box","damage_taken":0,"relics_obtained":["Toy Ornithopter"],"max_hp_gain":0,"max_hp_loss":0,"event_name":"Big Fish","floor":12,"gold_loss":0,"cards_obtained":["Regret"]},{"damage_healed":0,"gold_gain":0,"player_choice":"Bought 0 Potions","damage_taken":0,"max_hp_gain":0,"max_hp_loss":0,"event_name":"The Woman in Blue","floor":19,"gold_loss":0},{"damage_healed":0,"gold_gain":0,"player_choice":"Opened","damage_taken":0,"relics_obtained":["Dream Catcher"],"max_hp_gain":0,"max_hp_loss":0,"event_name":"The Mausoleum","floor":21,"gold_loss":0},{"damage_healed":0,"gold_gain":0,"player_choice":"Became a Ghost","damage_taken":0,"max_hp_gain":0,"max_hp_loss":40,"event_name":"Ghosts","floor":27,"gold_loss":0,"cards_obtained":["Ghostly","Ghostly","Ghostly","Ghostly","Ghostly"]},{"damage_healed":0,"gold_gain":0,"player_choice":"Fought Bandits","damage_taken":0,"max_hp_gain":0,"max_hp_loss":0,"event_name":"Masked Bandits","floor":30,"gold_loss":0}],"is_beta":false,"boss_relics":[{"not_picked":["Cursed Key","Runic Pyramid"],"picked":"Calling Bell"}],"items_purged_floors":[],"is_endless":false,"potions_floor_spawned":[5,8,11,16,18,25,30],"killed_by":"Automaton","ascension_level":0}}