{"host":"p25bz88bsavvfmyg","time":1610934204,"event":{"mods":["BaseMod","Minty Spire (QoL Compilation)","Permanent Neow","StSLib"],"gold_per_floor":[114,114,114,129,146,174,174,205,205,221,233,258,258,288,288,392,392,412,427,427,51,62,94,110,138,138,138,166,166,166,180,180,180,180],"floor_reached":33,"language":"ENG","playtime":1462,"items_purged":["Strike_R"],"score":519,"play_id":"72ea2871-f7ad-4499-a8fa-b1cbecd3dafe","local_time":"20210118024324","is_ascension_mode":true,"campfire_choices":[{"data":"Sentinel","floor":7.0,"key":"SMITH"},{"data":"Armaments","floor":13.0,"key":"SMITH"},{"data":"Demon Form","floor":15.0,"key":"SMITH"},{"floor":27.0,"key":"REST"},{"data":"Shockwave","floor":30.0,"key":"SMITH"},{"floor":32.0,"key":"REST"}],"circlet_count":0,"master_deck":["AscendersBane","Strike_R","Strike_R","Strike_R","Defend_R","Defend_R","Defend_R","Defend_R","Bash+1","Shrug It Off","Armaments+1","Corruption","Anger","Carnage+1","Sentinel+1","Iron Wave","Demon Form+1","Shrug It Off","Shockwave+1","True Grit","Reaper","Decay","Flame Barrier","Metallicize+1"],"relics":["Burning Blood","Sundial","Bag of Preparation","Bag of Marbles","Matryoshka","Whetstone","Charon\u0027s Ashes","Sozu","Toy Ornithopter","Prayer Wheel","Shovel","Question Card","Ornamental Fan","Mummified Hand","MealTicket"],"acts_visited":["Exordium","TheCity"],"potions_floor_usage":[],"damage_taken":[{"damage":15.0,"enemies":"Cultist","floor":1.0,"turns":5.0},{"damage":3.0,"enemies":"Jaw Worm","floor":4.0,"turns":7.0},{"damage":9.0,"enemies":"2 Louse","floor":5.0,"turns":3.0},{"damage":27.0,"enemies":"Lagavulin","floor":6.0,"turns":5.0},{"damage":16.0,"enemies":"Gremlin Nob","floor":8.0,"turns":3.0},{"damage":10.0,"enemies":"Gremlin Gang","floor":10.0,"turns":6.0},{"damage":6.0,"enemies":"Looter","floor":11.0,"turns":3.0},{"damage":10.0,"enemies":"3 Sentries","floor":12.0,"turns":8.0},{"damage":15.0,"enemies":"Lagavulin","floor":14.0,"turns":6.0},{"damage":14.0,"enemies":"Slime Boss","floor":16.0,"turns":10.0},{"damage":6.0,"enemies":"Shell Parasite","floor":18.0,"turns":6.0},{"damage":18.0,"enemies":"2 Thieves","floor":19.0,"turns":4.0},{"damage":18.0,"enemies":"Sentry and Sphere","floor":22.0,"turns":5.0},{"damage":30.0,"enemies":"Book of Stabbing","floor":23.0,"turns":6.0},{"damage":8.0,"enemies":"Shelled Parasite and Fungi","floor":24.0,"turns":4.0},{"damage":31.0,"enemies":"Slavers","floor":25.0,"turns":6.0},{"damage":43.0,"enemies":"Book of Stabbing","floor":28.0,"turns":6.0},{"damage":25.0,"enemies":"Snecko","floor":31.0,"turns":5.0},{"damage":47,"enemies":"Automaton","floor":33,"turns":6}],"seed_played":"-8837405151198904160","potions_obtained":[{"floor":4.0,"key":"CultistPotion"},{"floor":6.0,"key":"Explosive Potion"},{"floor":11.0,"key":"SteroidPotion"},{"floor":14.0,"key":"Regen Potion"},{"floor":16.0,"key":"Block Potion"}],"is_trial":false,"path_per_floor":["M","T","?","M","M","E","R","E","T","M","M","E","R","E","R","B",null,"M","M","T","$","M","E","M","E","T","R","E","?","R","M","R","B"],"character_chosen":"IRONCLAD","items_purchased":["Prayer Wheel"],"campfire_rested":2,"item_purchase_floors":[21],"current_hp_per_floor":[63,63,63,66,63,42,42,32,32,28,28,24,24,15,15,7,62,62,50,50,50,38,14,17,10,10,34,32,32,32,13,37,0,0],"gold":180,"neow_bonus":"REMOVE_CARD","is_daily":false,"chose_seed":false,"campfire_upgraded":4,"win_rate":0.0,"timestamp":1610934204,"path_taken":["M","?","?","M","?","E","R","E","T","M","?","E","R","E","R","BOSS","M","?","?","$","M","E","M","E","T","R","E","?","R","M","R","BOSS"],"items_purchased_type":["Relic"],"build_version":"2020-12-22","purchased_purges":1,"victory":false,"max_hp_per_floor":[80,80,80,80,80,80,80,80,80,80,80,80,80,80,80,80,80,80,80,80,80,80,80,80,80,80,80,80,80,80,80,80,80,80],"card_choices":[{"not_picked":["Armaments","Clash"],"picked":"Shrug It Off","floor":1.0},{"not_picked":["Twin Strike","Clash"],"picked":"Anger","floor":4.0},{"not_picked":["Pommel Strike","Dual Wield"],"picked":"Carnage","floor":5.0},{"not_picked":["Carnage","True Grit"],"picked":"Sentinel","floor":6.0},{"not_picked":["Body Slam","Flex","Searing Blow"],"picked":"SKIP","floor":8.0},{"not_picked":["Reckless Charge","Body Slam","Wild Strike"],"picked":"SKIP","floor":10.0},{"not_picked":["Seeing Red","Headbutt"],"picked":"Iron Wave","floor":11.0},{"not_picked":["Dark Embrace","Fiend Fire"],"picked":"Demon Form","floor":12.0},{"not_picked":["Perfected Strike","Headbutt"],"picked":"Shrug It Off","floor":14.0},{"not_picked":["Rage","Flex","Havoc"],"picked":"SKIP","floor":18.0},{"not_picked":["Thunderclap","Blood for Blood","Warcry"],"picked":"SKIP","floor":19.0},{"not_picked":["Rage","Combust"],"picked":"Shockwave","floor":22.0},{"not_picked":["True Grit","Rampage","Havoc"],"picked":"SKIP","floor":22.0},{"not_picked":["Rampage","Havoc"],"picked":"True Grit","floor":22.0},{"not_picked":["Seeing Red","Bludgeon","Havoc"],"picked":"SKIP","floor":23.0},{"not_picked":["Havoc","Thunderclap"],"picked":"Reaper","floor":24.0},{"not_picked":["Bloodletting+1","Cleave","Warcry"],"picked":"SKIP","floor":24.0},{"not_picked":["Twin Strike","Wild Strike+1","Pommel Strike"],"picked":"SKIP","floor":25.0},{"not_picked":["Burning Pact","Bludgeon","Iron Wave","Spot Weakness"],"picked":"SKIP","floor":28.0},{"not_picked":["Twin Strike+1","Cleave","Clash"],"picked":"Flame Barrier","floor":31.0},{"not_picked":["Warcry","Clothesline","Armaments"],"picked":"Metallicize+1","floor":31.0}],"player_experience":475985,"relics_obtained":[{"floor":2.0,"key":"Sundial"},{"floor":6.0,"key":"Bag of Preparation"},{"floor":8.0,"key":"Bag of Marbles"},{"floor":9.0,"key":"Matryoshka"},{"floor":12.0,"key":"Whetstone"},{"floor":14.0,"key":"Charon\u0027s Ashes"},{"floor":20.0,"key":"Toy Ornithopter"},{"floor":23.0,"key":"Shovel"},{"floor":25.0,"key":"Question Card"},{"floor":26.0,"key":"Ornamental Fan"},{"floor":26.0,"key":"Mummified Hand"},{"floor":28.0,"key":"MealTicket"}],"event_choices":[{"damage_healed":0.0,"max_hp_gain":0.0,"max_hp_loss":0.0,"gold_gain":0.0,"event_name":"Match and Keep!","player_choice":"2 cards matched","floor":3.0,"gold_loss":0.0,"damage_taken":0.0,"cards_obtained":["Armaments","Corruption"]},{"damage_healed":0.0,"max_hp_gain":0.0,"max_hp_loss":0.0,"gold_gain":0.0,"event_name":"Wheel of Change","player_choice":"Cursed","floor":29.0,"gold_loss":0.0,"damage_taken":0.0,"cards_obtained":["Decay"]}],"is_beta":false,"boss_relics":[{"not_picked":["Cursed Key","Runic Dome"],"picked":"Sozu"}],"items_purged_floors":[21],"is_endless":false,"potions_floor_spawned":[4,6,11,14,16,18,19,24,25,31],"killed_by":"Automaton","ascension_level":11}}