{"host":"yfrzjlps46tkbs82","time":1610981515,"event":{"mods":["Act Like it!","Aspiration","BaseMod","BetterRewards","Dota2Spire","Gensokyo","Hubris","Lobotomy","Marisa£®ÏF”Í°°ƒß¿Ì…≥£©","Minty Spire (QoL Compilation)","MostiFishMod","Replay The Spire","StSLib","SuperFastMode","TestMod","The Alterego","[IsaacMod]“‘»ˆº‚À˛"],"gold_per_floor":[116,196,213,231,8,33,33,109,155,155,55,55,55,55,55,151,151,170,170,45,45,66,66,66,101,183,183,200,200,238,264,264,621,621,638,488,520,214,718,718,744,783,783,812,812,833,833,853,853,867],"floor_reached":51,"language":"ZHS","playtime":1522,"items_purged":["Strike_MRS","Strike_MRS","Defend_MRS","Defend_MRS"],"score":1232,"play_id":"06f2c504-b376-42fa-b874-6494d1732545","local_time":"20210118225155","is_ascension_mode":true,"campfire_choices":[{"floor":10.0,"key":"REST"},{"data":"Acceleration","floor":13.0,"key":"SMITH"},{"data":"MasterSpark","floor":15.0,"key":"SMITH"},{"data":"TreasureHunter","floor":24.0,"key":"SMITH"},{"floor":29,"key":"REST"},{"data":"Strike_MRS","floor":32,"key":"SMITH"},{"data":"MostiFishMod:EE1D","floor":40,"key":"SMITH"},{"data":"MostiFishMod:EE1D","floor":45,"key":"SMITH"},{"data":"MostiFishMod:EE1D","floor":49,"key":"SMITH"}],"circlet_count":0,"master_deck":["Strike_MRS","Strike_MRS+1","Defend_MRS","Defend_MRS","MasterSpark+1","UpSweep+1","Acceleration+1","TreasureHunter+1","GalacticHalo+1","MostiFishMod:EE1D+1","MostiFishMod:EE1D+1","MostiFishMod:EE1D+1"],"relics":["MiniHakkero","DaveBox","testmod-TestBox","HushsDoor","DeadEye","testmod-IWantAll","Dodecahedron","SynthV:TestCard","Dota2Spire:Vanguard","AnarchistCookbook","Gensokyo:YoukaiFlower","Omamori","Gensokyo:OccultBall","testmod-DeterminationOfClimber","Gensokyo:MosesMiracle","Garlic","Replay:Bottled Steam","Bronze Scales","BookofShadows","hubris:SlimyHat","White Beast Statue","hubris:MedicalManual","EE1DDrone","BirthdayGift-Icosahedron","ClockworkSouvenir","Letter Opener","hubris:TenFootPole","Dota2Spire:BladeMail"],"acts_visited":["Gensokyo:Gensokyo","Gensokyo:Gensokyoer","Gensokyo:Gensokyoest"],"potions_floor_usage":[],"damage_taken":[{"damage":12.0,"enemies":"Gensokyo:Gryphon","floor":1.0,"turns":3.0},{"damage":2.0,"enemies":"Gensokyo:3_Fairies","floor":3.0,"turns":5.0},{"damage":0.0,"enemies":"Gensokyo:2_Kodama","floor":4.0,"turns":3.0},{"damage":29.0,"enemies":"Gensokyo:Aya","floor":6.0,"turns":6.0},{"damage":12.0,"enemies":"Gensokyo:Kokoro","floor":16.0,"turns":11.0},{"damage":0.0,"enemies":"Gensokyo:2_Gloops","floor":18.0,"turns":3.0},{"damage":0.0,"enemies":"Gensokyo:CosmicMonolith","floor":22.0,"turns":1.0},{"damage":67,"enemies":"Gensokyo:Reisen","floor":25,"turns":6},{"damage":0,"enemies":"Gensokyo:Slime_Group","floor":28,"turns":3},{"damage":19,"enemies":"Gensokyo:Tenshi","floor":30,"turns":5},{"damage":0,"enemies":"Gensokyo:Wraith","floor":31,"turns":4},{"damage":47,"enemies":"Gensokyo:Eternal_Rivals","floor":33,"turns":9},{"damage":0,"enemies":"Gensokyo:AncientGuardian","floor":35,"turns":4},{"damage":0,"enemies":"Gensokyo:3_Boulders","floor":37,"turns":3},{"damage":37,"enemies":"Gensokyo:AtlasGolem","floor":39,"turns":2},{"damage":0,"enemies":"Gensokyo:Sharpion","floor":41,"turns":3},{"damage":0,"enemies":"Gensokyo:Marisa","floor":42,"turns":2},{"damage":0,"enemies":"Gensokyo:Rafflesia","floor":44,"turns":3},{"damage":0,"enemies":"Gensokyo:3_Boulders","floor":46,"turns":2},{"damage":0,"enemies":"Gensokyo:AtlasGolem","floor":48,"turns":1},{"damage":0,"enemies":"Gensokyo:Scarlet_Devils","floor":50,"turns":6}],"seed_played":"6027800714619585029","potions_obtained":[{"floor":1.0,"key":"BlessingOfTheForge"},{"floor":4.0,"key":"Toxic Potion"},{"floor":16.0,"key":"Milkshake"}],"is_trial":false,"path_per_floor":["M","?","M","M","$","E","?","?","T","R","$","?","R","?","R","B",null,"M","?","$","?","M","T","R","E","T","?","M","R","E","M","R","B",null,"M","$","M","COS","M","R","M","E","T","M","R","M","?","M","R","B",null],"character_chosen":"MARISA","items_purchased":["Dota2Spire:Vanguard"],"campfire_rested":2,"item_purchase_floors":[5],"current_hp_per_floor":[56,56,54,54,54,25,25,10,10,32,32,32,32,32,32,20,61,64,64,64,64,68,68,68,9,9,9,13,35,25,41,41,16,60,67,67,75,75,52,52,65,75,75,75,75,75,75,75,75,75],"gold":867,"neow_bonus":"UPGRADE_CARD","is_daily":false,"chose_seed":false,"campfire_upgraded":7,"win_rate":0.0,"timestamp":1610981515,"path_taken":["M","?","?","M","$","E","?","?","T","R","$","?","R","?","R","BOSS","M","?","$","?","M","?","R","E","T","?","M","R","E","M","R","BOSS","M","$","M","COS","M","R","M","E","T","M","R","?","?","M","R","BOSS"],"items_purchased_type":["Relic"],"build_version":"2020-12-22","purchased_purges":4,"victory":true,"max_hp_per_floor":[75,75,75,75,75,75,75,75,75,75,75,75,75,75,75,75,75,75,75,75,75,75,75,75,75,75,75,75,75,75,75,75,75,75,75,75,75,75,75,75,75,75,75,75,75,75,75,75,75,75],"card_choices":[{"not_picked":["MilkyWay","PowerUp","GalacticHalo"],"picked":"SKIP","floor":1.0},{"not_picked":["BlazeAway","GravityBeat","MilkyWay","DC"],"picked":"GrandCross","floor":3.0},{"not_picked":["EventHorizon","DC","WitchLeyline","NonDirectionalLaser"],"picked":"EnergyFlow","floor":4.0},{"not_picked":["EventHorizon","DoubleSpark","StarDustReverie","LuminesStrike"],"picked":"Acceleration","floor":6.0},{"not_picked":["CollectingQuirk","BlazingStar","MaximisePower","AbsoluteMagnitude"],"picked":"TreasureHunter","floor":16.0},{"not_picked":["PowerUp","UnstableBomb","GalacticHalo","DC","DeepEcoloBomb"],"picked":"SKIP","floor":18.0},{"not_picked":["GasGiant+1","UnstableBomb","MilkyWay","PulseMagic","DC"],"picked":"SKIP","floor":22.0},{"not_picked":["Occultation","UnstableBomb","MeteoricShower","ManaConvection","PropBag"],"picked":"SKIP","floor":25},{"not_picked":["GravityBeat","SprinkleStarSeal","DarkMatter","WitchOfGreed","LuminesStrike+1"],"picked":"SKIP","floor":28},{"not_picked":["StarBarrage","DC","Singularity","6A"],"picked":"GalacticHalo+1","floor":30},{"not_picked":["DoubleSpark","StarlightTyphoon+1","LuminesStrike+1","IllusionStar","Acceleration+1"],"picked":"SKIP","floor":31},{"not_picked":["OrrerysSun+1","MagicChant","SprinkleStarSeal+1","WitchLeyline","OpenUniverse"],"picked":"SKIP","floor":35},{"not_picked":["WitchOfGreed","MeteoricShower","WitchLeyline+1","UnstableBomb+1","Acceleration"],"picked":"SKIP","floor":37},{"not_picked":["MilkyWay+1","SprinkleStarSeal","EscapeVelocity","EnergyRecoil+1","PowerUp"],"picked":"SKIP","floor":39},{"not_picked":["6A","AsteroidBelt+1","StarlightTyphoon+1","EnergyRecoil","PulseMagic"],"picked":"SKIP","floor":41},{"not_picked":["GravityBeat","6A","ChargeUpSpray","NonDirectionalLaser","WitchOfGreed+1"],"picked":"SKIP","floor":42},{"not_picked":["ShootingEcho+1","IllusionStar","StarlightTyphoon+1","DragonMeteor","BinaryStars"],"picked":"SKIP","floor":44},{"not_picked":["GravityBeat","GrandCross","SporeBomb","Occultation","OpenUniverse"],"picked":"SKIP","floor":46},{"not_picked":["PulseMagic+1","GalacticHalo+1","WitchLeyline","DC","WitchOfGreed+1"],"picked":"SKIP","floor":48}],"player_experience":253487,"relics_obtained":[{"floor":1.0,"key":"SynthV:TestCard"},{"floor":6.0,"key":"AnarchistCookbook"},{"floor":9.0,"key":"Omamori"},{"floor":16.0,"key":"Gensokyo:OccultBall"},{"floor":23.0,"key":"Garlic"},{"floor":25,"key":"Replay:Bottled Steam"},{"floor":25,"key":"Bronze Scales"},{"floor":26,"key":"BookofShadows"},{"floor":28,"key":"Gensokyo:OccultBall"},{"floor":28,"key":"Gensokyo:MosesMiracle"},{"floor":30,"key":"hubris:SlimyHat"},{"floor":30,"key":"White Beast Statue"},{"floor":33,"key":"hubris:MedicalManual"},{"floor":33,"key":"Gensokyo:OccultBall"},{"floor":42,"key":"Letter Opener"},{"floor":42,"key":"hubris:TenFootPole"},{"floor":43,"key":"Dota2Spire:BladeMail"}],"event_choices":[],"is_beta":false,"boss_relics":[{"not_picked":["Tiny House","aspiration:SecretTechniqueScroll"],"picked":"testmod-DeterminationOfClimber"},{"not_picked":[]},{"not_picked":["testmod-BatchProcessingSystem","Cursed Key"],"picked":"EE1DDrone"},{"not_picked":[]}],"items_purged_floors":[5,11,20,36],"is_endless":false,"potions_floor_spawned":[1,4,16,30,31,33,35,37,39,41,42,44,46,48],"ascension_level":9}}