{"host":"szp1d6dso4pv7ddl","time":1610939236,"event":{"mods":["AchievementEnabler","Alarm Clock","BaseMod","Bestiary","Block Reminder","Colored Map","Colored Powertips","Curses Come First","Dark Map","Displayed Cursed Tome","Highlight Path","Minty Spire (QoL Compilation)","Permanent Neow","Quick Restart","Relic Sorter","Relic Stats","StSLib","Synergy Search"],"gold_per_floor":[12,27,27,106,106,137,150,41,41,65,30,30,42,42,42,115,115,130,130,130],"floor_reached":19,"language":"ENG","playtime":892,"items_purged":["Strike_R"],"score":281,"play_id":"e94e8ac3-24fd-49ba-9e6e-28dff904bbdf","local_time":"20210117190716","is_ascension_mode":true,"campfire_choices":[{"floor":12,"key":"REST"},{"data":"True Grit","floor":15,"key":"SMITH"}],"circlet_count":0,"master_deck":["AscendersBane","Strike_R","Defend_R","Defend_R","Defend_R","Evolve","Infernal Blade","Burning Pact","Hemokinesis","Fire Breathing","True Grit+1","Rupture","Immolate","Clothesline+1","Cleave+1","Immolate+1","Thunderclap"],"relics":["Burning Blood","FossilizedHelix","Darkstone Periapt","Odd Mushroom","Astrolabe"],"acts_visited":["Exordium","TheCity"],"potions_floor_usage":[10,16,18],"damage_taken":[{"damage":0.0,"enemies":"Cultist","floor":1.0,"turns":1.0},{"damage":2.0,"enemies":"2 Louse","floor":2.0,"turns":2.0},{"damage":49,"enemies":"3 Sentries","floor":6,"turns":9},{"damage":0,"enemies":"Small Slimes","floor":7,"turns":3},{"damage":39,"enemies":"The Mushroom Lair","floor":10,"turns":6},{"damage":14,"enemies":"Blue Slaver","floor":13,"turns":4},{"damage":40,"enemies":"Slime Boss","floor":16,"turns":9},{"damage":59,"enemies":"Shell Parasite","floor":18,"turns":10},{"damage":42,"enemies":"3 Byrds","floor":19,"turns":3}],"seed_played":"1331314905236030520","potions_obtained":[{"floor":1.0,"key":"FairyPotion"},{"floor":7,"key":"ColorlessPotion"},{"floor":13,"key":"Regen Potion"},{"floor":18,"key":"EntropicBrew"}],"is_trial":false,"path_per_floor":["M","M","$","?","?","E","M","$","T","?","?","R","M","$","R","B",null,"M","M"],"character_chosen":"IRONCLAD","items_purchased":["Rupture"],"campfire_rested":1,"item_purchase_floors":[8],"current_hp_per_floor":[74,75,75,75,80,37,43,43,43,10,30,54,46,46,46,27,67,14,0,0],"gold":130,"neow_bonus":"TRANSFORM_TWO_CARDS","is_daily":false,"chose_seed":false,"campfire_upgraded":1,"win_rate":0.0,"timestamp":1610939236,"path_taken":["M","M","?","?","?","E","?","$","T","?","?","R","M","$","R","BOSS","M","M"],"items_purchased_type":["Card"],"build_version":"2020-12-22","purchased_purges":1,"victory":false,"max_hp_per_floor":[75,75,75,75,80,80,80,80,80,80,80,80,80,80,80,80,80,80,80,80],"relic_stats":{"Darkstone Periapt":0,"counters":[9,47],"Astrolabe":["Clothesline","Cleave","Immolate"],"obtain_stats":[{"Darkstone Periapt":9,"Astrolabe":17,"Odd Mushroom":10,"Burning Blood":0,"FossilizedHelix":6},{"Darkstone Periapt":4,"Astrolabe":7,"Odd Mushroom":5,"Burning Blood":0,"FossilizedHelix":3},{"Darkstone Periapt":15,"Astrolabe":34,"Odd Mushroom":21,"Burning Blood":0,"FossilizedHelix":12}],"Burning Blood":45},"card_choices":[{"not_picked":["True Grit","Disarm"],"picked":"Burning Pact","floor":1.0},{"not_picked":["Evolve","Pummel"],"picked":"Hemokinesis","floor":2.0},{"not_picked":["Shrug It Off","Perfected Strike"],"picked":"Fire Breathing","floor":6},{"not_picked":["Sword Boomerang","Spot Weakness"],"picked":"True Grit","floor":7},{"not_picked":["Perfected Strike","Havoc","Clothesline"],"picked":"SKIP","floor":13},{"not_picked":["Barricade","Limit Break"],"picked":"Immolate","floor":16},{"not_picked":["Anger","Dual Wield"],"picked":"Thunderclap","floor":18}],"player_experience":1210314,"relics_obtained":[{"floor":6,"key":"FossilizedHelix"},{"floor":9,"key":"Darkstone Periapt"},{"floor":10,"key":"Odd Mushroom"}],"event_choices":[{"damage_healed":0.0,"max_hp_gain":0.0,"max_hp_loss":0.0,"gold_gain":79.0,"event_name":"Golden Wing","player_choice":"Gained Gold","floor":4.0,"gold_loss":0.0,"damage_taken":0.0},{"damage_healed":0.0,"max_hp_gain":5.0,"max_hp_loss":0.0,"gold_gain":0.0,"event_name":"Big Fish","player_choice":"Donut","floor":5.0,"gold_loss":0.0,"damage_taken":0.0},{"damage_healed":0,"gold_gain":0,"player_choice":"Fought Mushrooms","damage_taken":0,"max_hp_gain":0,"max_hp_loss":0,"event_name":"Mushrooms","floor":10,"gold_loss":0},{"damage_healed":20,"gold_gain":0,"player_choice":"Healed","damage_taken":0,"max_hp_gain":0,"max_hp_loss":0,"event_name":"The Cleric","floor":11,"gold_loss":35}],"is_beta":false,"boss_relics":[{"not_picked":["Velvet Choker","Pandora\u0027s Box"],"picked":"Astrolabe"}],"items_purged_floors":[8],"is_endless":false,"potions_floor_spawned":[1,7,13,18],"killed_by":"3 Byrds","ascension_level":14}}