{"host":"j9l1rwahbyzerpwa","time":1610958196,"event":{"mods":["100% Spire Juice","ATMod(°¢èªMod)","Arknights The Spire","BaseMod","Downfall","Energized Spire","KomeijiMod","Minty Spire (QoL Compilation)","MostiFishMod","Relic Stats","Spicy Shops","StSLib","The Dragon Tamer","The Marked","[IsaacMod]ÒÔÈö¼âËþ","¡¾ÒÅÎï¿¨ÅÆ¡¿REMEMod"],"gold_per_floor":[99,110,127,127,127,27,27,57,71,99,129,154,182,207,217,315,315,215,229,244,264,279,298,298,330,360,385,270,302,202,232,244,343,343,343,361,372,385,399,399,454,207,237,268,279,308,323,170,185,280,280,280,295,310,328,428,528,528,556,162,179,193,213,226,237,253,266,266,266],"floor_reached":67,"language":"ZHS","playtime":4331,"items_purged":[],"score":1797,"play_id":"6b8c166f-3d49-40bb-bec9-de05f6340985","local_time":"20210118162316","daily_mods":["SealedDeck","Vintage","Heirloom","Time Dilation","Flight","downfall:Lament","Elite Swarm"],"is_ascension_mode":false,"campfire_choices":[{"floor":1.0,"key":"RECALL"},{"data":"AT_IchimonjiDouble","floor":6.0,"key":"SMITH"},{"data":"champ:SteelEdge","floor":18.0,"key":"SMITH"},{"data":"champ:GladiatorForm","floor":30.0,"key":"SMITH"},{"data":"champ:UltimateStance","floor":35.0,"key":"SMITH"},{"data":"champ:ShieldThrow","floor":40,"key":"SMITH"},{"data":"champ:SwordThrow","floor":52,"key":"SMITH"}],"circlet_count":0,"master_deck":["AT_IchimonjiDouble+1","champ:EnragedBash","champ:FocusedDefense","champ:Backstep+1","champ:Shatter","champ:DefensiveShout","champ:FlashCut","champ:IronFortress","champ:CalledShot+1","champ:StanceDance","champ:StanceDance","champ:VampiricStrike","champ:VampiricStrike","champ:DancingMaster","champ:GladiatorForm+1","champ:SteelEdge+1","champ:SwordThrow+1","champ:ShieldThrow+1","champ:CheapShot","champ:BerserkersShout+1","champ:UltimateStance+1","MostiFishMod:StoryBook+1"],"relics":["champ:ChampionCrown","NeowsBlessing","HushsDoor","AT_ATBox","DaveBox","REME_ComplimentaryCards","DaCapo","BelialBook","CaptainsWheel","FossilizedHelix","AT_DeathDance","ThirstyCross","downfall:HeartBlessingRed","Juzu Bracelet","sneckomod:BlankCard","AT_SeraphEmbrace","Blue Candle","GuppysHead","Oddly Smooth Stone","AT_BladeRuinedKing","War Paint","Pantograph","energizedSpire:OgreHead","JudasShadow","SatanicBible","downfall:HeartBlessingGreen","AT_ChloranthyRing","Anchor","Kunai","Toy Ornithopter","AT_BellowingDragoncrestRing","StrikeDummy","Centennial Puzzle","Lantern","Ying","Shuriken","Akabeko","downfall:HeartBlessingBlue","Bronze Scales","AT_SpeedBoots","REME_LowDesire","bronze:BronzeIdol","Pen Nib","Singing Bowl","Toxic Egg 2","AT_GuinsooRageblade","Vajra","GnawedLeaf","AT_TimeSand","HoshigumaDish","hexamod:CandleOfCauterizing","EdensBlessing","REME_PuzzleBoxRelic","Bottled Lightning","HornCleat","Girya","AT_SunfireAegis","MealTicket","ChiXiaoBlade","NeowsBlessing","Smiling Mask","MostiFishMod:Haymaker","PokeGo","Champion Belt","BookOfRevelations","TheBible","Tiny Chest","Happy Flower","SharpPlug","Regal Pillow","SalivaCoin","champ:FightingForDummies","Ancient Tea Set"],"acts_visited":["Exordium","TheCity","TheBeyond","Exordium"],"potions_floor_usage":[67,67,67,67],"damage_taken":[{"damage":0.0,"enemies":"Small Slimes","floor":2.0,"turns":1.0},{"damage":0.0,"enemies":"Jaw Worm","floor":3.0,"turns":1.0},{"damage":0.0,"enemies":"3 Sentries","floor":8.0,"turns":2.0},{"damage":0.0,"enemies":"2 Louse","floor":9.0,"turns":1.0},{"damage":0.0,"enemies":"Lagavulin","floor":10.0,"turns":3.0},{"damage":0.0,"enemies":"Gremlin Nob","floor":11.0,"turns":2.0},{"damage":6.0,"enemies":"3 Sentries","floor":12.0,"turns":4.0},{"damage":0.0,"enemies":"Gremlin Nob","floor":13.0,"turns":2.0},{"damage":0.0,"enemies":"Lagavulin","floor":14.0,"turns":3.0},{"damage":0.0,"enemies":"Large Slime","floor":15.0,"turns":1.0},{"damage":0.0,"enemies":"IC_STATUS_ARCHETYPE","floor":16.0,"turns":2.0},{"damage":0.0,"enemies":"3 Byrds","floor":19.0,"turns":3.0},{"damage":0.0,"enemies":"Spheric Guardian","floor":20.0,"turns":2.0},{"damage":0.0,"enemies":"Centurion and Healer","floor":21.0,"turns":3.0},{"damage":0.0,"enemies":"Snake Plant","floor":22.0,"turns":1.0},{"damage":0.0,"enemies":"Shelled Parasite and Fungi","floor":23.0,"turns":2.0},{"damage":0.0,"enemies":"Book of Stabbing","floor":25.0,"turns":3.0},{"damage":0.0,"enemies":"Slavers","floor":26.0,"turns":1.0},{"damage":0.0,"enemies":"REME_1_Revenger","floor":27.0,"turns":3.0},{"damage":0.0,"enemies":"downfall:FleeingMerchant","floor":28.0,"turns":4.0},{"damage":0.0,"enemies":"Slavers","floor":29.0,"turns":1.0},{"damage":0.0,"enemies":"Gremlin Leader","floor":31.0,"turns":3.0},{"damage":0.0,"enemies":"Centurion and Healer","floor":32.0,"turns":1.0},{"damage":5.0,"enemies":"WA_ARCHETYPE_CALM","floor":33.0,"turns":2.0},{"damage":0.0,"enemies":"3 Darklings","floor":36.0,"turns":2.0},{"damage":0,"enemies":"3 Shapes","floor":37,"turns":2},{"damage":5,"enemies":"Transient","floor":38,"turns":3},{"damage":0,"enemies":"Writhing Mass","floor":39,"turns":1},{"damage":0,"enemies":"Reptomancer","floor":43,"turns":1},{"damage":0,"enemies":"Giant Head","floor":44,"turns":2},{"damage":0,"enemies":"3 Darklings","floor":45,"turns":1},{"damage":0,"enemies":"Reptomancer","floor":46,"turns":1},{"damage":0,"enemies":"4 Shapes","floor":47,"turns":1},{"damage":0,"enemies":"Writhing Mass","floor":49,"turns":1},{"damage":0,"enemies":"SI_POISON_ARCHETYPE","floor":50,"turns":1},{"damage":0,"enemies":"2 Louse","floor":53,"turns":1},{"damage":0,"enemies":"Jaw Worm","floor":54,"turns":1},{"damage":0,"enemies":"Small Slimes","floor":55,"turns":1},{"damage":0,"enemies":"Small Slimes","floor":56,"turns":1},{"damage":0,"enemies":"Gremlin Nob","floor":59,"turns":1},{"damage":0,"enemies":"Exordium Thugs","floor":61,"turns":1},{"damage":0,"enemies":"Gremlin Gang","floor":62,"turns":1},{"damage":0,"enemies":"Exordium Wildlife","floor":63,"turns":1},{"damage":0,"enemies":"2 Fungi Beasts","floor":64,"turns":1},{"damage":0,"enemies":"3 Louse","floor":65,"turns":1},{"damage":0,"enemies":"Exordium Thugs","floor":66,"turns":1},{"damage":21,"enemies":"Delirium","floor":67,"turns":5}],"seed_played":"5325564449764157453","potions_obtained":[{"floor":3.0,"key":"Weak Potion"},{"floor":8.0,"key":"Guardian:BlockOnCardUsePotion"},{"floor":11.0,"key":"LiquidBronze"},{"floor":15.0,"key":"CultistPotion"},{"floor":22.0,"key":"RedTea"},{"floor":45,"key":"JyouchiReiPotion"},{"floor":50,"key":"champ:TechniquePotion"}],"is_trial":true,"path_per_floor":["R","M","M","?","?","R","T","E","M","E","E","E","E","E","M","B",null,"R","M","M","M","M","M","T","E","E","E","$","E","R","E","M","B",null,"R","M","M","M","M","R","T","$","E","E","M","E","M","$","M","B",null,"R","M","M","M","?","?","T","E","$","M","M","M","M","M","M","B"],"character_chosen":"THE_CHAMP","items_purchased":["JudasShadow","SatanicBible","Ying","Shuriken","Damocles","hexamod:CandleOfCauterizing","AT_SunfireAegis","TheBible","Tiny Chest"],"campfire_rested":0,"item_purchase_floors":[17,17,28,28,34,42,48,60,60],"current_hp_per_floor":[90,90,90,90,95,95,95,95,95,95,95,95,95,95,95,95,72,72,72,72,72,72,72,72,72,72,72,72,72,82,82,82,82,72,72,72,72,1,1,1,1,1,3,5,5,7,7,7,7,7,7,7,7,7,7,9,9,9,11,11,11,11,11,11,11,11,0,0,0],"gold":266,"neow_bonus":"","is_daily":false,"chose_seed":false,"campfire_upgraded":6,"win_rate":0.0,"timestamp":1610958196,"path_taken":["R","M","M","?","?","R","T","E","M","E","E","E","E","E","M","BOSS","R","M","M","M","M","M","T","E","E","E","$","E","R","E","M","BOSS","R","M","M","M","M","R","T","$","E","E","M","E","M","$","M","BOSS","R","M","M","M","?","?","T","E","$","M","M","M","M","M","M","BOSS"],"items_purchased_type":["Relic","Relic","Relic","Relic","Relic","Relic","Relic","Relic","Relic"],"build_version":"2020-12-22","purchased_purges":0,"victory":false,"max_hp_per_floor":[90,90,90,90,95,95,95,95,95,95,95,95,95,95,95,95,72,72,72,72,72,72,72,72,72,72,72,72,72,82,82,82,82,72,72,72,72,1,1,1,1,1,3,5,5,7,7,7,7,7,7,7,7,7,7,9,9,9,11,11,11,11,11,11,11,11,11,11,11],"relic_stats":{"Regal Pillow":0,"Singing Bowl":10,"Happy Flower":[3],"counters":[47,83],"Blue Candle":[0],"Pen Nib":[8],"Juzu Bracelet":1,"War Paint":["champ:CalledShot","champ:Backstep"],"Smiling Mask":0,"Centennial Puzzle":[9],"Shuriken":[22],"Pantograph":0,"Bronze Scales":[96],"MealTicket":0,"Tiny Chest":0,"Kunai":[28],"Champion Belt":[0],"obtain_stats":[{"ThirstyCross":4,"Damocles":34,"AT_ATBox":0,"Vajra":37,"downfall:HeartBlessingGreen":18,"AT_TimeSand":39,"AT_ArchangelStaff":9,"SatanicBible":17,"Centennial Puzzle":26,"HornCleat":46,"MealTicket":49,"DaCapo":0,"Kunai":21,"Toxic Egg 2":36,"champ:FightingForDummies":65,"AT_GuinsooRageblade":37,"KeepersGift":0,"Girya":47,"Happy Flower":61,"Blue Candle":10,"BelialBook":0,"Oddly Smooth Stone":12,"HoshigumaDish":41,"BookOfRevelations":58,"Pen Nib":34,"energizedSpire:OgreHead":17,"War Paint":14,"Akabeko":29,"AT_SpeedBoots":32,"Shuriken":28,"Bronze Scales":31,"ChiXiaoBlade":51,"AT_DeathDance":3,"EdensBlessing":43,"HushsDoor":0,"StrikeDummy":25,"AT_SeraphEmbrace":38,"Lantern":27,"Regal Pillow":63,"Ying":28,"DaveBox":0,"Singing Bowl":36,"MostiFishMod:Haymaker":54,"sneckomod:BlankCard":8,"GnawedLeaf":38,"SharpPlug":62,"champ:ChampionCrown":0,"Juzu Bracelet":7,"Smiling Mask":53,"Ancient Tea Set":66,"PokeGo":55,"downfall:HeartBlessingBlue":30,"Pantograph":15,"Tiny Chest":60,"REME_LowDesire":34,"AT_ChloranthyRing":19,"hexamod:CandleOfCauterizing":42,"NeowsBlessing":0,"downfall:HeartBlessingRed":6,"JudasShadow":17,"AT_BladeRuinedKing":13,"bronze:BronzeIdol":34,"CaptainsWheel":0,"Anchor":20,"AT_BellowingDragoncrestRing":23,"TheBible":60,"SalivaCoin":64,"GuppysHead":11,"Bottled Lightning":45,"Champion Belt":56,"REME_PuzzleBoxRelic":44,"AT_SunfireAegis":48,"FossilizedHelix":2,"Toy Ornithopter":22,"REME_ComplimentaryCards":0},{"ThirstyCross":2,"Damocles":24,"AT_ATBox":0,"Vajra":26,"downfall:HeartBlessingGreen":11,"AT_TimeSand":28,"AT_ArchangelStaff":4,"SatanicBible":11,"Centennial Puzzle":18,"HornCleat":32,"MealTicket":34,"DaCapo":0,"Kunai":14,"Toxic Egg 2":25,"champ:FightingForDummies":45,"AT_GuinsooRageblade":26,"KeepersGift":0,"Girya":33,"Happy Flower":41,"Blue Candle":5,"BelialBook":0,"Oddly Smooth Stone":7,"HoshigumaDish":28,"BookOfRevelations":39,"Pen Nib":24,"energizedSpire:OgreHead":11,"War Paint":9,"Akabeko":21,"AT_SpeedBoots":23,"Shuriken":20,"Bronze Scales":22,"ChiXiaoBlade":35,"AT_DeathDance":2,"EdensBlessing":29,"HushsDoor":0,"StrikeDummy":17,"AT_SeraphEmbrace":27,"Lantern":19,"Regal Pillow":43,"Ying":20,"DaveBox":0,"Singing Bowl":25,"MostiFishMod:Haymaker":37,"sneckomod:BlankCard":3,"GnawedLeaf":27,"SharpPlug":42,"champ:ChampionCrown":0,"Juzu Bracelet":2,"Smiling Mask":36,"Ancient Tea Set":46,"PokeGo":38,"downfall:HeartBlessingBlue":21,"Pantograph":10,"Tiny Chest":40,"REME_LowDesire":24,"AT_ChloranthyRing":12,"hexamod:CandleOfCauterizing":28,"NeowsBlessing":0,"downfall:HeartBlessingRed":2,"JudasShadow":11,"AT_BladeRuinedKing":8,"bronze:BronzeIdol":24,"CaptainsWheel":0,"Anchor":13,"AT_BellowingDragoncrestRing":16,"TheBible":40,"SalivaCoin":44,"GuppysHead":6,"Bottled Lightning":31,"Champion Belt":39,"REME_PuzzleBoxRelic":30,"AT_SunfireAegis":33,"FossilizedHelix":1,"Toy Ornithopter":15,"REME_ComplimentaryCards":0},{"ThirstyCross":2,"Damocles":51,"AT_ATBox":0,"Vajra":55,"downfall:HeartBlessingGreen":22,"AT_TimeSand":59,"AT_ArchangelStaff":5,"SatanicBible":22,"Centennial Puzzle":37,"HornCleat":64,"MealTicket":66,"DaCapo":0,"Kunai":30,"Toxic Egg 2":53,"champ:FightingForDummies":77,"AT_GuinsooRageblade":55,"KeepersGift":0,"Girya":65,"Happy Flower":73,"Blue Candle":8,"BelialBook":0,"Oddly Smooth Stone":14,"HoshigumaDish":59,"BookOfRevelations":71,"Pen Nib":51,"energizedSpire:OgreHead":22,"War Paint":19,"Akabeko":45,"AT_SpeedBoots":49,"Shuriken":44,"Bronze Scales":48,"ChiXiaoBlade":67,"AT_DeathDance":2,"EdensBlessing":60,"HushsDoor":0,"StrikeDummy":36,"AT_SeraphEmbrace":57,"Lantern":40,"Regal Pillow":75,"Ying":44,"DaveBox":0,"Singing Bowl":53,"MostiFishMod:Haymaker":69,"sneckomod:BlankCard":4,"GnawedLeaf":58,"SharpPlug":74,"champ:ChampionCrown":0,"Juzu Bracelet":2,"Smiling Mask":68,"Ancient Tea Set":78,"PokeGo":70,"downfall:HeartBlessingBlue":45,"Pantograph":20,"Tiny Chest":72,"REME_LowDesire":51,"AT_ChloranthyRing":25,"hexamod:CandleOfCauterizing":59,"NeowsBlessing":0,"downfall:HeartBlessingRed":2,"JudasShadow":22,"AT_BladeRuinedKing":16,"bronze:BronzeIdol":51,"CaptainsWheel":0,"Anchor":27,"AT_BellowingDragoncrestRing":33,"TheBible":72,"SalivaCoin":76,"GuppysHead":10,"Bottled Lightning":63,"Champion Belt":71,"REME_PuzzleBoxRelic":62,"AT_SunfireAegis":65,"FossilizedHelix":1,"Toy Ornithopter":31,"REME_ComplimentaryCards":0}],"Toy Ornithopter":0},"card_choices":[{"not_picked":["champ:MurderStrike","champ:HeavySlash"],"picked":"champ:VampiricStrike","floor":8.0},{"not_picked":["champ:LastStand","champ:TripleStrike"],"picked":"champ:VampiricStrike","floor":10.0},{"not_picked":["champ:GladiatorForm","champ:StrikeOfGenius"],"picked":"champ:DancingMaster","floor":11.0},{"not_picked":["champ:TripleStrike","champ:StrikeOfGenius"],"picked":"champ:GladiatorForm","floor":12.0},{"not_picked":["champ:DancingMaster","champ:LastStand"],"picked":"champ:SteelEdge","floor":13.0},{"not_picked":["champ:ShieldThrow","champ:Improvising"],"picked":"champ:SwordThrow","floor":14.0},{"not_picked":["champ:IgnorePain","champ:StrikeOfGenius"],"picked":"champ:ShieldThrow","floor":16.0},{"not_picked":["champ:UltimateStance","champ:HoldFirm"],"picked":"champ:CheapShot","floor":25.0},{"not_picked":["champ:Devastate","champ:MurderStrike","champ:Improvising"],"picked":"SKIP","floor":26.0},{"not_picked":["champ:Devastate","champ:SwordThrow","champ:Improvising"],"picked":"SKIP","floor":27.0},{"not_picked":["champ:DefensiveShout","champ:Circumvent"],"picked":"champ:BerserkersShout+1","floor":28.0},{"not_picked":["champ:SteelEdge","champ:StrikeOfGenius"],"picked":"champ:UltimateStance","floor":29.0},{"not_picked":["champ:CheapShot","champ:IgnorePain","champ:Improvising"],"picked":"SKIP","floor":31.0},{"not_picked":["champ:StrikeOfGenius","champ:LastStand","champ:ShieldThrow","Sadistic Nature"],"picked":"Singing Bowl","floor":43},{"not_picked":["champ:SwordThrow","champ:HoldFirm+1","champ:CheapShot","Chrysalis+1"],"picked":"Singing Bowl","floor":44},{"not_picked":["champ:HoldFirm+1","champ:Devastate","champ:TripleStrike","MostiFishMod:ElfcollectionBox+1"],"picked":"Singing Bowl","floor":46},{"not_picked":["champ:HeavySlash","champ:SteelEdge","champ:GladiatorForm"],"picked":"MostiFishMod:StoryBook+1","floor":50},{"not_picked":["champ:CalledShot+1","champ:RisingSlash","champ:Endure+1","AT_BreakingExtremeWeapon"],"picked":"Singing Bowl","floor":56},{"not_picked":["champ:TripleStrike","champ:GladiatorForm","champ:IgnorePain+1","Forethought+1"],"picked":"Singing Bowl","floor":59}],"player_experience":271715,"relics_obtained":[{"floor":2.0,"key":"FossilizedHelix"},{"floor":3.0,"key":"AT_DeathDance"},{"floor":7.0,"key":"Juzu Bracelet"},{"floor":8.0,"key":"sneckomod:BlankCard"},{"floor":9.0,"key":"AT_ArchangelStaff"},{"floor":10.0,"key":"Blue Candle"},{"floor":11.0,"key":"GuppysHead"},{"floor":12.0,"key":"Oddly Smooth Stone"},{"floor":13.0,"key":"AT_BladeRuinedKing"},{"floor":14.0,"key":"War Paint"},{"floor":15.0,"key":"Pantograph"},{"floor":19.0,"key":"AT_ChloranthyRing"},{"floor":20.0,"key":"Anchor"},{"floor":21.0,"key":"Kunai"},{"floor":22.0,"key":"Toy Ornithopter"},{"floor":23.0,"key":"AT_BellowingDragoncrestRing"},{"floor":25.0,"key":"StrikeDummy"},{"floor":26.0,"key":"Centennial Puzzle"},{"floor":27.0,"key":"Lantern"},{"floor":29.0,"key":"Akabeko"},{"floor":31.0,"key":"Bronze Scales"},{"floor":32.0,"key":"AT_SpeedBoots"},{"floor":34.0,"key":"bronze:BronzeIdol"},{"floor":34.0,"key":"Pen Nib"},{"floor":36.0,"key":"Singing Bowl"},{"floor":36.0,"key":"Toxic Egg 2"},{"floor":37,"key":"AT_GuinsooRageblade"},{"floor":37,"key":"Vajra"},{"floor":38,"key":"GnawedLeaf"},{"floor":39,"key":"AT_TimeSand"},{"floor":41,"key":"HoshigumaDish"},{"floor":43,"key":"EdensBlessing"},{"floor":44,"key":"REME_PuzzleBoxRelic"},{"floor":45,"key":"Bottled Lightning"},{"floor":46,"key":"HornCleat"},{"floor":47,"key":"Girya"},{"floor":49,"key":"MealTicket"},{"floor":53,"key":"Smiling Mask"},{"floor":54,"key":"MostiFishMod:Haymaker"},{"floor":55,"key":"PokeGo"},{"floor":56,"key":"Champion Belt"},{"floor":58,"key":"BookOfRevelations"},{"floor":61,"key":"Happy Flower"},{"floor":62,"key":"SharpPlug"},{"floor":63,"key":"Regal Pillow"},{"floor":64,"key":"SalivaCoin"},{"floor":65,"key":"champ:FightingForDummies"},{"floor":66,"key":"Ancient Tea Set"}],"event_choices":[{"damage_healed":0.0,"max_hp_gain":5.0,"max_hp_loss":0.0,"gold_gain":0.0,"event_name":"Big Fish","player_choice":"Donut","floor":5.0,"gold_loss":0.0,"damage_taken":0.0}],"is_beta":false,"boss_relics":[{"not_picked":["Black Star","ChampionBelt"],"picked":"energizedSpire:OgreHead"},{"not_picked":[]},{"not_picked":["HaiYi:Twilight","Cursed Key"],"picked":"REME_LowDesire"},{"not_picked":[]},{"not_picked":["SacredBark","FixedStarFall"],"picked":"ChiXiaoBlade"},{"not_picked":[]}],"items_purged_floors":[],"is_endless":true,"potions_floor_spawned":[3,8,11,12,15,16,20,22,23,29,31,33,36,43,44,45,50,56,61,62,65,66],"killed_by":"Delirium","ascension_level":0}}