{"host":"hwui1o2d2vvxl1xp","time":1610960271,"event":{"mods":["ATMod(阿瑾Mod)","AchievementEnabler","Act Like it!","Alarm Clock","BaseMod","CapriCore","Colored Map","Colored Powertips","Dota2Spire","Gensokyo","LagranYue(拉格朗・月)","Lobotomy","LobotomyExtend","Minty Spire (QoL Compilation)","MostiFishMod","Pale of the Ancients","Quick Restart","RumiaBox-露米娅的神秘盒子","Shop Mod","StSLib","TestMod","Waifu the Spire","[功能]功能增强和修复MOD","simple","【功能Mod】混沌之环修复补丁","【功能Mod】聪明的最终Boss","【遗物卡牌】REMEMod","篝火指南"],"gold_per_floor":[113,70,170,170,30,26,7,7,7,14,24,28,28,57,4,137,-1263,-1243,-1143,-1127,-1114,-1059,-1032,-1032,-782,-782,-756,-657,-626,-602,-590,-526,-427,-427,-415,-15,-15,3,20,98,93,93,119,150,100,120,120,131,61,61,61,38,16,51,51],"floor_reached":56,"language":"ZHS","playtime":7420,"items_purged":["Strike_G","Strike_G","Pain","Strike_G","Defend_G","Strike_G","Defend_G"],"score":1812,"play_id":"b597f836-7141-4c75-90b7-c2fffe76419b","local_time":"20210118165751","is_ascension_mode":true,"campfire_choices":[{"floor":8,"key":"RECALL"}],"circlet_count":0,"master_deck":["Strike_G","Defend_G","Defend_G","Defend_G","Survivor","Neutralize","Creative AI+1","AT_FamilyPortrait","SpiderBud","Blade Dance","Dagger Spray","MostiFishMod:PreservedThorns+1","MostiFishMod:HiddenBlade+1","Apotheosis+1","Acrobatics+1","REME_GreenPollution","Distraction+1","testmod-EternalityOfKhronos+1","CherryBlossoms","MostiFishMod:FrostNova+1","Slice+1","Swift Strike+1","Mercenary","Infinite Blades","Terror+1","AT_TearsDenial+1","Unload+1","SingingMachine","DreamingCurrent","AT_WindFlip+1","OSAHOGD","Accuracy+1","Blur+1","OldLady","Blur+1","Laetitia","MostiFishMod:WinterMarkForm","NakedNest","AT_WindFlip+1","Noxious Fumes+1","SilentOrchestra","MostiFishMod:FrostNova+1","Phantasmal Killer+1","AT_ArcaneSupremacy+1","MHz","Underhanded Strike+1","Endless Agony+1","Accuracy","CENSORED","MostiFishMod:FrostNova+1","testmod-AutoReboundSystem","Well Laid Plans","Good Instincts+1","Slice+1","Distraction+1","GalaxyChild","BodiesMountain","MostiFishMod:PoisonShield+1","Accuracy","MostiFishMod:FrostNova+1","Dodge and Roll+1","MostiFishMod:Galeforce+1","REME_FirmDetermination+1","MostiFishMod:ThornCasing","Good Instincts+1","AT_WindFlip+1"],"relics":["Ring of the Snake","DaveBox","REME_ComplimentaryCards","AT_ATBox","GuanYuAspect","testmod-CardMagician","LagranYue:RandomDrawCardRelic","CogitoBucket","SynthV:TestCard","LetterFromLob","Toxic Egg 2","MerchantsRug","BionicSphere","Shuriken","MostiFishMod:AdaptiveDefenses","MagicDraw2","OrangePellets","REME_LimitBreaker","Dota2Spire:Mjollnir","Molten Egg 2","Orichalcum","TheAbacus","Gensokyo:LunaticRedEyes","testmod-IndustrialRevolution","CaptainsWheel","SynthV:MejaisSoulstealer","testmod-ThousandKnives","testmod-RealStoneCalender","testmod-OneHitWonder","REME_HourglassOfDeath","Tiny Chest","Dota2Spire:ShadowBlade","HaiYi:Twilight","Juzu Bracelet","Dota2Spire:Vanguard","AT_BellDemon","Ninja Scroll","Art of War","Civilization","StrikeDummy","Dota2Spire:BladeMail","Paper Crane","ChangeAnything","testmod-ArcanaOfDestiny","BrkXgEgg","AT_RedNoBalance","AT_EbonyIvory","Technique","testmod-Muramasa","AT_ArchangelStaff","Frozen Eye","Dead Branch"],"acts_visited":["Gensokyo:Gensokyo","Gensokyo:Gensokyoer","Gensokyo:Gensokyoest","TheEnding"],"potions_floor_usage":[1,12,16,41,45,46,48,55],"damage_taken":[{"damage":3,"enemies":"Gensokyo:Gryphon","floor":1,"turns":3},{"damage":0,"enemies":"Gensokyo:3_Fairies","floor":11,"turns":2},{"damage":0,"enemies":"Gensokyo:Aya","floor":14,"turns":3},{"damage":11,"enemies":"Gensokyo:Kokoro","floor":16,"turns":9},{"damage":5,"enemies":"Gensokyo:Chomper","floor":18,"turns":2},{"damage":17,"enemies":"Gensokyo:Chomper","floor":19,"turns":8},{"damage":0,"enemies":"Gensokyo:AngelMirror","floor":20,"turns":4},{"damage":0,"enemies":"Gensokyo:Wraith","floor":21,"turns":3},{"damage":10,"enemies":"Gensokyo:Tenshi","floor":23,"turns":2},{"damage":0,"enemies":"Gensokyo:Reisen","floor":27,"turns":2},{"damage":5,"enemies":"Gensokyo:Tenshi","floor":29,"turns":2},{"damage":4,"enemies":"Gensokyo:3_Gloops","floor":31,"turns":5},{"damage":12,"enemies":"Gensokyo:Eternal_Rivals","floor":33,"turns":6},{"damage":0,"enemies":"Gensokyo:3_Boulders","floor":35,"turns":2},{"damage":0,"enemies":"Gensokyo:AncientGuardian","floor":38,"turns":3},{"damage":0,"enemies":"Gensokyo:4_Bats","floor":39,"turns":2},{"damage":0,"enemies":"Gensokyo:Kasen","floor":44,"turns":4},{"damage":4,"enemies":"Gensokyo:AtlasGolem","floor":46,"turns":3},{"damage":0,"enemies":"Gensokyo:Rafflesia","floor":48,"turns":2},{"damage":0,"enemies":"Gensokyo:Scarlet_Devils","floor":50,"turns":2},{"damage":0,"enemies":"Shield and Spear","floor":54,"turns":1},{"damage":0,"enemies":"The Heart","floor":55,"turns":2}],"seed_played":"-2758485156407527367","potions_obtained":[{"floor":1,"key":"testmod-SpacePotion"},{"floor":1,"key":"LiquidMemories"},{"floor":11,"key":"REME_GoldPotion"},{"floor":16,"key":"Swift Potion"},{"floor":18,"key":"LiquidBronze"},{"floor":27,"key":"Dota2Spire:Clarity"},{"floor":29,"key":"testmod-TestPotion"},{"floor":31,"key":"testmod-TestPotion"},{"floor":35,"key":"FearPotion"},{"floor":35,"key":"EssenceOfSteel"},{"floor":38,"key":"AttackPotion"},{"floor":39,"key":"SteroidPotion"},{"floor":46,"key":"Energy Potion"},{"floor":48,"key":"AttackPotion"}],"is_trial":false,"path_per_floor":["M","$","?","?","?","R","$","R","T","R","M","R","?","E","R","B",null,"M","?","M","M","$","E","?","?","T","E","R","E","R","M","R","B",null,"M","?","?","M","M","T","R","?","T","E","R","M","?","M","R","B",null,"R","$","E","B",null],"character_chosen":"THE_SILENT","items_purchased":["Toxic Egg 2","Dota2Spire:ArmletOfMordiggian","Dagger Spray","MerchantsRug","Explosive Potion","Explosive Potion","Dexterity Potion","EssenceOfSteel","SmokeBomb","FearPotion","Apotheosis+1","Acrobatics+1","REME_GreenPollution","Shuriken","Dota2Spire:CrimsonGuard","MostiFishMod:AdaptiveDefenses","DistilledChaos","Fire Potion","Weak Potion","MagicDraw2","OrangePellets","Dota2Spire:MagicBottle","Distraction+1","DuplicationPotion","SpeedPotion","Swift Potion","Dota2Spire:Mjollnir","testmod-EternalityOfKhronos+1","Molten Egg 2","Orichalcum","TheAbacus","SpeedPotion","LiquidMemories","CultistPotion","Slice+1","Swift Strike+1","Block Potion","SkillPotion","REME_GoldPotion","Dota2Spire:DrumOfEndurance","CaptainsWheel","Terror+1","AT_TearsDenial+1","Juzu Bracelet","Dota2Spire:Vanguard","testmod-SpacePotion","Explosive Potion","BlessingOfTheForge","Accuracy","Civilization","StrikeDummy","testmod-TimePotion","EntropicBrew","GamblersBrew","testmod-AutoReboundSystem","Well Laid Plans","Good Instincts+1","Slice+1","Dota2Spire:BladeMail","BrkXgEgg","AT_SilverBalance","Accuracy","MostiFishMod:FrostNova+1","Dodge and Roll+1","CultistPotion","MostiFishMod:Galeforce+1","REME_FirmDetermination","DuplicationPotion","Swift Potion","DistilledChaos","AT_EbonyIvory","Technique","MostiFishMod:ThornCasing","testmod-TestPotion","LiquidMemories","DistilledChaos","testmod-Muramasa","AT_ArchangelStaff","Good Instincts+1","Frozen Eye"],"campfire_rested":0,"item_purchase_floors":[2,2,2,2,2,2,2,6,6,6,6,6,6,6,6,6,7,7,7,7,7,7,7,10,10,10,10,10,12,12,12,12,12,12,12,12,15,15,15,15,15,15,15,41,41,41,41,41,41,45,45,45,45,45,45,45,45,45,45,49,49,49,49,49,49,52,52,52,52,52,52,52,52,53,53,53,53,53,53,53],"current_hp_per_floor":[35,35,35,35,35,35,35,35,35,35,35,35,35,35,35,35,35,35,35,35,35,35,35,35,33,33,33,33,33,33,33,33,33,33,33,33,33,33,33,33,33,33,33,33,33,31,31,34,34,35,36,36,36,38,43],"gold":51,"neow_bonus":"","is_daily":false,"chose_seed":false,"campfire_upgraded":0,"win_rate":0.0,"timestamp":1610960271,"path_taken":["M","$","?","?","?","R","$","R","T","R","?","R","?","E","R","BOSS","M","?","?","?","$","E","?","?","T","E","R","E","R","M","R","BOSS","M","?","?","M","?","?","R","?","T","E","R","M","?","M","R","BOSS","R","$","E","BOSS"],"items_purchased_type":["Relic","Relic","Card","Relic","Potion","Potion","Potion","Potion","Potion","Potion","Card","Card","Card","Relic","Relic","Relic","Potion","Potion","Potion","Relic","Relic","Relic","Card","Potion","Potion","Potion","Relic","Card","Relic","Relic","Relic","Potion","Potion","Potion","Card","Card","Potion","Potion","Potion","Relic","Relic","Card","Card","Relic","Relic","Potion","Potion","Potion","Card","Relic","Relic","Potion","Potion","Potion","Card","Card","Card","Card","Relic","Relic","Relic","Card","Card","Card","Potion","Card","Card","Potion","Potion","Potion","Relic","Relic","Card","Potion","Potion","Potion","Relic","Relic","Card","Relic"],"build_version":"2020-12-22","purchased_purges":7,"victory":true,"max_hp_per_floor":[35,35,35,35,35,35,35,35,35,35,35,35,35,35,35,35,35,35,35,35,35,35,35,35,33,33,33,33,33,33,33,33,33,33,33,33,33,33,33,33,33,33,33,33,33,33,33,34,34,36,36,36,36,40,45],"card_choices":[{"not_picked":["CrumblingArmor","BigBadWolf"],"picked":"SpiderBud","floor":1},{"not_picked":["Dash","Heel Hook"],"picked":"Blade Dance","floor":1},{"not_picked":["MostiFishMod:InvigoratingSolution+1","Quick Slash","PiercingWail+1","Backflip+1"],"picked":"MostiFishMod:PreservedThorns+1","floor":4},{"not_picked":["Masterful Stab","Dagger Throw","Backflip+1","Outmaneuver+1"],"picked":"MostiFishMod:HiddenBlade+1","floor":4},{"not_picked":["Scorched","Variant"],"picked":"CherryBlossoms","floor":11},{"not_picked":["Poisoned Stab","Bane","Cloak And Dagger+1","Backstab"],"picked":"MostiFishMod:FrostNova+1","floor":11},{"not_picked":["Scorched","WallGazer"],"picked":"Mercenary","floor":14},{"not_picked":["MostiFishMod:PoisonShield+1","Acrobatics+1","MostiFishMod:SpreadingSpore+1","Dagger Throw+1"],"picked":"Infinite Blades","floor":14},{"not_picked":["MostiFishMod:SpreadingSpore+1","Adrenaline+1","Tools of the Trade","Die Die Die+1"],"picked":"Unload+1","floor":16},{"not_picked":["GalaxyChild","PunishingBird"],"picked":"SingingMachine","floor":16},{"not_picked":["Wellcheers","WhitesApple"],"picked":"DreamingCurrent","floor":18},{"not_picked":["Quick Slash+1","Underhanded Strike+1","Sucker Punch+1","Blade Dance+1"],"picked":"AT_WindFlip+1","floor":18},{"not_picked":["Wellcheers","BlackSwan"],"picked":"OSAHOGD","floor":19},{"not_picked":["Dagger Throw+1","REME_GreenPollution","AT_TinkerSharpsword+1","MostiFishMod:FrostNova+1"],"picked":"Accuracy+1","floor":19},{"not_picked":["Acrobatics+1","REME_LeechingPoison+1","PiercingWail+1","REME_GreenPollution+1"],"picked":"Blur+1","floor":20},{"not_picked":["Wellcheers","VoidDream"],"picked":"OldLady","floor":20},{"not_picked":["AT_ThistleTea+1","Finisher+1","REME_ShadowForm","Sucker Punch+1"],"picked":"Blur+1","floor":21},{"not_picked":["Alriune","GalaxyChild"],"picked":"Laetitia","floor":21},{"not_picked":["REME_ShadowForm","Quick Slash+1","Cloak And Dagger+1","Dagger Throw+1"],"picked":"MostiFishMod:WinterMarkForm","floor":23},{"not_picked":["UniverseFragment","PlagueDoctor"],"picked":"NakedNest","floor":23},{"not_picked":["Heel Hook+1","Adrenaline+1","Deflect+1","Outmaneuver+1"],"picked":"AT_WindFlip+1","floor":27},{"not_picked":["MostiFishMod:PerfectParry+1","Deflect+1","Dagger Spray+1","Catalyst+1"],"picked":"Noxious Fumes+1","floor":29},{"not_picked":["QueenBee","MeltingLove"],"picked":"SilentOrchestra","floor":31},{"not_picked":["Outmaneuver+1","Blade Dance+1","AT_WindRun+1","Prepared+1"],"picked":"MostiFishMod:FrostNova+1","floor":31},{"not_picked":["Wraith Form v2","MostiFishMod:SpreadingSpore+1","REME_LeechingPoison+1","MostiFishMod:GrandStart+1"],"picked":"Phantasmal Killer+1","floor":33},{"not_picked":["Dodge and Roll+1","MostiFishMod:PerfectParry+1","Blade Dance+1","Prepared+1"],"picked":"AT_ArcaneSupremacy+1","floor":35},{"not_picked":["PlagueDoctor","Freischutz"],"picked":"MHz","floor":38},{"not_picked":["Deflect+1","Adrenaline+1","Dodge and Roll+1","AT_WomanClash+1"],"picked":"Underhanded Strike+1","floor":38},{"not_picked":["Flying Knee+1","Masterful Stab+1","Backflip+1","Unload+1"],"picked":"Endless Agony+1","floor":39},{"not_picked":["MeltingLove","BigBird"],"picked":"CENSORED","floor":44},{"not_picked":["Poisoned Stab+1","MostiFishMod:Opportunism+1","Leg Sweep+1","Eviscerate+1"],"picked":"MostiFishMod:FrostNova+1","floor":44},{"not_picked":["REME_GreenPollution+1","Blade Dance+1","AT_MyraUnstableElement+1","Infinite Blades+1"],"picked":"Distraction+1","floor":46},{"not_picked":["GreedKing","WhitesApple"],"picked":"GalaxyChild","floor":46},{"not_picked":["LongBird","WallGazer"],"picked":"BodiesMountain","floor":48},{"not_picked":["Prepared+1","Sucker Punch+1","Deflect+1","Footwork"],"picked":"MostiFishMod:PoisonShield+1","floor":48},{"not_picked":["AT_ThistleTea+1","Predator+1","All Out Attack+1","Deadly Poison+1"],"picked":"AT_WindFlip+1","floor":54}],"player_experience":31989,"relics_obtained":[{"floor":1,"key":"SynthV:TestCard"},{"floor":1,"key":"LetterFromLob"},{"floor":9,"key":"REME_LimitBreaker"},{"floor":14,"key":"testmod-IndustrialRevolution"},{"floor":19,"key":"testmod-ThousandKnives"},{"floor":19,"key":"testmod-RealStoneCalender"},{"floor":23,"key":"testmod-OneHitWonder"},{"floor":26,"key":"REME_HourglassOfDeath"},{"floor":27,"key":"Tiny Chest"},{"floor":29,"key":"Dota2Spire:ShadowBlade"},{"floor":43,"key":"AT_BellDemon"},{"floor":44,"key":"Ninja Scroll"},{"floor":44,"key":"Art of War"},{"floor":46,"key":"Paper Crane"},{"floor":48,"key":"testmod-ArcanaOfDestiny"},{"floor":54,"key":"Dead Branch"}],"event_choices":[{"damage_healed":0,"gold_gain":400,"player_choice":"Sell","damage_taken":0,"max_hp_gain":0,"max_hp_loss":0,"event_name":"恩洛斯的盘子","floor":36,"relics_lost":["testmod-TestBox"],"gold_loss":0}],"is_beta":false,"boss_relics":[{"not_picked":["SacredBark","testmod-EnergyCheck"],"picked":"SynthV:MejaisSoulstealer"},{"not_picked":["testmod-DeterminationOfClimber","RhineSuit"],"picked":"HaiYi:Twilight"}],"items_purged_floors":[12,12,41,41,41,45,45],"is_endless":false,"potions_floor_spawned":[1,1,11,16,18,18,18,23,27,27,27,29,31,35,35,38,39,46,48],"ascension_level":1}}