{"host":"f5gffvlv6a66yqkd","time":1610995637,"event":{"mods":["2.2 Compatiblity","Alarm Clock","BaseMod","Colored Map","Custom Start","DeckTracker","Keyboard Shortcuts","Minty Spire (QoL Compilation)","Permanent Neow","Quick Restart","Relic Stats","StSLib","SuperFastMode"],"gold_per_floor":[217,237,105,105,180,180,198,198,198,198,18,39,39,39,39,39,39],"floor_reached":16,"language":"KOR","playtime":219,"items_purged":["Defend_G","Strike_G"],"score":176,"play_id":"29c58522-4cb0-4597-b447-4da7edc9d4b8","local_time":"20210119034717","is_ascension_mode":true,"campfire_choices":[{"data":"Blade Dance","floor":6.0,"key":"SMITH"},{"floor":8.0,"key":"REST"},{"data":"Blade Dance","floor":10.0,"key":"SMITH"},{"data":"Neutralize","floor":13.0,"key":"SMITH"},{"data":"Poisoned Stab","floor":15.0,"key":"SMITH"}],"circlet_count":0,"master_deck":["AscendersBane","Strike_G","Strike_G","Strike_G","Defend_G","Defend_G","Defend_G","Defend_G","Survivor","Neutralize+1","Poisoned Stab+1","Crippling Poison","Blade Dance+1","Blade Dance+1","Backstab","PiercingWail","Reflex"],"relics":["Ring of the Snake","Golden Idol","CaptainsWheel"],"acts_visited":["Exordium"],"potions_floor_usage":[16],"damage_taken":[{"damage":1.0,"enemies":"Small Slimes","floor":1.0,"turns":3.0},{"damage":1.0,"enemies":"2 Louse","floor":2.0,"turns":4.0},{"damage":4.0,"enemies":"Jaw Worm","floor":7.0,"turns":4.0},{"damage":3.0,"enemies":"Blue Slaver","floor":12.0,"turns":2.0},{"damage":39,"enemies":"Slime Boss","floor":16,"turns":7}],"seed_played":"-3373544510579627071","potions_obtained":[{"floor":2.0,"key":"DuplicationPotion"}],"is_trial":false,"path_per_floor":["M","M","$","?","?","R","M","R","T","R","$","M","R","?","R","B"],"character_chosen":"THE_SILENT","items_purchased":["Blade Dance","Backstab"],"campfire_rested":1,"item_purchase_floors":[3,11],"current_hp_per_floor":[58,57,57,34,23,23,19,38,38,38,38,35,35,35,35,0,0],"gold":39,"neow_bonus":"HUNDRED_GOLD","is_daily":false,"chose_seed":false,"campfire_upgraded":4,"win_rate":0.0,"timestamp":1610995637,"path_taken":["M","M","$","?","?","R","M","R","T","R","$","M","R","?","R","BOSS"],"items_purchased_type":["Card","Card"],"build_version":"2020-12-22","purchased_purges":2,"victory":false,"max_hp_per_floor":[66,66,66,66,66,66,66,66,66,66,66,66,66,66,66,66,66],"relic_stats":{"counters":[5,20],"Golden Idol":8,"obtain_stats":[{"CaptainsWheel":9,"Golden Idol":4,"Ring of the Snake":0},{"CaptainsWheel":3,"Golden Idol":2,"Ring of the Snake":0},{"CaptainsWheel":11,"Golden Idol":7,"Ring of the Snake":0}],"Ring of the Snake":[10]},"card_choices":[{"not_picked":["Backflip","Acrobatics"],"picked":"Poisoned Stab","floor":1.0},{"not_picked":["Outmaneuver","Deflect"],"picked":"Crippling Poison","floor":2.0},{"not_picked":["Poisoned Stab","Sucker Punch"],"picked":"Blade Dance","floor":7.0},{"not_picked":["Heel Hook","Deadly Poison"],"picked":"PiercingWail","floor":12.0}],"player_experience":1598134,"relics_obtained":[{"floor":9.0,"key":"CaptainsWheel"}],"event_choices":[{"damage_healed":0.0,"max_hp_gain":0.0,"max_hp_loss":0.0,"gold_gain":0.0,"event_name":"Golden Idol","player_choice":"Take Damage","floor":4.0,"gold_loss":0.0,"damage_taken":23.0,"relics_obtained":["Golden Idol"]},{"damage_healed":0.0,"max_hp_gain":0.0,"max_hp_loss":0.0,"gold_gain":75.0,"event_name":"World of Goop","player_choice":"Gather Gold","floor":5.0,"gold_loss":0.0,"damage_taken":11.0},{"damage_healed":0.0,"max_hp_gain":0.0,"max_hp_loss":0.0,"gold_gain":0.0,"cards_transformed":["Strike_G"],"event_name":"Living Wall","player_choice":"Change","floor":14.0,"gold_loss":0.0,"damage_taken":0.0,"cards_obtained":["Reflex"]}],"is_beta":false,"boss_relics":[],"items_purged_floors":[3,11],"is_endless":false,"potions_floor_spawned":[2],"killed_by":"Slime Boss","ascension_level":20}}