{"host":"at8674jmuidj9jgx","time":1610986545,"event":{"mods":["AchievementEnabler","BaseMod","Colored Map","Colored Powertips","Minty Spire (QoL Compilation)","SuperFastMode"],"gold_per_floor":[119,73,88,88,101,130,149,178,247,257,257,1,15,34,34,136,136,148,423,433,124,142,142,171,171,194,206,206,206],"floor_reached":28,"language":"ENG","playtime":1418,"items_purged":[],"score":290,"play_id":"f1116958-a9ab-481d-b0ba-7894b8377876","local_time":"20210118191545","is_ascension_mode":true,"campfire_choices":[{"floor":11,"key":"REST"},{"floor":15,"key":"REST"},{"data":"Demon Form","floor":23,"key":"SMITH"},{"floor":25,"key":"REST"}],"circlet_count":0,"master_deck":["Strike_R","Strike_R","Strike_R","Strike_R","Strike_R","Defend_R","Defend_R","Defend_R","Defend_R","Bash","Pommel Strike","Flex","Blood for Blood","Regret","Carnage","Shrug It Off","Infernal Blade","Uppercut","Heavy Blade","Burning Pact","Uppercut","Demon Form+1","Havoc+1","Regret","Flex","Heavy Blade+1"],"relics":["Burning Blood","Mercury Hourglass","Torii","Nunchaku","Pantograph","Bottled Lightning","Mark of Pain","Gambling Chip","Dream Catcher","Bag of Preparation"],"acts_visited":["Exordium","TheCity"],"potions_floor_usage":[6,8,10,22,24,27,27],"damage_taken":[{"damage":9,"enemies":"2 Louse","floor":1,"turns":3},{"damage":0,"enemies":"Cultist","floor":3,"turns":2},{"damage":0,"enemies":"Small Slimes","floor":5,"turns":2},{"damage":35,"enemies":"3 Sentries","floor":6,"turns":6},{"damage":4,"enemies":"Exordium Thugs","floor":7,"turns":4},{"damage":41,"enemies":"Lagavulin","floor":8,"turns":4},{"damage":1,"enemies":"Lots of Slimes","floor":10,"turns":3},{"damage":18,"enemies":"Large Slime","floor":13,"turns":4},{"damage":4,"enemies":"2 Fungi Beasts","floor":14,"turns":3},{"damage":77,"enemies":"Hexaghost","floor":16,"turns":10},{"damage":2,"enemies":"Chosen","floor":18,"turns":3},{"damage":8,"enemies":"Spheric Guardian","floor":20,"turns":3},{"damage":1,"enemies":"Snake Plant","floor":22,"turns":2},{"damage":37,"enemies":"Slavers","floor":24,"turns":5},{"damage":41,"enemies":"Shelled Parasite and Fungi","floor":27,"turns":5},{"damage":58,"enemies":"Gremlin Leader","floor":28,"turns":5}],"seed_played":"6862394057380412746","potions_obtained":[{"floor":1,"key":"Block Potion"},{"floor":6,"key":"Ancient Potion"},{"floor":7,"key":"SkillPotion"},{"floor":8,"key":"ColorlessPotion"},{"floor":13,"key":"Explosive Potion"},{"floor":18,"key":"Explosive Potion"},{"floor":24,"key":"DuplicationPotion"}],"is_trial":false,"path_per_floor":["M","$","M","?","M","E","M","E","T","M","R","$","M","M","R","B",null,"M","?","M","$","M","R","E","R","T","M","E"],"character_chosen":"IRONCLAD","items_purchased":["Flex","Bottled Lightning","Gambling Chip"],"campfire_rested":3,"item_purchase_floors":[2,12,21],"current_hp_per_floor":[85,85,88,88,88,59,61,26,26,31,57,57,45,47,73,17,88,88,88,86,86,88,88,57,83,83,48,0,0],"gold":206,"neow_bonus":"TEN_PERCENT_HP_BONUS","is_daily":false,"chose_seed":false,"campfire_upgraded":1,"win_rate":0.0,"timestamp":1610986545,"path_taken":["M","$","M","?","M","E","M","E","T","M","R","$","M","M","R","BOSS","M","?","M","$","M","R","E","R","T","M","E"],"items_purchased_type":["Card","Relic","Relic"],"build_version":"2020-12-22","purchased_purges":0,"victory":false,"max_hp_per_floor":[88,88,88,88,88,88,88,88,88,88,88,88,88,88,88,88,88,88,88,88,88,88,88,88,88,88,88,88,88],"card_choices":[{"not_picked":["Whirlwind","Dual Wield"],"picked":"Pommel Strike","floor":1},{"not_picked":["True Grit","Flame Barrier"],"picked":"Blood for Blood","floor":3},{"not_picked":["Havoc","Shockwave"],"picked":"Carnage","floor":5},{"not_picked":["Pommel Strike","Clothesline"],"picked":"Shrug It Off","floor":6},{"not_picked":["Shockwave","Entrench"],"picked":"Infernal Blade","floor":7},{"not_picked":["Rage","Anger"],"picked":"Uppercut","floor":8},{"not_picked":["Metallicize","Reckless Charge"],"picked":"Heavy Blade","floor":10},{"not_picked":["Second Wind","Clash"],"picked":"Burning Pact","floor":13},{"not_picked":["Heavy Blade","Cleave"],"picked":"Uppercut","floor":14},{"not_picked":["Juggernaut","Double Tap"],"picked":"Demon Form","floor":16},{"not_picked":["Disarm","Warcry"],"picked":"Havoc+1","floor":18},{"not_picked":["Havoc+1","Blood for Blood"],"picked":"Flex","floor":20},{"not_picked":["Iron Wave","Disarm","Clothesline"],"picked":"SKIP","floor":22},{"not_picked":["Uppercut","Wild Strike"],"picked":"Heavy Blade+1","floor":24},{"not_picked":["Dual Wield","Body Slam","Combust"],"picked":"SKIP","floor":27}],"player_experience":104348,"relics_obtained":[{"floor":6,"key":"Torii"},{"floor":8,"key":"Nunchaku"},{"floor":9,"key":"Pantograph"},{"floor":24,"key":"Dream Catcher"},{"floor":26,"key":"Bag of Preparation"}],"event_choices":[{"damage_healed":0,"gold_gain":0,"player_choice":"Box","damage_taken":0,"relics_obtained":["Mercury Hourglass"],"max_hp_gain":0,"max_hp_loss":0,"event_name":"Big Fish","floor":4,"gold_loss":0,"cards_obtained":["Regret"]},{"damage_healed":0,"gold_gain":275,"player_choice":"Desecrate","damage_taken":0,"max_hp_gain":0,"max_hp_loss":0,"event_name":"Golden Shrine","floor":19,"gold_loss":0,"cards_obtained":["Regret"]}],"is_beta":false,"boss_relics":[{"not_picked":["Tiny House","Empty Cage"],"picked":"Mark of Pain"}],"items_purged_floors":[],"is_endless":false,"potions_floor_spawned":[1,6,7,8,13,18,24],"killed_by":"Gremlin Leader","ascension_level":3}}