{"host":"qik6c64y69p9jmph","time":1610953031,"event":{"mods":["AchievementEnabler","BaseMod","Downfall","Highlight Path","Minty Spire (QoL Compilation)","Quick Restart","StSLib","Synergy Search"],"gold_per_floor":[199,210,220,231,231,681,708,725,468,468,468,468,468,353,363,363,363,363],"floor_reached":16,"language":"ENG","playtime":748,"items_purged":["downfall:Icky","downfall:Icky"],"score":90,"play_id":"d6c3f00c-e0fa-4652-b91b-83a634f79224","local_time":"20210118015711","is_ascension_mode":false,"campfire_choices":[{"data":"Guardian:TwinSlam","floor":1,"key":"SMITH"}],"circlet_count":0,"master_deck":["Guardian:Strike_Guardian","Guardian:Strike_Guardian","Guardian:Strike_Guardian","Guardian:Strike_Guardian","Guardian:Defend_Guardian","Guardian:Defend_Guardian","Guardian:Defend_Guardian","Guardian:Defend_Guardian","Guardian:CurlUp","Guardian:TwinSlam+1","Guardian:Planning","Guardian:CrystalBeam","Guardian:BaubleBeam+1","Parasite","Guardian:Gem_Green","Guardian:Gem_Purple","Guardian:PiercingHide"],"relics":["Guardian:ModeShifter","Oddly Smooth Stone","Guardian:PickAxe","MealTicket"],"acts_visited":["Exordium"],"potions_floor_usage":[16],"damage_taken":[{"damage":6,"enemies":"Jaw Worm","floor":2,"turns":5},{"damage":0,"enemies":"Small Slimes","floor":3,"turns":2},{"damage":7,"enemies":"2 Louse","floor":4,"turns":4},{"damage":18,"enemies":"Large Slime","floor":8,"turns":10},{"damage":4,"enemies":"downfall:FleeingMerchant","floor":9,"turns":4},{"damage":0,"enemies":"downfall:FleeingMerchant","floor":14,"turns":4},{"damage":4,"enemies":"3 Louse","floor":15,"turns":5},{"damage":37,"enemies":"DF_ARCHETYPE_STREAMLINE","floor":16,"turns":10}],"seed_played":"3286096393813090230","potions_obtained":[{"floor":8,"key":"Block Potion"},{"floor":15,"key":"BlessingOfTheForge"}],"is_trial":false,"path_per_floor":["R","M","M","M","?","?","T","M","$","?","?","R","?","$","M","B"],"character_chosen":"GUARDIAN","items_purchased":["Guardian:Gem_Green","Guardian:PickAxe"],"campfire_rested":0,"item_purchase_floors":[9,9],"current_hp_per_floor":[80,74,74,67,67,67,67,49,45,65,65,65,40,55,51,14,14,14],"gold":363,"neow_bonus":"HUNDRED_GOLD","is_daily":false,"chose_seed":false,"campfire_upgraded":1,"win_rate":0.0,"timestamp":1610953031,"path_taken":["R","M","M","M","?","?","T","M","?","?","?","R","?","$","M","BOSS"],"items_purchased_type":["Card","Relic"],"build_version":"2020-12-22","purchased_purges":2,"victory":false,"max_hp_per_floor":[80,80,80,80,80,80,80,80,80,80,80,80,80,80,80,80,80,80],"card_choices":[{"not_picked":["Guardian:Gem_Red","Guardian:ArmoredProtocol"],"picked":"Guardian:Planning","floor":2},{"not_picked":["Guardian:VentSteam","Guardian:GuardianWhirl"],"picked":"Guardian:CrystalBeam","floor":3},{"not_picked":["Guardian:Repulse","Guardian:WalkerClaw"],"picked":"Guardian:BaubleBeam","floor":4},{"not_picked":["Guardian:TemporalStrike","Guardian:TimeCapacitor"],"picked":"Guardian:Gem_Red","floor":8},{"not_picked":["Guardian:Harden","Guardian:Reroute","Guardian:MultiBeam"],"picked":"SKIP","floor":9},{"not_picked":["Guardian:PolyBeam","Guardian:MultiBeam"],"picked":"Guardian:PiercingHide","floor":14},{"not_picked":["Guardian:SphericShield","Guardian:Gem_Fragmented","Guardian:WalkerClaw"],"picked":"SKIP","floor":15}],"player_experience":548786,"relics_obtained":[{"floor":7,"key":"Oddly Smooth Stone"}],"event_choices":[{"damage_healed":0,"gold_gain":0,"player_choice":"Grow","damage_taken":0,"max_hp_gain":0,"max_hp_loss":0,"event_name":"Living Wall","floor":5,"gold_loss":0,"cards_upgraded":["Guardian:BaubleBeam"]},{"damage_healed":20,"gold_gain":0,"player_choice":"Healed and dodged fight","damage_taken":0,"max_hp_gain":0,"max_hp_loss":0,"event_name":"Mushrooms","floor":10,"gold_loss":0,"cards_obtained":["Parasite"]},{"damage_healed":0,"gold_gain":0,"player_choice":"Success","damage_taken":25,"relics_obtained":["MealTicket"],"max_hp_gain":0,"max_hp_loss":0,"event_name":"Scrap Ooze","floor":13,"gold_loss":0}],"is_beta":false,"boss_relics":[],"items_purged_floors":[9,14],"is_endless":false,"potions_floor_spawned":[8,15],"killed_by":"DF_ARCHETYPE_STREAMLINE","ascension_level":0}}