{"host":"yvb207ks1sg3cxef","time":1610978470,"event":{"mods":["2.2 Compatiblity","BaseMod","Bestiary","Colored Powertips","Minty Spire (QoL Compilation)","Permanent Neow","Quick Restart","Relic Stats","StSLib"],"gold_per_floor":[114,124,137,137,20,20,45,45,98,141,7,33,48,63,63,160,160,178,192,192,208,307,307,307],"floor_reached":23,"language":"ENG","playtime":918,"items_purged":[],"score":418,"play_id":"5a8e05a1-194a-48a0-8a8c-43189df6518d","local_time":"20210118193110","is_ascension_mode":true,"campfire_choices":[{"data":"Wallop","floor":6.0,"key":"SMITH"},{"floor":8.0,"key":"REST"},{"data":"LikeWater","floor":15.0,"key":"SMITH"}],"circlet_count":0,"master_deck":["AscendersBane","Defend_P","Defend_P","Defend_P","Defend_P","Eruption+1","Vigilance","EmptyBody","Consecrate+1","WheelKick","Perseverance","Wallop+1","Consecrate","FollowUp","FearNoEvil","LikeWater+1","Protect","FlurryOfBlows","LikeWater","Establishment","CrushJoints+1","TalkToTheHand","Weave","ConjureBlade"],"relics":["PureWater","Regal Pillow","MawBank","StoneCalendar","PreservedInsect","Empty Cage"],"acts_visited":["TheCity"],"potions_floor_usage":[16,23],"damage_taken":[{"damage":7.0,"enemies":"Jaw Worm","floor":1.0,"turns":4.0},{"damage":0.0,"enemies":"2 Louse","floor":2.0,"turns":4.0},{"damage":2.0,"enemies":"Small Slimes","floor":3.0,"turns":3.0},{"damage":23.0,"enemies":"Lagavulin","floor":7.0,"turns":10.0},{"damage":5.0,"enemies":"3 Sentries","floor":10.0,"turns":7.0},{"damage":13.0,"enemies":"Gremlin Nob","floor":12.0,"turns":3.0},{"damage":0.0,"enemies":"Blue Slaver","floor":13.0,"turns":4.0},{"damage":0.0,"enemies":"2 Fungi Beasts","floor":14.0,"turns":3.0},{"damage":0,"enemies":"The Guardian","floor":16,"turns":15},{"damage":12,"enemies":"2 Thieves","floor":18,"turns":4},{"damage":8,"enemies":"Spheric Guardian","floor":19,"turns":6},{"damage":24,"enemies":"Centurion and Healer","floor":21,"turns":6},{"damage":0,"enemies":"Slavers","floor":23,"turns":1}],"seed_played":"7212083977073775384","potions_obtained":[{"floor":1.0,"key":"PowerPotion"},{"floor":7.0,"key":"Dexterity Potion"},{"floor":13.0,"key":"Fire Potion"},{"floor":16,"key":"SmokeBomb"}],"is_trial":false,"path_per_floor":["M","M","M","?","$","R","E","R","T","E","$","E","M","M","R","B",null,"M","M","?","M","?","E"],"character_chosen":"WATCHER","items_purchased":["Perseverance","Wallop","FearNoEvil","LikeWater"],"campfire_rested":1,"item_purchase_floors":[5,5,11,11],"current_hp_per_floor":[58,58,56,42,42,42,19,55,55,50,50,37,37,37,37,37,63,51,43,43,19,19,19,19],"gold":307,"neow_bonus":"UPGRADE_CARD","is_daily":false,"chose_seed":false,"campfire_upgraded":2,"win_rate":0.0,"timestamp":1610978470,"path_taken":["M","M","M","?","$","R","E","R","T","E","$","E","M","M","R","BOSS","M","M","?","M","?","E"],"items_purchased_type":["Card","Card","Card","Card"],"build_version":"2020-12-22","purchased_purges":0,"victory":false,"max_hp_per_floor":[72,72,72,72,72,72,72,72,72,72,72,72,72,72,72,72,72,72,72,72,72,72,72,72],"relic_stats":{"Regal Pillow":15,"counters":[13,70],"StoneCalendar":[50],"PreservedInsect":40,"MawBank":24,"obtain_stats":[{"Regal Pillow":7,"StoneCalendar":10,"PreservedInsect":12,"PureWater":0,"MawBank":9,"Empty Cage":17},{"Regal Pillow":4,"StoneCalendar":5,"PreservedInsect":6,"PureWater":0,"MawBank":4,"Empty Cage":9},{"Regal Pillow":21,"StoneCalendar":28,"PreservedInsect":31,"PureWater":0,"MawBank":21,"Empty Cage":53}]},"card_choices":[{"not_picked":["CarveReality","Evaluate"],"picked":"EmptyBody","floor":1.0},{"not_picked":["Weave","JustLucky"],"picked":"Consecrate","floor":2.0},{"not_picked":["WindmillStrike","Crescendo"],"picked":"WheelKick","floor":3.0},{"not_picked":["Protect","Judgement"],"picked":"Consecrate","floor":7.0},{"not_picked":["WreathOfFlame","Vengeance"],"picked":"FollowUp","floor":10.0},{"not_picked":["Judgement","BowlingBash"],"picked":"Protect","floor":12.0},{"not_picked":["ThirdEye","Halt"],"picked":"FlurryOfBlows","floor":13.0},{"not_picked":["FlurryOfBlows","Tantrum"],"picked":"LikeWater","floor":14.0},{"not_picked":["Devotion","Omniscience"],"picked":"Establishment","floor":16},{"not_picked":["BowlingBash","PathToVictory"],"picked":"CrushJoints+1","floor":18},{"not_picked":["BowlingBash","EmptyFist"],"picked":"TalkToTheHand","floor":19},{"not_picked":["JustLucky","CutThroughFate","Swivel"],"picked":"SKIP","floor":21}],"player_experience":380317,"relics_obtained":[{"floor":7.0,"key":"Regal Pillow"},{"floor":9.0,"key":"MawBank"},{"floor":10.0,"key":"StoneCalendar"},{"floor":12.0,"key":"PreservedInsect"}],"event_choices":[{"damage_healed":0.0,"max_hp_gain":0.0,"max_hp_loss":0.0,"gold_gain":0.0,"event_name":"Shining Light","player_choice":"Entered Light","floor":4.0,"gold_loss":0.0,"damage_taken":14.0,"cards_upgraded":["Strike_P","Consecrate"]},{"damage_healed":0,"gold_gain":0,"cards_transformed":["Strike_P","Strike_P"],"player_choice":"Became Test Subject","damage_taken":0,"max_hp_gain":0,"max_hp_loss":0,"event_name":"Drug Dealer","floor":20,"gold_loss":0,"cards_obtained":["Weave","ConjureBlade"]},{"damage_healed":0,"gold_gain":99,"player_choice":"Stole From Cult","damage_taken":0,"max_hp_gain":0,"max_hp_loss":0,"event_name":"Nest","floor":22,"gold_loss":0}],"is_beta":false,"boss_relics":[{"not_picked":["Pandora\u0027s Box","Ectoplasm"],"picked":"Empty Cage"}],"items_purged_floors":[],"is_endless":false,"potions_floor_spawned":[1,7,13,16,21],"killed_by":"Slavers","ascension_level":12}}