{"host":"dr2a9yz4ivtcgi18","time":1610976871,"event":{"mods":["100% Spire Juice","Act Like it!","Arknights The Spire","BaseMod","Better Vampires","BetterRewards","CapriCore","Conspire","Gensokyo","Minty Spire (QoL Compilation)","Replay The Spire","Robot Space Explorer","RumiaBox-露米娅的神秘盒子","Spicy Shops","StSLib","The Alterego","The Blackbeard","The Disciple","The Dragon Tamer","The Factory","The Hierophant","The Immortal","The Marked","WarShipGirlsR/战舰少女R mod","Yakumo Yukari mod","[GremlinLeader]The Maniac","vexMod","【功能Mod】混沌之环修复补丁"],"gold_per_floor":[116,135,135,151,165,196,215,215,215,229,241,241,161,193,193,291,291,301,301,57,76,92,92,92,92,92,18,30,46,46,46,46],"floor_reached":31,"language":"ZHS","playtime":1973,"items_purged":["ats:Strike V","ats:Assault Order"],"score":274,"play_id":"9e6b6a08-be91-4c2e-973e-bb5ea0b6dd18","local_time":"20210118213431","is_ascension_mode":false,"campfire_choices":[{"floor":8.0,"key":"REST"},{"data":"ats:Echo Reverb","floor":12.0,"key":"SMITH"},{"data":"ats:Emotion Absorption","floor":15.0,"key":"SMITH"},{"data":"ats:Soul Rend","floor":23.0,"key":"SMITH"},{"data":"ats:Burning Ground","floor":25.0,"key":"SMITH"}],"circlet_count":0,"master_deck":["ats:Strike C","ats:Strike G","ats:Armor Crushing Shot","ats:Defend","ats:Defend","ats:Emotion Absorption+1","ats:Echo Reverb+1","ats:Very Hot Blade","ats:Explosion Area Strengthen","ats:Hammer On","ats:Hook Shot","ats:Sunburst","ats:Guardian Obelisk","ats:Burning Ground+1","ats:Shadow Assault","ats:Magnetic Hammer","ats:Soul Rend+1","ats:Counter Healing Mode+1","ats:Assault Order+1","ats:Hook Shot+1","ats:Revitalization","ats:Spore Proliferation","ats:Ignite"],"relics":["ats:Sanity","vexMod:Spyglass","FossilizedHelix","Medical Kit","Gensokyo:Justice","ats:Originium","Nunchaku","GodSword4","conspire:BottledYoYo","Astrolabe","ReplayTheSpireMod:Ring of Collecting","ReplayTheSpireMod:TigerMarble","Gremlin Horn","Replay:Rubber Ducky"],"acts_visited":["Gensokyo:Gensokyo","Gensokyo:Gensokyoer"],"potions_floor_usage":[31],"damage_taken":[{"damage":4.0,"enemies":"Gensokyo:Gryphon","floor":1.0,"turns":4.0},{"damage":4.0,"enemies":"Gensokyo:2_Kodama","floor":2.0,"turns":4.0},{"damage":0.0,"enemies":"Gensokyo:Python","floor":4.0,"turns":3.0},{"damage":0.0,"enemies":"Gensokyo:2_Rabbits","floor":5.0,"turns":3.0},{"damage":22.0,"enemies":"Gensokyo:Aya","floor":6.0,"turns":7.0},{"damage":0.0,"enemies":"Gensokyo:LivingMonolith","floor":7.0,"turns":3.0},{"damage":0.0,"enemies":"Gensokyo:Kitsune","floor":10.0,"turns":3.0},{"damage":0.0,"enemies":"Gensokyo:2_Rabbits","floor":11.0,"turns":2.0},{"damage":0.0,"enemies":"Gensokyo:Cirno","floor":14.0,"turns":4.0},{"damage":10.0,"enemies":"Gensokyo:Yukari","floor":16.0,"turns":7.0},{"damage":24.0,"enemies":"Gensokyo:CosmicMonolith","floor":18.0,"turns":5.0},{"damage":0.0,"enemies":"Gensokyo:Chomper","floor":21.0,"turns":4.0},{"damage":20.0,"enemies":"Gensokyo:Swordslinger","floor":22.0,"turns":3.0},{"damage":21.0,"enemies":"Gensokyo:Mirror_and_Dog","floor":28.0,"turns":4.0},{"damage":0.0,"enemies":"Gensokyo:Chomper_and_Gloop","floor":29.0,"turns":4.0},{"damage":25,"enemies":"Gensokyo:Tenshi","floor":31,"turns":2}],"seed_played":"-170441938983220208","potions_obtained":[{"floor":4.0,"key":"Weak Potion"},{"floor":5.0,"key":"Weak Potion"},{"floor":7.0,"key":"DistilledChaos"},{"floor":10.0,"key":"Ancient Potion"},{"floor":18.0,"key":"ColorlessPotion"},{"floor":28.0,"key":"PowerPotion"}],"is_trial":false,"path_per_floor":["M","M","?","M","M","E","M","R","T","M","M","R","?","E","R","B",null,"M","?","$","M","M","R","?","R","T","$","M","M","$","E"],"character_chosen":"DOCTOR_CLASS","items_purchased":["vexMod:Spyglass","FossilizedHelix","Medical Kit","ats:Echo Reverb","ats:Very Hot Blade","ReplayTheSpireMod:TigerMarble","Replay:Rubber Ducky"],"campfire_rested":1,"item_purchase_floors":[0,0,0,0,0,20,27],"current_hp_per_floor":[36,32,32,32,32,10,10,31,31,31,31,31,31,31,31,21,72,50,50,50,51,31,31,31,31,31,31,15,15,15,0,0],"gold":46,"neow_bonus":"","is_daily":false,"chose_seed":false,"campfire_upgraded":4,"win_rate":0.0,"timestamp":1610976871,"path_taken":["M","M","?","M","M","E","M","R","T","M","M","R","?","E","R","BOSS","M","?","?","M","?","R","?","R","T","?","M","M","?","E"],"items_purchased_type":["Relic","Relic","Relic","Card","Card","Relic","Relic"],"build_version":"2020-12-22","purchased_purges":2,"victory":false,"max_hp_per_floor":[72,72,72,72,72,72,72,72,72,72,72,72,72,72,72,72,72,72,72,72,72,72,72,72,72,72,72,72,72,72,72,72],"card_choices":[{"not_picked":["ats:LN2 Cannon","ats:Chain Hook","ats:Assault Order"],"picked":"SKIP","floor":1.0},{"not_picked":["ats:Shell Defense","ats:Revitalization"],"picked":"ats:Curse Doll","floor":2.0},{"not_picked":["ats:Revitalization","ats:Childhood Dance"],"picked":"ats:Explosion Area Strengthen","floor":4.0},{"not_picked":["ats:Cat Scratch","ats:Leaping Hammer"],"picked":"ats:Hammer On","floor":5.0},{"not_picked":["ats:Fractured Body","ats:Shell Defense"],"picked":"ats:Hook Shot","floor":6.0},{"not_picked":["ats:Leaping Hammer","ats:Childhood Dance"],"picked":"ats:Assault Order","floor":7.0},{"not_picked":["ats:Hammer On","ats:Charging Defense"],"picked":"ats:Sunburst","floor":10.0},{"not_picked":["ats:Rapid Magazine","ats:Consecutive Shot Auto"],"picked":"ats:Guardian Obelisk","floor":11.0},{"not_picked":[],"picked":"ats:Burning Ground","floor":13.0},{"not_picked":[],"picked":"ats:Shadow Assault","floor":13.0},{"not_picked":["ats:Assault Order","ats:Cat Scratch"],"picked":"ats:Magnetic Hammer","floor":14.0},{"not_picked":["ats:Durian","ats:Fractured Body"],"picked":"ats:Soul Rend","floor":16.0},{"not_picked":["ats:Shell Defense","ats:Directed Diagnosis","ats:Explosion Area Strengthen"],"picked":"SKIP","floor":18.0},{"not_picked":["ats:Shell Defense","ats:Guardian Obelisk","ats:Consecutive Shot Auto+1"],"picked":"SKIP","floor":21.0},{"not_picked":["ats:Leaping Hammer","ats:Durian"],"picked":"ats:Revitalization","floor":22.0},{"not_picked":["ats:Powerful Strike","ats:Consecutive Shot Auto"],"picked":"ats:Spore Proliferation","floor":28.0},{"not_picked":["ats:Shell Defense","ats:Assault Order"],"picked":"ats:Ignite","floor":29.0}],"player_experience":422822,"relics_obtained":[{"floor":6.0,"key":"ats:Originium"},{"floor":6.0,"key":"Nunchaku"},{"floor":9.0,"key":"GodSword4"},{"floor":14.0,"key":"ats:Originium"},{"floor":14.0,"key":"conspire:BottledYoYo"},{"floor":19.0,"key":"ReplayTheSpireMod:Ring of Collecting"},{"floor":26.0,"key":"Gremlin Horn"}],"event_choices":[],"is_beta":false,"boss_relics":[{"not_picked":["ats:Sanity Plus","Replay:Drink Me"],"picked":"Astrolabe"}],"items_purged_floors":[0,20],"is_endless":false,"potions_floor_spawned":[4,5,7,10,18,28],"killed_by":"Gensokyo:Tenshi","ascension_level":0}}