{"host":"Zandorum","time":1610946834,"event":{"mods":["100% Spire Juice","2.2 Compatiblity","Act Like it!","Bard","BaseMod","Better Note","Hermit","Hubris","Jorbs\u0027s Wanderer Trilogy","Mimic Mod","Minty Spire (QoL Compilation)","Quick Restart","Rare Cards Sparkle","Reorder Act Four","Somnambulant","StSLib","The Cursed","The Disciple","The Hierophant","The Jungle","The Runesmith","TheVacant"],"gold_per_floor":[110,124,134,14,69,102,102,14,14,14,14,25,25,82,82,178,58,77,77,77,176,176,176,176,196,222,232,232,247,260,278,278,278,278],"floor_reached":33,"language":"ENG","playtime":1506,"items_purged":[],"score":255,"play_id":"0522d538-016e-4aed-9694-d4fb68f44302","local_time":"20210117211354","is_ascension_mode":false,"campfire_choices":[{"floor":7.0,"key":"REST"},{"floor":11.0,"key":"REST"},{"floor":15.0,"key":"REST"},{"data":"Moonworks:Ambush","floor":23.0,"key":"SMITH"},{"data":"Moonworks:NicePresent","floor":28.0,"key":"SMITH"},{"floor":32.0,"key":"REST"}],"circlet_count":0,"master_deck":["Moonworks:Strike","Moonworks:Strike","Moonworks:Strike","Moonworks:Defend","Moonworks:Defend","Moonworks:Defend","Moonworks:Defend","Moonworks:Ambush+1","Moonworks:LongDistanceShot","Moonworks:StarBlastingFuse","Moonworks:BindingChains","hubris:NaturalOne","Moonworks:NicePresent+1","Moonworks:ScrambledEve","Moonworks:NicePresent+1","Hologram","Moonworks:FullSpeedAlicianrone+1","Moonworks:SakisCookie"],"relics":["Moonworks:BrokenBomb","Moonworks:Homemark","hubris:Icosahedron","Runesmith:Nanobots","Bag of Marbles","Prayer Wheel","CaptainsWheel","Empty Cage","InkBottle","Toy Ornithopter"],"acts_visited":["Exordium","TheCity"],"potions_floor_usage":[33,33],"damage_taken":[{"damage":3.0,"enemies":"Jaw Worm","floor":1.0,"turns":3.0},{"damage":0.0,"enemies":"Small Slimes","floor":2.0,"turns":4.0},{"damage":0.0,"enemies":"Cultist","floor":3.0,"turns":3.0},{"damage":47.0,"enemies":"3 Sentries","floor":6.0,"turns":9.0},{"damage":16.0,"enemies":"Gremlin Nob","floor":8.0,"turns":3.0},{"damage":0.0,"enemies":"Large Slime","floor":12.0,"turns":5.0},{"damage":35.0,"enemies":"Gremlin Nob","floor":14.0,"turns":5.0},{"damage":10.0,"enemies":"Hexaghost","floor":16.0,"turns":9.0},{"damage":7.0,"enemies":"Chosen","floor":18.0,"turns":6.0},{"damage":0.0,"enemies":"Spheric Guardian","floor":25.0,"turns":2.0},{"damage":8.0,"enemies":"Centurion and Healer","floor":27.0,"turns":4.0},{"damage":10.0,"enemies":"Cultist and Chosen","floor":29.0,"turns":3.0},{"damage":27.0,"enemies":"Chosen and Byrds","floor":30.0,"turns":4.0},{"damage":11.0,"enemies":"Snecko","floor":31.0,"turns":4.0},{"damage":53,"enemies":"Champ","floor":33,"turns":6}],"seed_played":"-756567606359871124","potions_obtained":[{"floor":1.0,"key":"ColorlessPotion"},{"floor":3.0,"key":"DuplicationPotion"},{"floor":8.0,"key":"PowerPotion"},{"floor":12.0,"key":"SpeedPotion"},{"floor":27.0,"key":"EntropicBrew"},{"floor":30.0,"key":"BlessingOfTheForge"}],"is_trial":false,"path_per_floor":["M","M","M","?","?","E","R","E","T","$","R","M","$","?","R","B",null,"M","?","$","?","T","R","?","M","T","M","R","M","M","M","R","B"],"character_chosen":"THE_STARBREAKER","items_purchased":[],"campfire_rested":4,"item_purchase_floors":[],"current_hp_per_floor":[63,63,63,63,63,16,35,19,19,19,38,38,38,3,22,12,66,59,59,59,59,59,59,59,59,59,51,51,41,29,18,37,0,0],"gold":278,"neow_bonus":"TEN_PERCENT_HP_BONUS","is_daily":false,"chose_seed":false,"campfire_upgraded":2,"win_rate":0.0,"timestamp":1610946834,"path_taken":["M","M","M","?","?","E","R","E","T","$","R","M","?","?","R","BOSS","M","?","$","?","?","R","?","?","T","M","R","M","M","M","R","BOSS"],"items_purchased_type":[],"build_version":"2020-12-18","purchased_purges":0,"victory":false,"max_hp_per_floor":[66,66,66,66,66,66,66,66,66,66,66,66,66,66,66,66,66,66,66,66,66,66,66,66,66,66,66,66,66,66,66,66,66,66],"card_choices":[{"not_picked":["Moonworks:SweetBattle","Moonworks:BigMagnum","Moonworks:ScrambledEve"],"picked":"SKIP","floor":1.0},{"not_picked":["Moonworks:ImOnFire","Moonworks:JonathanRush","Moonworks:ImmovableObject"],"picked":"SKIP","floor":2.0},{"not_picked":["Moonworks:Flamethrower","Moonworks:SweetBattle"],"picked":"Moonworks:StarBlastingFuse","floor":3.0},{"not_picked":["Moonworks:Dinner","Moonworks:BigBangBell","Moonworks:ScrambledEve"],"picked":"SKIP","floor":6.0},{"not_picked":["Moonworks:SakisCookie","Moonworks:BackdoorTrade"],"picked":"Moonworks:BindingChains","floor":8.0},{"not_picked":["Moonworks:ImOnFire","Moonworks:DeployBits"],"picked":"Moonworks:NicePresent","floor":12.0},{"not_picked":["Moonworks:JonathanRush","Moonworks:DeployBits"],"picked":"Moonworks:ScrambledEve","floor":12.0},{"not_picked":["Moonworks:SakisCookie","Moonworks:Flamethrower"],"picked":"Moonworks:NicePresent+1","floor":18.0},{"not_picked":["Moonworks:LulusLuckyEgg","Moonworks:ImOnFire","Moonworks:IndiscriminateFireSupport+1"],"picked":"SKIP","floor":18.0},{"not_picked":["Moonworks:BackdoorTrade","Moonworks:Dash"],"picked":"Moonworks:FullSpeedAlicianrone+1","floor":25.0},{"not_picked":["Moonworks:IndiscriminateFireSupport","Moonworks:EvilSpyWorkPreparation","Moonworks:JonathanRush"],"picked":"SKIP","floor":25.0},{"not_picked":["Moonworks:EvilSpyWorkPreparation","Moonworks:MiracleWalker","Moonworks:SakisCookie"],"picked":"SKIP","floor":27.0},{"not_picked":["Moonworks:IndiscriminateFireSupport+1","Moonworks:EvilSpyWorkPreparation","Moonworks:DeployBits"],"picked":"SKIP","floor":27.0},{"not_picked":["Moonworks:BigBangBell","Moonworks:AnotherUltimateWeapon","Moonworks:MiracleRedBeanIceCream"],"picked":"SKIP","floor":29.0},{"not_picked":["Moonworks:CloudOfSeagulls","Moonworks:SweetBattle","Moonworks:LulusLuckyEgg"],"picked":"SKIP","floor":29.0},{"not_picked":["Moonworks:FinalSurgery+1","Moonworks:JonathanRush","Moonworks:BigMagnum"],"picked":"SKIP","floor":30.0},{"not_picked":["Moonworks:ImOnFire","Moonworks:Bloodlust+1","Moonworks:EvilSpyWorkPreparation"],"picked":"SKIP","floor":30.0},{"not_picked":["Moonworks:LulusLuckyEgg","Moonworks:DeployBits"],"picked":"Moonworks:SakisCookie","floor":31.0},{"not_picked":["Moonworks:Dinner","Moonworks:IndiscriminateFireSupport","Moonworks:IntelligenceOfficer"],"picked":"SKIP","floor":31.0}],"player_experience":150109,"relics_obtained":[{"floor":6.0,"key":"Runesmith:Nanobots"},{"floor":8.0,"key":"Bag of Marbles"},{"floor":9.0,"key":"Prayer Wheel"},{"floor":14.0,"key":"CaptainsWheel"},{"floor":22.0,"key":"InkBottle"},{"floor":26.0,"key":"Toy Ornithopter"}],"event_choices":[{"damage_healed":0.0,"max_hp_gain":0.0,"max_hp_loss":0.0,"gold_gain":175.0,"event_name":"Liars Game","player_choice":"AGREE","floor":5.0,"gold_loss":0.0,"damage_taken":0.0,"cards_obtained":["Doubt"]},{"damage_healed":0.0,"max_hp_gain":0.0,"max_hp_loss":0.0,"gold_gain":0.0,"event_name":"Dead Adventurer","player_choice":"Searched \u00271\u0027 times","floor":14.0,"gold_loss":0.0,"damage_taken":0.0},{"cards_removed":["Moonworks:StarBlastingFuse"],"damage_healed":0.0,"max_hp_gain":0.0,"max_hp_loss":0.0,"gold_gain":0.0,"event_name":"betterNote:BetterNote","player_choice":"Give","floor":19.0,"gold_loss":0.0,"damage_taken":0.0,"cards_obtained":["Madness"]},{"damage_healed":0.0,"max_hp_gain":0.0,"max_hp_loss":0.0,"gold_gain":99.0,"event_name":"Nest","player_choice":"Stole From Cult","floor":21.0,"gold_loss":0.0,"damage_taken":0.0},{"damage_healed":0.0,"max_hp_gain":0.0,"max_hp_loss":0.0,"gold_gain":0.0,"event_name":"The Library","player_choice":"Read","floor":24.0,"gold_loss":0.0,"damage_taken":0.0,"cards_obtained":["Hologram"]}],"is_beta":true,"boss_relics":[{"not_picked":["Sozu","Runesmith:UraniumAnvil"],"picked":"Empty Cage"}],"items_purged_floors":[],"is_endless":false,"potions_floor_spawned":[1,3,8,12,27,30],"killed_by":"Champ","ascension_level":0}}