{"host":"xz7n3qy1zq36rzpg","time":1610960438,"event":{"mods":["BaseMod","Colored Map","Colored Powertips","Highlight Path","Minty Spire (QoL Compilation)","Quick Restart","Shop Mod"],"gold_per_floor":[109,129,146,162,162,193,207,207,207,207,36,63,82,102,102,225,225,225,225,225,225,57,57,57,57,57,57,24,24,24,24,24,24,24,24,24,0,0,0,0,0,0,0,0,0,0,0,0,0,0],"floor_reached":51,"language":"ENG","playtime":2350,"items_purged":["Strike_G","Strike_G"],"score":888,"play_id":"4760557a-541d-4f3e-a9f3-22f9a5581f4b","local_time":"20210118100038","is_ascension_mode":true,"campfire_choices":[{"floor":10,"key":"REST"},{"floor":15,"key":"REST"},{"data":"Blade Dance","floor":24,"key":"SMITH"},{"data":"After Image","floor":30,"key":"SMITH"},{"floor":32,"key":"REST"},{"data":"Poisoned Stab","floor":41,"key":"SMITH"},{"floor":46,"key":"REST"},{"data":"Burst","floor":49,"key":"SMITH"}],"circlet_count":0,"master_deck":["Strike_G","Strike_G","Defend_G","Defend_G","Defend_G","Defend_G","Survivor","Neutralize","Infinite Blades","Blade Dance+1","Predator","Accuracy","Poisoned Stab+1","Backflip","Backstab","Cloak And Dagger","After Image+1","Deflect+1","Slice+1","Terror","Burst+1","PiercingWail","All Out Attack","A Thousand Cuts","Backflip","Caltrops","Footwork","Die Die Die","Deflect+1","Writhe","Deadly Poison+1","Accuracy+1","Parasite"],"relics":["Ring of the Snake","Calipers","Centennial Puzzle","Shovel","Shuriken","Mummified Hand","Ectoplasm","Boot","StrikeDummy","Nunchaku","WristBlade","Red Mask","Turnip","Pear","Bag of Preparation","Du-Vu Doll"],"acts_visited":["Exordium","TheCity","TheBeyond"],"potions_floor_usage":[3,16,16,16,29,29,44,50,50],"damage_taken":[{"damage":5,"enemies":"Cultist","floor":1,"turns":6},{"damage":0,"enemies":"Jaw Worm","floor":2,"turns":4},{"damage":0,"enemies":"2 Louse","floor":3,"turns":2},{"damage":19,"enemies":"2 Fungi Beasts","floor":4,"turns":3},{"damage":8,"enemies":"Gremlin Nob","floor":6,"turns":3},{"damage":12,"enemies":"3 Louse","floor":7,"turns":2},{"damage":20,"enemies":"3 Sentries","floor":12,"turns":5},{"damage":1,"enemies":"Exordium Thugs","floor":13,"turns":3},{"damage":6,"enemies":"Lots of Slimes","floor":14,"turns":3},{"damage":18,"enemies":"Slime Boss","floor":16,"turns":6},{"damage":1,"enemies":"Chosen","floor":18,"turns":3},{"damage":9,"enemies":"Spheric Guardian","floor":19,"turns":4},{"damage":13,"enemies":"Book of Stabbing","floor":23,"turns":4},{"damage":14,"enemies":"Gremlin Leader","floor":25,"turns":5},{"damage":0,"enemies":"3 Cultists","floor":29,"turns":4},{"damage":1,"enemies":"Chosen and Byrds","floor":31,"turns":3},{"damage":24,"enemies":"Champ","floor":33,"turns":9},{"damage":29,"enemies":"3 Darklings","floor":35,"turns":3},{"damage":0,"enemies":"3 Shapes","floor":36,"turns":4},{"damage":19,"enemies":"Nemesis","floor":40,"turns":7},{"damage":19,"enemies":"Giant Head","floor":42,"turns":6},{"damage":1,"enemies":"Jaw Worm Horde","floor":44,"turns":3},{"damage":9,"enemies":"Mind Bloom Boss Battle","floor":45,"turns":4},{"damage":0,"enemies":"4 Shapes","floor":47,"turns":3},{"damage":0,"enemies":"Writhing Mass","floor":48,"turns":4},{"damage":49,"enemies":"Time Eater","floor":50,"turns":8}],"seed_played":"-7602756118250449591","potions_obtained":[{"floor":2,"key":"Fruit Juice"},{"floor":6,"key":"SmokeBomb"},{"floor":12,"key":"ColorlessPotion"},{"floor":13,"key":"Block Potion"},{"floor":16,"key":"Swift Potion"},{"floor":23,"key":"Poison Potion"},{"floor":27,"key":"Regen Potion"},{"floor":29,"key":"Fruit Juice"},{"floor":35,"key":"Dexterity Potion"},{"floor":42,"key":"CunningPotion"},{"floor":47,"key":"Ancient Potion"}],"is_trial":false,"path_per_floor":["M","M","M","M","?","E","M","?","T","R","$","E","M","M","R","B",null,"M","M","?","?","$","E","R","E","T","?","$","M","R","M","R","B",null,"M","M","?","?","?","E","R","E","T","M","?","R","M","M","R","B",null],"character_chosen":"THE_SILENT","items_purchased":["EntropicBrew","All Out Attack","Caltrops"],"campfire_rested":4,"item_purchase_floors":[11,22,28],"current_hp_per_floor":[65,65,70,51,48,40,28,28,28,50,50,30,29,23,45,27,75,74,65,65,65,65,52,52,38,38,38,38,55,55,54,78,54,80,51,51,51,51,71,52,52,43,43,42,33,60,60,60,60,11],"gold":0,"neow_bonus":"THREE_CARDS","is_daily":false,"chose_seed":false,"campfire_upgraded":4,"win_rate":0.0,"timestamp":1610960438,"path_taken":["M","M","M","M","?","E","M","?","T","R","$","E","M","M","R","BOSS","M","M","?","?","$","E","R","E","T","?","$","?","R","?","R","BOSS","M","M","?","?","?","E","R","E","T","M","?","R","M","?","R","BOSS"],"items_purchased_type":["Potion","Card","Card"],"build_version":"2020-12-22","purchased_purges":2,"victory":true,"max_hp_per_floor":[70,70,75,75,75,75,75,75,75,75,75,75,75,75,75,75,75,75,75,75,75,75,75,75,75,75,75,75,80,80,80,80,80,80,80,80,80,80,80,80,80,90,90,90,90,90,90,90,90,90],"card_choices":[{"not_picked":["Poisoned Stab","Dagger Throw"],"picked":"Infinite Blades","floor":0},{"not_picked":["Bane","Underhanded Strike"],"picked":"Blade Dance","floor":1},{"not_picked":["Dodge and Roll","Noxious Fumes"],"picked":"Predator","floor":2},{"not_picked":["Blur","Tactician"],"picked":"Accuracy","floor":3},{"not_picked":["Predator","Outmaneuver"],"picked":"Poisoned Stab","floor":4},{"not_picked":["Night Terror","Flying Knee","Underhanded Strike"],"picked":"SKIP","floor":6},{"not_picked":["Blade Dance","Deadly Poison"],"picked":"Backflip","floor":7},{"not_picked":["Escape Plan","Flying Knee"],"picked":"Backstab","floor":12},{"not_picked":["Sucker Punch","Deadly Poison","Acrobatics"],"picked":"SKIP","floor":13},{"not_picked":["Backflip","Poisoned Stab"],"picked":"Cloak And Dagger","floor":14},{"not_picked":["Adrenaline","Malaise"],"picked":"After Image","floor":16},{"not_picked":["Infinite Blades+1","Riddle With Holes"],"picked":"Deflect+1","floor":18},{"not_picked":["Heel Hook+1","Flechettes+1"],"picked":"Slice+1","floor":19},{"not_picked":["Setup","Crippling Poison+1"],"picked":"A Thousand Cuts","floor":23},{"not_picked":["Dagger Spray+1","Skewer+1"],"picked":"Backflip","floor":25},{"not_picked":["Quick Slash+1","Deadly Poison","Cloak And Dagger"],"picked":"SKIP","floor":29},{"not_picked":["Sucker Punch","Noxious Fumes"],"picked":"Footwork","floor":31},{"not_picked":["Burst","Grand Finale"],"picked":"Die Die Die","floor":33},{"not_picked":["Slice","Dagger Spray+1"],"picked":"Deflect+1","floor":35},{"not_picked":["Underhanded Strike","Acrobatics"],"picked":"Dash","floor":36},{"not_picked":["Skewer","Acrobatics"],"picked":"Deadly Poison+1","floor":40},{"not_picked":["Escape Plan","Backflip+1"],"picked":"Accuracy+1","floor":42},{"not_picked":["Catalyst","Burst","Dagger Spray"],"picked":"SKIP","floor":44},{"not_picked":["Heel Hook+1","Sucker Punch+1","Dagger Spray+1"],"picked":"SKIP","floor":47},{"not_picked":["Skewer","Dagger Spray","Backflip"],"picked":"SKIP","floor":48}],"player_experience":332821,"relics_obtained":[{"floor":6,"key":"Centennial Puzzle"},{"floor":9,"key":"Shuriken"},{"floor":12,"key":"Mummified Hand"},{"floor":23,"key":"Boot"},{"floor":25,"key":"StrikeDummy"},{"floor":26,"key":"Nunchaku"},{"floor":40,"key":"Turnip"},{"floor":42,"key":"Pear"},{"floor":43,"key":"Bag of Preparation"},{"floor":45,"key":"Du-Vu Doll"}],"event_choices":[{"damage_healed":0,"gold_gain":0,"player_choice":"Success","damage_taken":3,"relics_obtained":["Calipers"],"max_hp_gain":0,"max_hp_loss":0,"event_name":"Scrap Ooze","floor":5,"gold_loss":0},{"damage_healed":0,"gold_gain":0,"player_choice":"Searched \u00271\u0027 times","damage_taken":0,"relics_obtained":["Shovel"],"max_hp_gain":0,"max_hp_loss":0,"event_name":"Dead Adventurer","floor":8,"gold_loss":0},{"damage_healed":0,"gold_gain":0,"player_choice":"Read","damage_taken":0,"max_hp_gain":0,"max_hp_loss":0,"event_name":"The Library","floor":20,"gold_loss":0,"cards_obtained":["Terror"]},{"damage_healed":0,"gold_gain":0,"cards_transformed":["Defend_G","Strike_G"],"player_choice":"Became Test Subject","damage_taken":0,"max_hp_gain":0,"max_hp_loss":0,"event_name":"Drug Dealer","floor":21,"gold_loss":0,"cards_obtained":["Burst","PiercingWail"]},{"damage_healed":0,"gold_gain":0,"player_choice":"Got Potions","damage_taken":0,"max_hp_gain":0,"max_hp_loss":0,"event_name":"Lab","floor":27,"gold_loss":0},{"damage_healed":0,"gold_gain":0,"player_choice":"Paid","damage_taken":0,"relics_obtained":["Red Mask"],"max_hp_gain":0,"max_hp_loss":0,"event_name":"Tomb of Lord Red Mask","floor":37,"gold_loss":24},{"cards_removed":["Dash"],"damage_healed":0,"gold_gain":0,"player_choice":"Removed Attack","damage_taken":0,"max_hp_gain":0,"max_hp_loss":0,"event_name":"Falling","floor":38,"gold_loss":0},{"damage_healed":20,"gold_gain":0,"player_choice":"Writhe","damage_taken":0,"max_hp_gain":0,"max_hp_loss":0,"event_name":"Winding Halls","floor":39,"gold_loss":0,"cards_obtained":["Writhe"]},{"damage_healed":0,"gold_gain":0,"player_choice":"Fight","damage_taken":0,"max_hp_gain":0,"max_hp_loss":0,"event_name":"MindBloom","floor":45,"gold_loss":0}],"is_beta":false,"boss_relics":[{"not_picked":["Black Star","Tiny House"],"picked":"Ectoplasm"},{"not_picked":["Velvet Choker","Busted Crown"],"picked":"WristBlade"}],"items_purged_floors":[11,22],"is_endless":false,"potions_floor_spawned":[2,6,12,13,14,16,23,29,35,36,42,47,48],"ascension_level":3}}