{"host":"71x3l6y2fkerz90u","time":1610929674,"event":{"mods":["BaseMod","Downfall","Hubris","Minty Spire (QoL Compilation)","StSLib","The Necromancer"],"gold_per_floor":[99,195,214,241,691,710,784,784,798,815,815,452,552,129,141,245,245,245,264,276,296,36,36,62,62,78,88,81,116,116,14,42,145,145,70,84,84,98,121,135,135,135,185,292,143,143,193,170,186,186],"floor_reached":51,"language":"DEU","playtime":4954,"items_purged":[],"score":814,"play_id":"46cb787f-a267-403b-8935-ddd5e1fa5a37","local_time":"20210118012754","is_ascension_mode":false,"campfire_choices":[{"data":"hexamod:Strike","floor":1.0,"key":"SMITH"},{"floor":11.0,"key":"REST"},{"data":"hexamod:Sear","floor":23.0,"key":"SMITH"},{"data":"hexamod:WildfireWeapon","floor":25.0,"key":"SMITH"},{"floor":30.0,"key":"RECALL"},{"data":"hexamod:Strike","floor":35.0,"key":"SMITH"}],"circlet_count":7,"master_deck":["hexamod:Strike","hexamod:Strike","hexamod:Strike+1","hexamod:Strike+1","hexamod:Defend","hexamod:Defend+1","hexamod:Defend+1","hexamod:Sear+1","hexamod:Float","hexamod:AdvancingGuard","hexamod:InspiringFlames+1","hexamod:SecondSeal","hexamod:EmpoweredFlame","hexamod:ThermalTransfer","hexamod:AdvancingGuard","hexamod:WildfireWeapon+1","hexamod:FourthSeal","hexamod:RadiantFlame","hexamod:SoulSteal","hexamod:NightmareStrike","hexamod:HauntingEcho","hexamod:BurningTouch","hexamod:ShieldOfDarkness","hexamod:ShieldOfDarkness","hexamod:GhostOfSpirePast","hexamod:HexaLevel+1","hexamod:DynamicBlow","hexamod:NightmareStrike+1","hexamod:ThermalTransfer","hexamod:BurningTouch+1","hexamod:HauntingEcho","hexamod:NightmareStrike+1","hexamod:Hexaguard","hexamod:FastForward","hexamod:FourthSeal","hexamod:FourthSeal","hexamod:SwordOfDarkness","hexamod:SwordOfDarkness+1","hexamod:RainOfEmbers","hexamod:HexaLevel","hexamod:RainOfEmbers+1","hexamod:GhostLash+1","hexamod:ThermalTransfer","hexamod:Hexaguard","hexamod:NecessarySacrifice","hexamod:GhostOfSpirePresent","expansioncontent:QuickStudy","hexamod:NightmareStrike+1","hexamod:SixthSeal","hexamod:SwordOfDarkness+1","hexamod:ThirdSeal","hexamod:NightmareStrike","hexamod:GhostLash+1","hexamod:BurningTouch+1","Normality","hexamod:HeatCrush+1","expansioncontent:PrepareCrush","expansioncontent:YouAreMine","expansioncontent:YouAreMine","hexamod:HeatMetal+1","hexamod:SwordOfDarkness","hexamod:StepThrough+1"],"relics":["hexamod:SpiritBrand","Circlet","Gambling Chip","White Beast Statue","Bag of Preparation","ClockworkSouvenir","hubris:BlackHole","downfall:HeartBlessingRed","Whetstone","Bag of Marbles","hubris:CuriousFeather"],"acts_visited":["Exordium","TheCity","TheBeyond"],"potions_floor_usage":[50,50],"damage_taken":[{"damage":0.0,"enemies":"Small Slimes","floor":3.0,"turns":4.0},{"damage":5.0,"enemies":"2 Louse","floor":4.0,"turns":5.0},{"damage":1.0,"enemies":"Jaw Worm","floor":6.0,"turns":5.0},{"damage":2.0,"enemies":"Blue Slaver","floor":9.0,"turns":5.0},{"damage":7.0,"enemies":"Red Slaver","floor":10.0,"turns":4.0},{"damage":0.0,"enemies":"downfall:FleeingMerchant","floor":12.0,"turns":4.0},{"damage":36.0,"enemies":"downfall:LadyInBlue","floor":13.0,"turns":12.0},{"damage":0.0,"enemies":"downfall:FleeingMerchant","floor":14.0,"turns":4.0},{"damage":5.0,"enemies":"Exordium Thugs","floor":15.0,"turns":3.0},{"damage":12.0,"enemies":"downfall:Watcher","floor":16.0,"turns":9.0},{"damage":0.0,"enemies":"Chosen","floor":19.0,"turns":4.0},{"damage":0.0,"enemies":"Shell Parasite","floor":20.0,"turns":3.0},{"damage":0.0,"enemies":"Cultist and Chosen","floor":21.0,"turns":4.0},{"damage":0.0,"enemies":"downfall:FleeingMerchant","floor":22.0,"turns":4.0},{"damage":0.0,"enemies":"Centurion and Healer","floor":26.0,"turns":4.0},{"damage":3.0,"enemies":"Snake Plant","floor":27.0,"turns":3.0},{"damage":0.0,"enemies":"downfall:FleeingMerchant","floor":28.0,"turns":4.0},{"damage":1.0,"enemies":"Slavers","floor":29.0,"turns":4.0},{"damage":0.0,"enemies":"downfall:FleeingMerchant","floor":31.0,"turns":2.0},{"damage":0.0,"enemies":"3 Cultists","floor":32.0,"turns":4.0},{"damage":15.0,"enemies":"downfall:Silent","floor":33.0,"turns":5.0},{"damage":0.0,"enemies":"Orb Walker","floor":36.0,"turns":2.0},{"damage":0.0,"enemies":"3 Darklings","floor":38.0,"turns":3.0},{"damage":0.0,"enemies":"Transient","floor":39.0,"turns":5.0},{"damage":0.0,"enemies":"Spire Growth","floor":40.0,"turns":2.0},{"damage":0.0,"enemies":"Reptomancer","floor":44.0,"turns":6.0},{"damage":0,"enemies":"Reptomancer","floor":47,"turns":3},{"damage":0,"enemies":"Jaw Worm Horde","floor":49,"turns":2},{"damage":3,"enemies":"IC_BLOCK_ARCHETYPE","floor":50,"turns":3}],"seed_played":"2701705991137623987","potions_obtained":[{"floor":10.0,"key":"LifebloodPotion"},{"floor":10.0,"key":"Elixir"},{"floor":13.0,"key":"Reflective Coating"},{"floor":13.0,"key":"hexamod:EctoCoolerPotion"},{"floor":13.0,"key":"Milkshake"},{"floor":14.0,"key":"Cursed Concoction"},{"floor":14.0,"key":"champ:CounterPotion"},{"floor":15.0,"key":"Regen Potion"},{"floor":16.0,"key":"ColorlessPotion"},{"floor":18.0,"key":"EssenceOfSteel"},{"floor":18.0,"key":"Adrenaline Potion"},{"floor":19.0,"key":"Block Potion"},{"floor":22.0,"key":"GamblersBrew"},{"floor":22.0,"key":"FearPotion"},{"floor":26.0,"key":"Dexterity Potion"},{"floor":26.0,"key":"SkillPotion"},{"floor":27.0,"key":"FairyPotion"},{"floor":27.0,"key":"LiquidMemories"},{"floor":28.0,"key":"Fire Potion"},{"floor":28.0,"key":"Weak Potion"},{"floor":29.0,"key":"DistilledChaos"},{"floor":29.0,"key":"PowerPotion"},{"floor":32.0,"key":"Cursed Concoction"},{"floor":32.0,"key":"champ:CounterPotion"},{"floor":33.0,"key":"champ:CounterPotion"},{"floor":36.0,"key":"SpeedPotion"},{"floor":38.0,"key":"DuplicationPotion"},{"floor":38.0,"key":"GamblersBrew"},{"floor":39.0,"key":"SkillPotion"},{"floor":44,"key":"Energy Potion"},{"floor":49,"key":"DistilledChaos"}],"is_trial":false,"path_per_floor":["R","?","M","M","?","M","T","?","M","M","R","$","?","$","M","B",null,"R","M","M","M","$","R","T","R","M","M","$","E","R","$","M","B",null,"R","M","?","M","M","M","T","$","?","E","$","?","?","$","M","B",null],"character_chosen":"THE_SPIRIT","items_purchased":["hexamod:NightmareStrike","Gambling Chip","hexamod:ShieldOfDarkness","Bag of Preparation","hexamod:ExtraCrispy","ClockworkSouvenir","hexamod:HauntingEcho","hexamod:NightmareStrike","hexamod:Hexaguard","hexamod:FastForward","hexamod:FourthSeal","hexamod:GhostLash","hexamod:ThermalTransfer","hexamod:Hexaguard","hexamod:NecessarySacrifice","hexamod:GhostOfSpirePresent","expansioncontent:QuickStudy","Bag of Marbles","hexamod:SwordOfDarkness"],"campfire_rested":1,"item_purchase_floors":[12,12,14,14,14,14,22,22,22,22,22,31,31,31,31,31,31,45,48],"current_hp_per_floor":[77,58,58,53,53,52,52,52,50,43,66,66,30,30,25,28,77,77,77,77,77,77,77,77,77,77,74,74,73,73,73,73,58,58,58,58,58,58,58,58,58,58,58,58,58,48,48,48,48,45],"gold":186,"neow_bonus":"TEN_PERCENT_HP_BONUS","is_daily":false,"chose_seed":false,"campfire_upgraded":4,"win_rate":0.0,"timestamp":1610929674,"path_taken":["R","?","M","M","?","M","T","?","?","M","R","$","?","?","M","BOSS","R","M","M","M","$","R","T","R","M","?","$","E","R","$","M","BOSS","R","M","?","?","M","?","T","$","?","E","$","?","?","$","M","BOSS"],"items_purchased_type":["Card","Relic","Card","Relic","Card","Relic","Card","Card","Card","Card","Card","Card","Card","Card","Card","Card","Card","Relic","Card"],"build_version":"2020-12-22","purchased_purges":0,"victory":true,"max_hp_per_floor":[77,77,77,77,77,77,77,77,77,77,77,77,77,77,77,77,77,77,77,77,77,77,77,77,77,77,77,77,77,77,77,77,77,58,58,58,58,58,58,58,58,58,58,58,58,58,58,58,58,58],"card_choices":[{"not_picked":["hexamod:RainOfEmbers","hexamod:CatchUp"],"picked":"hexamod:AdvancingGuard","floor":2.0},{"not_picked":["hexamod:GhostLash","hexamod:DynamicBlow"],"picked":"hexamod:InspiringFlames","floor":2.0},{"not_picked":["hexamod:EmpoweredFlame","hexamod:PhantomCloak"],"picked":"hexamod:SecondSeal","floor":2.0},{"not_picked":["hexamod:Haunt","hexamod:NecessarySacrifice"],"picked":"hexamod:EmpoweredFlame","floor":3.0},{"not_picked":["hexamod:Firestarter","hexamod:SwordOfDarkness"],"picked":"hexamod:ThermalTransfer","floor":4.0},{"not_picked":["hexamod:RecurringNightmare","hexamod:Hexaguard"],"picked":"hexamod:AdvancingGuard","floor":6.0},{"not_picked":["hexamod:CatchUp","hexamod:RainOfEmbers"],"picked":"hexamod:FourthSeal","floor":9.0},{"not_picked":["hexamod:TimeWarp","hexamod:RetreatToShadows"],"picked":"hexamod:RadiantFlame","floor":10.0},{"not_picked":["hexamod:GhostLash","hexamod:AdvancingGuard"],"picked":"hexamod:SoulSteal","floor":12.0},{"not_picked":["hexamod:Incineration","hexamod:SpectersWail"],"picked":"hexamod:HauntingEcho","floor":13.0},{"not_picked":["hexamod:SearingWound","hexamod:ThermalTransfer"],"picked":"hexamod:BurningTouch","floor":14.0},{"not_picked":["hexamod:InspiringFlames","hexamod:AdvancingGuard"],"picked":"hexamod:GhostOfSpirePast","floor":15.0},{"not_picked":["hexamod:TimeOfNeed","hexamod:VolcanoVisage"],"picked":"hexamod:HexaLevel","floor":16.0},{"not_picked":["hexamod:BurningTouch","hexamod:FastForward"],"picked":"hexamod:DynamicBlow","floor":19.0},{"not_picked":["hexamod:GhostShield","hexamod:EtherealExpedition+1"],"picked":"hexamod:NightmareStrike+1","floor":20.0},{"not_picked":["hexamod:SoulSteal","hexamod:HauntingEcho"],"picked":"hexamod:ThermalTransfer","floor":21.0},{"not_picked":["hexamod:GhostLash","hexamod:TurnItUp"],"picked":"hexamod:BurningTouch+1","floor":22.0},{"not_picked":["hexamod:SpectersWail","hexamod:GhostOfSpireFuture+1"],"picked":"hexamod:SwordOfDarkness","floor":26.0},{"not_picked":["hexamod:HeatShield","hexamod:Hexaguard+1"],"picked":"hexamod:SwordOfDarkness","floor":27.0},{"not_picked":["hexamod:InspiringFlames","hexamod:ShieldOfDarkness+1"],"picked":"hexamod:RainOfEmbers","floor":28.0},{"not_picked":["hexamod:InspiringFlames+1","hexamod:AdvancingGuard"],"picked":"hexamod:HexaLevel","floor":29.0},{"not_picked":["hexamod:SkipABeat","hexamod:ExtraCrispy"],"picked":"hexamod:RainOfEmbers+1","floor":31.0},{"not_picked":["hexamod:HeatMetal","hexamod:PhantomCloak"],"picked":"hexamod:NightmareStrike","floor":32.0},{"not_picked":["hexamod:HexaLevel","hexamod:TimeOfNeed"],"picked":"hexamod:SixthSeal","floor":33.0},{"not_picked":["hexamod:FirstSeal","hexamod:ShieldOfDarkness+1"],"picked":"hexamod:SwordOfDarkness+1","floor":36.0},{"not_picked":["hexamod:RetreatToShadows+1","hexamod:GhostOfSpirePresent+1"],"picked":"hexamod:ThirdSeal","floor":38.0},{"not_picked":["hexamod:SwordOfDarkness","hexamod:GhostShield"],"picked":"hexamod:NightmareStrike","floor":39.0},{"not_picked":["hexamod:AdvancingGuard+1","hexamod:Incineration"],"picked":"hexamod:GhostLash+1","floor":39.0},{"not_picked":["hexamod:Hexaguard+1","hexamod:SpectersWail"],"picked":"hexamod:BurningTouch+1","floor":40.0},{"not_picked":["hexamod:GhostOfSpirePast+1","hexamod:ExtraCrispy"],"picked":"hexamod:HeatCrush+1","floor":44},{"not_picked":["expansioncontent:AwakenDeath","expansioncontent:HyperBeam"],"picked":"expansioncontent:PrepareCrush","floor":46},{"not_picked":["expansioncontent:GuardianWhirl","expansioncontent:LastStand"],"picked":"expansioncontent:YouAreMine","floor":46},{"not_picked":["expansioncontent:HyperBeam","expansioncontent:PrepareCrush"],"picked":"expansioncontent:YouAreMine","floor":46},{"not_picked":["hexamod:ParanormalForm","hexamod:AdvancingGuard+1"],"picked":"hexamod:HeatMetal+1","floor":47},{"not_picked":["hexamod:EtherealExpedition","hexamod:SpectralAdrenaline"],"picked":"hexamod:StepThrough+1","floor":49}],"player_experience":120096,"relics_obtained":[{"floor":7.0,"key":"Onion Ring"},{"floor":13.0,"key":"White Beast Statue"},{"floor":24.0,"key":"ReplayFunnel"},{"floor":29.0,"key":"Replay:Accelerometer"},{"floor":41.0,"key":"Replay:Bottled Flurry"},{"floor":43.0,"key":"Ring of Greed"},{"floor":43.0,"key":"Replay:Wax Seal"},{"floor":43.0,"key":"Replay:Bandana"},{"floor":43.0,"key":"ReplayTheSpireMod:Ring of Challenge"},{"floor":44,"key":"Whetstone"},{"floor":47,"key":"hubris:CuriousFeather"}],"event_choices":[{"damage_healed":0.0,"max_hp_gain":0.0,"max_hp_loss":0.0,"gold_gain":0.0,"cards_transformed":["hexamod:Defend"],"event_name":"Transmorgrifier","player_choice":"Transformed","floor":8.0,"gold_loss":0.0,"damage_taken":0.0,"cards_obtained":["hexamod:WildfireWeapon"]},{"cards_removed":["hexamod:ExtraCrispy"],"damage_healed":0.0,"max_hp_gain":0.0,"max_hp_loss":0.0,"gold_gain":0.0,"event_name":"Purifier","player_choice":"Purged","floor":37.0,"gold_loss":0.0,"damage_taken":0.0}],"is_beta":false,"boss_relics":[{"not_picked":["Cursed Key","Snecko Eye"],"picked":"hubris:BlackHole"},{"not_picked":["Ring of Chaos","Empty Cage"],"picked":"Replay:Drink Me"}],"items_purged_floors":[],"is_endless":false,"potions_floor_spawned":[10,13,14,15,16,19,20,21,22,26,27,28,29,31,32,33,36,38,39,40,44,47,49],"ascension_level":0}}