{"host":"ojme7g6xlqwffsso","time":1610951871,"event":{"mods":["BaseMod","Downfall","Lobotomy","Minty Spire (QoL Compilation)","StSLib"],"gold_per_floor":[109,109,384,396,416,416,416],"floor_reached":6,"language":"ENG","playtime":273,"items_purged":[],"score":36,"play_id":"40aaf0de-8087-43bf-b1ba-96d96932cf43","local_time":"20210118153751","is_ascension_mode":false,"campfire_choices":[],"circlet_count":0,"master_deck":["Strike_P","Strike_P","Strike_P","Strike_P","Defend_P","Defend_P","Defend_P","Defend_P","Eruption","Vigilance","MHz","ClearTheMind","Regret","EmptyBody","LaLuna","CutThroughFate","WallGazer"],"relics":["PureWater","CogitoBucket","Shuriken"],"acts_visited":["Exordium"],"potions_floor_usage":[],"damage_taken":[{"damage":0,"enemies":"2 Louse","floor":1,"turns":3},{"damage":3,"enemies":"Cultist","floor":4,"turns":3},{"damage":8,"enemies":"Jaw Worm","floor":5,"turns":4},{"damage":60,"enemies":"3 Sentries","floor":6,"turns":13}],"seed_played":"7460015526196685277","potions_obtained":[{"floor":5,"key":"Energy Potion"}],"is_trial":false,"path_per_floor":["M","?","?","M","M","E"],"character_chosen":"WATCHER","items_purchased":[],"campfire_rested":0,"item_purchase_floors":[],"current_hp_per_floor":[72,69,69,66,58,0,0],"gold":416,"neow_bonus":"","is_daily":false,"chose_seed":false,"campfire_upgraded":0,"win_rate":0.0,"timestamp":1610951871,"path_taken":["M","?","?","M","M","E"],"items_purchased_type":[],"build_version":"2020-12-22","purchased_purges":0,"victory":false,"max_hp_per_floor":[72,72,72,72,72,72,72],"card_choices":[{"not_picked":["DespairKnight","BlackSwan"],"picked":"MHz","floor":1},{"not_picked":["Collect","EmptyFist"],"picked":"ClearTheMind","floor":1},{"not_picked":["ReachHeaven","Consecrate"],"picked":"EmptyBody","floor":4},{"not_picked":["SingingMachine","SpiderBud"],"picked":"LaLuna","floor":4},{"not_picked":["Conclude","ClearTheMind"],"picked":"CutThroughFate","floor":5},{"not_picked":["LongBird","RedShoes"],"picked":"WallGazer","floor":5}],"player_experience":885054,"relics_obtained":[],"event_choices":[{"damage_healed":0,"gold_gain":0,"player_choice":"Success","damage_taken":3,"relics_obtained":["Shuriken"],"max_hp_gain":0,"max_hp_loss":0,"event_name":"Scrap Ooze","floor":2,"gold_loss":0},{"damage_healed":0,"gold_gain":275,"player_choice":"Desecrate","damage_taken":0,"max_hp_gain":0,"max_hp_loss":0,"event_name":"Golden Shrine","floor":3,"gold_loss":0,"cards_obtained":["Regret"]}],"is_beta":false,"boss_relics":[],"items_purged_floors":[],"is_endless":false,"potions_floor_spawned":[5],"killed_by":"3 Sentries","ascension_level":0}}