{"host":"njruw0b0uprlitpx","time":1610931596,"event":{"mods":["2.2 Compatiblity","BaseMod","Better Altar","Better Match","Better Note","Better Sensory Stone","Better Skull","Better Third Choice","Block Reminder","Colored Map","Colored Powertips","Downfall","Energized Spire","Jedi Mod","Keyboard Shortcuts","Minty Spire (QoL Compilation)","Quick Restart","Rare Cards Sparkle","Relic Stats","SacredBarkPlus","Spicy Shops","StSLib","SuperFastMode"],"gold_per_floor":[349,349,36,52,65,65,118,138,138,157,187,87,103,116,126,231,231,131,143,143,13,13,39,62,62,77,77,94,111,111,28,40,143,143,143,157,176,221,221,252,252,263,278,278,278,68,84,84,96,96],"floor_reached":51,"language":"ENG","playtime":3692,"items_purged":["champ:Strike"],"score":701,"play_id":"4a393b8f-7e96-4f54-8e1f-5a6b04a90aa8","local_time":"20210117185956","is_ascension_mode":false,"campfire_choices":[{"floor":1,"key":"RECALL"},{"floor":6,"key":"REST"},{"floor":12,"key":"REST"},{"data":"champ:Taunt","floor":18,"key":"SMITH"},{"floor":25,"key":"REST"},{"data":"Discovery","floor":27,"key":"SMITH"},{"floor":30,"key":"REST"},{"data":"champ:GladiatorForm","floor":35,"key":"SMITH"},{"floor":44,"key":"REST"}],"circlet_count":0,"master_deck":["champ:Strike","champ:Strike","champ:Strike","champ:Defend+1","champ:Defend","champ:Defend","champ:Defend","champ:Execute","champ:Taunt+1","champ:Duel","champ:EndlessRage+1","expansioncontent:LastStand+1","champ:FocusedBerserking","champ:AdrenalArmor","Discovery+1","champ:EnragedBash","champ:Endure+1","champ:CrookedStrike","champ:GladiatorForm+1","champ:PerfectedStrike+1","champ:LastStand","champ:Haymaker+1","Pain","champ:SteelEdge","champ:DeathBlow","champ:RapidStrikes","champ:CalledShot","champ:RecklessLeap","champ:StanceDance+1","champ:BerserkersShout+1","champ:StrikeOfGenius","champ:SwordThrow","champ:BerserkersShout+1","champ:GutPunch+1","champ:ArenaPreparation+1","champ:Improvising","champ:FocusedBerserking","Decay","champ:IgnorePain+1","champ:StrikeOfGenius+1","champ:Shatter+1","Parasite","champ:RisingSlash+1"],"relics":["champ:ChampionCrown","downfall:ShatteredFragment","Bag of Preparation","Smiling Mask","CaptainsWheel","downfall:HeartBlessingRed","Sozu","downfall:HeartBlessingGreen","WarpedTongs","champ:Barbells","StrikeDummy","Omamori","Cursed Key","Turnip","jedi:cryingmask","PreservedInsect","jedi:gremlinknob","Torii","Bottled Tornado","Strange Spoon"],"acts_visited":["Exordium","TheCity","TheBeyond"],"potions_floor_usage":[11,16,16,38],"damage_taken":[{"damage":20,"enemies":"downfall:FleeingMerchant","floor":3,"turns":4},{"damage":5,"enemies":"Small Slimes","floor":4,"turns":4},{"damage":10,"enemies":"Jaw Worm","floor":5,"turns":2},{"damage":20,"enemies":"Cultist","floor":8,"turns":4},{"damage":18,"enemies":"3 Louse","floor":10,"turns":3},{"damage":56,"enemies":"Gremlin Nob","floor":11,"turns":4},{"damage":22,"enemies":"Exordium Thugs","floor":13,"turns":3},{"damage":35,"enemies":"Large Slime","floor":14,"turns":5},{"damage":25,"enemies":"Blue Slaver","floor":15,"turns":2},{"damage":70,"enemies":"DF_ARCHETYPE_STREAMLINE","floor":16,"turns":9},{"damage":25,"enemies":"Spheric Guardian","floor":19,"turns":2},{"damage":33,"enemies":"downfall:FleeingMerchant","floor":21,"turns":4},{"damage":43,"enemies":"Gremlin Leader","floor":23,"turns":3},{"damage":45,"enemies":"Shelled Parasite and Fungi","floor":26,"turns":3},{"damage":25,"enemies":"Chosen and Byrds","floor":28,"turns":3},{"damage":46,"enemies":"Cultist and Chosen","floor":29,"turns":4},{"damage":45,"enemies":"downfall:FleeingMerchant","floor":31,"turns":4},{"damage":45,"enemies":"Centurion and Healer","floor":32,"turns":4},{"damage":89,"enemies":"SI_MIRROR_ARCHETYPE","floor":33,"turns":7},{"damage":19,"enemies":"3 Darklings","floor":36,"turns":3},{"damage":31,"enemies":"3 Shapes","floor":37,"turns":3},{"damage":43,"enemies":"2 Orb Walkers","floor":38,"turns":4},{"damage":130,"enemies":"Nemesis","floor":40,"turns":3},{"damage":70,"enemies":"Maw","floor":42,"turns":4},{"damage":41,"enemies":"4 Shapes","floor":43,"turns":3},{"damage":5,"enemies":"downfall:FleeingMerchant","floor":46,"turns":1},{"damage":40,"enemies":"Spire Growth","floor":47,"turns":3},{"damage":51,"enemies":"Writhing Mass","floor":49,"turns":4},{"damage":152,"enemies":"IC_BLOCK_ARCHETYPE","floor":50,"turns":5}],"seed_played":"1413187817240013137","potions_obtained":[{"floor":5,"key":"Weak Potion"},{"floor":13,"key":"LiquidBronze"},{"floor":14,"key":"SteroidPotion"},{"floor":15,"key":"LiquidBronze"}],"is_trial":false,"path_per_floor":["R","?","$","M","M","R","T","M","?","M","E","R","M","M","M","B",null,"R","M","?","$","?","E","T","R","M","R","M","M","R","$","M","B",null,"R","M","M","?","T","E","T","M","M","R","?","$","M","?","M","B",null],"character_chosen":"THE_CHAMP","items_purchased":["champ:EndlessRage","expansioncontent:LastStand","Bag of Preparation","champ:DeathBlow","champ:Barbells","champ:StrikeOfGenius","Bottled Tornado","Strange Spoon","champ:StrikeOfGenius"],"campfire_rested":5,"item_purchase_floors":[3,3,3,21,21,31,46,46,46],"current_hp_per_floor":[81,54,54,49,49,73,73,73,73,70,44,68,66,66,66,24,81,81,81,81,73,77,59,59,81,78,78,68,62,81,81,71,32,81,81,72,66,43,43,42,42,52,51,75,75,75,75,75,59,81],"gold":96,"neow_bonus":"TWO_FIFTY_GOLD","is_daily":false,"chose_seed":false,"campfire_upgraded":3,"win_rate":0.0,"timestamp":1610931596,"path_taken":["R","?","$","M","M","R","T","M","?","M","E","R","M","?","M","BOSS","R","M","?","?","?","E","T","R","M","R","M","M","R","$","M","BOSS","R","M","M","?","?","E","T","?","M","R","?","$","M","?","M","BOSS"],"items_purchased_type":["Card","Card","Relic","Card","Relic","Card","Relic","Relic","Card"],"build_version":"2020-12-22","purchased_purges":1,"victory":true,"max_hp_per_floor":[81,81,81,81,81,81,81,81,81,81,81,81,81,81,81,81,81,81,81,81,81,81,81,81,81,81,81,81,81,81,81,81,81,81,81,81,81,81,81,81,81,81,81,81,81,81,81,81,81,81],"relic_stats":{"Sozu":5,"Strange Spoon":[16],"Torii":1,"counters":[29,107],"Turnip":[3],"PreservedInsect":0,"Bag of Preparation":[56],"Smiling Mask":25,"Cursed Key":3,"obtain_stats":[{"champ:Barbells":21,"downfall:ShatteredFragment":2,"downfall:HeartBlessingRed":12,"Torii":45,"jedi:gremlinknob":41,"champ:ChampionCrown":0,"downfall:HeartBlessingGreen":18,"PreservedInsect":40,"Bag of Preparation":3,"Omamori":24,"Bottled Tornado":46,"Smiling Mask":7,"Cursed Key":34,"WarpedTongs":20,"Sozu":17,"Strange Spoon":46,"CaptainsWheel":11,"jedi:cryingmask":39,"Turnip":38,"StrikeDummy":23},{"champ:Barbells":12,"downfall:ShatteredFragment":0,"downfall:HeartBlessingRed":6,"Torii":25,"jedi:gremlinknob":23,"champ:ChampionCrown":0,"downfall:HeartBlessingGreen":10,"PreservedInsect":23,"Bag of Preparation":1,"Omamori":13,"Bottled Tornado":26,"Smiling Mask":3,"Cursed Key":19,"WarpedTongs":11,"Sozu":10,"Strange Spoon":26,"CaptainsWheel":6,"jedi:cryingmask":22,"Turnip":22,"StrikeDummy":13},{"champ:Barbells":46,"downfall:ShatteredFragment":0,"downfall:HeartBlessingRed":21,"Torii":94,"jedi:gremlinknob":87,"champ:ChampionCrown":0,"downfall:HeartBlessingGreen":40,"PreservedInsect":87,"Bag of Preparation":4,"Omamori":49,"Bottled Tornado":95,"Smiling Mask":10,"Cursed Key":74,"WarpedTongs":42,"Sozu":40,"Strange Spoon":95,"CaptainsWheel":21,"jedi:cryingmask":84,"Turnip":84,"StrikeDummy":49}],"WarpedTongs":[65]},"card_choices":[{"not_picked":["champ:PreciseThrust","champ:ShieldSlam"],"picked":"champ:Duel","floor":3},{"not_picked":["champ:EnGarde","champ:Shatter"],"picked":"champ:FocusedBerserking","floor":4},{"not_picked":["champ:ShieldSigil","champ:PreciseThrust"],"picked":"champ:AdrenalArmor","floor":5},{"not_picked":["champ:Backstep","champ:IronFortress","champ:FlashCut"],"picked":"SKIP","floor":8},{"not_picked":["Blind","Madness"],"picked":"Discovery","floor":9},{"not_picked":["champ:Circumvent","champ:PreciseThrust"],"picked":"champ:EnragedBash","floor":10},{"not_picked":["champ:RageSigil","champ:Parry"],"picked":"champ:Endure","floor":11},{"not_picked":["champ:PerfectedStrike","champ:ShieldSigil"],"picked":"champ:CrookedStrike","floor":13},{"not_picked":["champ:AdrenalArmor","champ:FlashCut"],"picked":"champ:GladiatorForm","floor":14},{"not_picked":["champ:SwordSigil","champ:Lariat"],"picked":"champ:PerfectedStrike","floor":15},{"not_picked":["champ:EnchantShield","champ:IgnorePain"],"picked":"champ:LastStand","floor":16},{"not_picked":["champ:CrownThrow","champ:AdrenalArmor"],"picked":"champ:Haymaker+1","floor":19},{"not_picked":["champ:Backstep+1","champ:Haymaker"],"picked":"champ:SteelEdge","floor":21},{"not_picked":["champ:DeathBlow","champ:PreciseThrust"],"picked":"champ:RapidStrikes","floor":23},{"not_picked":["champ:Circumvent","champ:ShieldSigil"],"picked":"champ:CalledShot","floor":26},{"not_picked":["champ:ShieldSigil","champ:PreciseThrust+1"],"picked":"champ:RecklessLeap","floor":28},{"not_picked":["champ:FanOfKnives","champ:CrownThrow+1"],"picked":"champ:StanceDance+1","floor":29},{"not_picked":["champ:FanOfKnives","champ:BringItOn"],"picked":"champ:BerserkersShout+1","floor":31},{"not_picked":["champ:BerserkersShout","champ:FlashCut+1","champ:RageSigil"],"picked":"SKIP","floor":32},{"not_picked":["champ:BerserkersShout","champ:FlashCut+1","champ:RageSigil"],"picked":"SKIP","floor":32},{"not_picked":["champ:UltimateStance","champ:Improvising"],"picked":"champ:SwordThrow","floor":33},{"not_picked":["champ:Circumvent","champ:TornadoPunch+1"],"picked":"champ:BerserkersShout+1","floor":36},{"not_picked":["champ:CrownThrow","champ:StanceDance+1"],"picked":"champ:GutPunch+1","floor":37},{"not_picked":["champ:AdrenalArmor+1","champ:PreemptiveStrike+1"],"picked":"champ:ArenaPreparation+1","floor":38},{"not_picked":["champ:Haymaker","champ:GladiatorStyle+1"],"picked":"champ:Improvising","floor":40},{"not_picked":["champ:PreciseThrust","champ:GutPunch"],"picked":"champ:FocusedBerserking","floor":42},{"not_picked":["champ:ShieldSigil+1","champ:AdrenalArmor","champ:IronFortress"],"picked":"SKIP","floor":43},{"not_picked":["champ:FlashCut+1","champ:EnGarde+1"],"picked":"champ:IgnorePain","floor":46},{"not_picked":["champ:PreemptiveStrike+1","champ:TornadoPunch"],"picked":"champ:Shatter+1","floor":47},{"not_picked":["champ:ShieldSlam+1","champ:PreciseThrust+1"],"picked":"champ:RisingSlash+1","floor":49}],"player_experience":1439509,"relics_obtained":[{"floor":7,"key":"Smiling Mask"},{"floor":11,"key":"CaptainsWheel"},{"floor":23,"key":"StrikeDummy"},{"floor":24,"key":"Omamori"},{"floor":38,"key":"Turnip"},{"floor":39,"key":"jedi:cryingmask"},{"floor":40,"key":"PreservedInsect"},{"floor":41,"key":"jedi:gremlinknob"},{"floor":45,"key":"Torii"}],"event_choices":[{"damage_healed":0,"gold_gain":1,"player_choice":"1","damage_taken":0,"max_hp_gain":0,"max_hp_loss":0,"event_name":"betterStone:BetterStone","floor":9,"gold_loss":0},{"damage_healed":0,"gold_gain":0,"player_choice":"Rummage","damage_taken":0,"relics_obtained":["WarpedTongs"],"max_hp_gain":0,"max_hp_loss":0,"event_name":"Accursed Blacksmith","floor":20,"gold_loss":0,"cards_obtained":["Pain"]},{"damage_healed":4,"gold_gain":0,"player_choice":"LEAVE ","damage_taken":0,"relics_obtained":[],"max_hp_gain":0,"max_hp_loss":0,"event_name":"betterSkull:BetterSkull","floor":22,"gold_loss":0,"cards_upgraded":[]},{"damage_healed":0,"gold_gain":0,"player_choice":"Fight","damage_taken":0,"max_hp_gain":0,"max_hp_loss":0,"event_name":"Mysterious Sphere","floor":38,"gold_loss":0}],"is_beta":false,"boss_relics":[{"not_picked":["jedi:battlestandard","SacredBark"],"picked":"Sozu"},{"not_picked":["energizedSpire:StickyHand","Velvet Choker"],"picked":"Cursed Key"}],"items_purged_floors":[46],"is_endless":false,"potions_floor_spawned":[5,13,14,15,19,23,32,42,47],"ascension_level":0}}