{"host":"jx3f6ezc0g3s9edc","time":1610938451,"event":{"mods":["AchievementEnabler","BaseMod","Bestiary","Colored Map","Highlight Path","Minty Spire (QoL Compilation)","StSLib"],"gold_per_floor":[119,4,4,17,29,29,49,49,74,86,109,141,182,210,222,234,234],"floor_reached":16,"language":"ENG","playtime":982,"items_purged":["Strike_R"],"score":166,"play_id":"5aac1cd7-1228-4e5e-b8b1-2fce113191d1","local_time":"20210117215411","is_ascension_mode":true,"campfire_choices":[{"data":"Inflame","floor":6,"key":"SMITH"},{"data":"Clothesline","floor":8,"key":"SMITH"},{"data":"Feel No Pain","floor":10,"key":"SMITH"},{"data":"Dark Embrace","floor":15,"key":"SMITH"}],"circlet_count":0,"master_deck":["AscendersBane","Strike_R","Strike_R","Strike_R","Defend_R","Defend_R","Defend_R","Defend_R","Bash+1","Clothesline+1","Inflame+1","Feel No Pain+1","Shrug It Off","Pummel","Second Wind","Dark Embrace+1","Cleave","Spot Weakness"],"relics":["Burning Blood","MawBank","MealTicket"],"acts_visited":["Exordium"],"potions_floor_usage":[12,16,16],"damage_taken":[{"damage":8,"enemies":"2 Louse","floor":1,"turns":4},{"damage":0,"enemies":"Cultist","floor":4,"turns":4},{"damage":4,"enemies":"Small Slimes","floor":5,"turns":4},{"damage":8,"enemies":"Exordium Wildlife","floor":7,"turns":5},{"damage":9,"enemies":"Looter","floor":11,"turns":3},{"damage":4,"enemies":"Blue Slaver","floor":12,"turns":6},{"damage":34,"enemies":"Gremlin Nob","floor":13,"turns":5},{"damage":0,"enemies":"3 Louse","floor":14,"turns":4},{"damage":73,"enemies":"Slime Boss","floor":16,"turns":14}],"seed_played":"4931594646246006657","potions_obtained":[{"floor":5,"key":"SpeedPotion"},{"floor":7,"key":"Dexterity Potion"},{"floor":13,"key":"Regen Potion"}],"is_trial":false,"path_per_floor":["M","$","?","M","M","R","M","R","T","R","M","M","E","M","R","B"],"character_chosen":"IRONCLAD","items_purchased":["Inflame"],"campfire_rested":0,"item_purchase_floors":[2],"current_hp_per_floor":[70,70,70,76,78,78,76,76,76,76,73,75,47,53,53,0,0],"gold":234,"neow_bonus":"UPGRADE_CARD","is_daily":false,"chose_seed":false,"campfire_upgraded":4,"win_rate":0.0,"timestamp":1610938451,"path_taken":["M","$","?","?","M","R","M","R","T","R","M","?","E","?","R","BOSS"],"items_purchased_type":["Card"],"build_version":"2020-12-22","purchased_purges":1,"victory":false,"max_hp_per_floor":[80,80,80,80,80,80,80,80,80,80,80,80,80,80,80,80,80],"card_choices":[{"not_picked":["Iron Wave","Entrench"],"picked":"Clothesline","floor":1},{"not_picked":["Burning Pact","Intimidate"],"picked":"Shrug It Off","floor":4},{"not_picked":["Havoc","Fire Breathing"],"picked":"Pummel","floor":5},{"not_picked":["Iron Wave","Perfected Strike"],"picked":"Second Wind","floor":7},{"not_picked":["Headbutt","Perfected Strike"],"picked":"Dark Embrace","floor":11},{"not_picked":["Armaments","Havoc"],"picked":"Cleave","floor":12},{"not_picked":["Dual Wield","Heavy Blade"],"picked":"Spot Weakness","floor":13},{"not_picked":["Blood for Blood","Demon Form","Dual Wield"],"picked":"SKIP","floor":14}],"player_experience":766551,"relics_obtained":[{"floor":9,"key":"MawBank"},{"floor":13,"key":"MealTicket"}],"event_choices":[{"damage_healed":0,"gold_gain":0,"cards_transformed":["Strike_R"],"player_choice":"Transformed","damage_taken":0,"max_hp_gain":0,"max_hp_loss":0,"event_name":"Transmorgrifier","floor":3,"gold_loss":0,"cards_obtained":["Feel No Pain"]}],"is_beta":false,"boss_relics":[],"items_purged_floors":[2],"is_endless":false,"potions_floor_spawned":[5,7,13,14],"killed_by":"Slime Boss","ascension_level":12}}