{"host":"t4313i2190y6fz3q","time":1610944805,"event":{"mods":["2.2 Compatiblity","AchievementEnabler","Act Like it!","BaseMod","Colored Powertips","Downfall","Highlight Path","Minty Spire (QoL Compilation)","Permanent Neow","Quick Restart","Rare Cards Sparkle","StSLib"],"gold_per_floor":[116,128,106,185,360,360,387,406,406,406,331,150,150,175,175,175,175],"floor_reached":16,"language":"ENG","playtime":385,"items_purged":["Doubt"],"score":170,"play_id":"c2127739-4864-414a-b6b3-d0a6f8bbb138","local_time":"20210117204005","is_ascension_mode":true,"campfire_choices":[{"data":"Streamline","floor":6,"key":"SMITH"},{"data":"Glacier","floor":10,"key":"SMITH"},{"data":"Sweeping Beam","floor":15,"key":"SMITH"}],"circlet_count":0,"master_deck":["AscendersBane","Zap","Dualcast","Fusion","Reinforced Body","Genetic Algorithm","Go for the Eyes","Buffer","Glacier+1","Loop","Sweeping Beam+1","Cold Snap","Streamline+1","Rebound","Conserve Battery","Capacitor","Coolheaded","Cold Snap"],"relics":["Pandora\u0027s Box","Torii","Ice Cream","Ornamental Fan","Tiny Chest"],"acts_visited":["Exordium"],"potions_floor_usage":[],"damage_taken":[{"damage":0,"enemies":"Cultist","floor":1,"turns":5},{"damage":0,"enemies":"Small Slimes","floor":2,"turns":4},{"damage":9,"enemies":"Lagavulin","floor":7,"turns":5},{"damage":12,"enemies":"Jaw Worm","floor":8,"turns":4},{"damage":26,"enemies":"Gremlin Nob","floor":14,"turns":6},{"damage":0,"enemies":"The Guardian","floor":16,"turns":2}],"seed_played":"-2943671161809966967","potions_obtained":[{"floor":8,"key":"AttackPotion"},{"floor":14,"key":"FearPotion"}],"is_trial":false,"path_per_floor":["M","M","$","?","?","R","E","M","T","R","$","$","?","E","R","B"],"character_chosen":"DEFECT","items_purchased":["Rebound","Capacitor","Coolheaded","Cold Snap"],"campfire_rested":0,"item_purchase_floors":[3,12,12,12],"current_hp_per_floor":[68,68,68,68,68,68,59,47,47,47,47,47,47,21,21,21,21],"gold":175,"neow_bonus":"BOSS_RELIC","is_daily":false,"chose_seed":false,"campfire_upgraded":3,"win_rate":0.0,"timestamp":1610944805,"path_taken":["M","?","$","?","?","R","E","M","T","R","?","$","?","E","R","BOSS"],"items_purchased_type":["Card","Card","Card","Card"],"build_version":"2020-12-22","purchased_purges":1,"victory":false,"max_hp_per_floor":[75,75,75,75,75,75,75,75,75,75,75,75,75,75,75,75,75],"card_choices":[{"not_picked":["Conserve Battery","Go for the Eyes"],"picked":"Cold Snap","floor":1},{"not_picked":["Go for the Eyes","Chaos"],"picked":"Streamline","floor":2},{"not_picked":["Self Repair","Fusion"],"picked":"Conserve Battery","floor":7},{"not_picked":["Streamline","Hello World","Gash"],"picked":"SKIP","floor":8},{"not_picked":["Gash","Stack","Conserve Battery"],"picked":"SKIP","floor":14}],"player_experience":225646,"relics_obtained":[{"floor":7,"key":"Torii"},{"floor":9,"key":"Ice Cream"},{"floor":14,"key":"Tiny Chest"}],"event_choices":[{"damage_healed":0,"gold_gain":79,"player_choice":"Gained Gold","damage_taken":0,"max_hp_gain":0,"max_hp_loss":0,"event_name":"Golden Wing","floor":4,"gold_loss":0},{"damage_healed":0,"gold_gain":175,"player_choice":"AGREE","damage_taken":0,"max_hp_gain":0,"max_hp_loss":0,"event_name":"Liars Game","floor":5,"gold_loss":0,"cards_obtained":["Doubt"]},{"damage_healed":0,"gold_gain":0,"player_choice":"Gave Potion","damage_taken":0,"relics_obtained":["Ornamental Fan"],"max_hp_gain":0,"max_hp_loss":0,"event_name":"WeMeetAgain","floor":13,"gold_loss":0}],"is_beta":false,"boss_relics":[],"items_purged_floors":[11],"is_endless":false,"potions_floor_spawned":[8,14],"killed_by":"The Guardian","ascension_level":12}}