{"host":"Qube","time":1610937115,"event":{"mods":["AchievementEnabler","BaseMod","Colored Map","Colored Powertips","Minty Spire (QoL Compilation)","Quick Restart","Random Character Button","StSLib"],"gold_per_floor":[117,117,117,130,149,179,199,199,224,265,293,293,321,321,321],"floor_reached":14,"language":"ENG","playtime":593,"items_purged":[],"score":229,"play_id":"72a591d7-9b2e-459f-bb6b-04a1a35dfcc6","local_time":"20210117183155","is_ascension_mode":true,"campfire_choices":[{"floor":8.0,"key":"REST"}],"circlet_count":0,"master_deck":["AscendersBane","Strike_G","Strike_G","Strike_G","Strike_G","Strike_G","Defend_G","Defend_G","Defend_G","Defend_G","Survivor","Neutralize","Backflip","Eviscerate","Reflex","Tools of the Trade","Poisoned Stab","Predator","Acrobatics","Dagger Throw"],"relics":["Ring of the Snake","Strawberry","Smiling Mask","CeramicFish","Art of War"],"acts_visited":["Exordium"],"potions_floor_usage":[14],"damage_taken":[{"damage":1.0,"enemies":"2 Louse","floor":1.0,"turns":5.0},{"damage":2.0,"enemies":"Jaw Worm","floor":4.0,"turns":7.0},{"damage":3.0,"enemies":"Small Slimes","floor":5.0,"turns":6.0},{"damage":24.0,"enemies":"3 Sentries","floor":6.0,"turns":9.0},{"damage":13.0,"enemies":"3 Louse","floor":7.0,"turns":4.0},{"damage":25.0,"enemies":"Lagavulin","floor":10.0,"turns":6.0},{"damage":0.0,"enemies":"Blue Slaver","floor":11.0,"turns":5.0},{"damage":6.0,"enemies":"Looter","floor":13.0,"turns":4.0},{"damage":31,"enemies":"Gremlin Nob","floor":14,"turns":3}],"seed_played":"7712989740405923206","potions_obtained":[{"floor":4.0,"key":"LiquidMemories"},{"floor":5.0,"key":"BlessingOfTheForge"},{"floor":7.0,"key":"Fruit Juice"},{"floor":10.0,"key":"AttackPotion"},{"floor":13.0,"key":"Explosive Potion"}],"is_trial":false,"path_per_floor":["M","?","?","M","M","E","M","R","T","E","M","?","M","E"],"character_chosen":"THE_SILENT","items_purchased":[],"campfire_rested":1,"item_purchase_floors":[],"current_hp_per_floor":[64,57,62,60,57,40,27,52,52,27,27,16,15,0,0],"gold":321,"neow_bonus":"TEN_PERCENT_HP_BONUS","is_daily":false,"chose_seed":false,"campfire_upgraded":0,"win_rate":0.0,"timestamp":1610937115,"path_taken":["M","?","?","M","M","E","M","R","T","E","M","?","?","E"],"items_purchased_type":[],"build_version":"2020-12-18","purchased_purges":0,"victory":false,"max_hp_per_floor":[72,72,77,77,77,84,84,84,84,84,84,84,89,89,89],"card_choices":[{"not_picked":["Deflect","Flechettes"],"picked":"Backflip","floor":1.0},{"not_picked":["All Out Attack","Sucker Punch"],"picked":"Eviscerate","floor":4.0},{"not_picked":["Outmaneuver","Backflip"],"picked":"Reflex","floor":5.0},{"not_picked":["Cloak And Dagger","Outmaneuver"],"picked":"Tools of the Trade","floor":6.0},{"not_picked":["Crippling Poison","Skewer"],"picked":"Poisoned Stab","floor":7.0},{"not_picked":["Catalyst","Blur"],"picked":"Predator","floor":10.0},{"not_picked":["All Out Attack","Flechettes"],"picked":"Acrobatics","floor":11.0},{"not_picked":["Outmaneuver","Caltrops"],"picked":"Dagger Throw","floor":13.0}],"player_experience":919828,"relics_obtained":[{"floor":6.0,"key":"Strawberry"},{"floor":9.0,"key":"Smiling Mask"},{"floor":10.0,"key":"CeramicFish"}],"event_choices":[{"cards_removed":["Defend_G"],"damage_healed":0.0,"max_hp_gain":0.0,"max_hp_loss":0.0,"gold_gain":0.0,"event_name":"Golden Wing","player_choice":"Card Removal","floor":2.0,"gold_loss":0.0,"damage_taken":7.0},{"damage_healed":0.0,"max_hp_gain":5.0,"max_hp_loss":0.0,"gold_gain":0.0,"event_name":"Big Fish","player_choice":"Donut","floor":3.0,"gold_loss":0.0,"damage_taken":0.0},{"damage_healed":0.0,"max_hp_gain":0.0,"max_hp_loss":0.0,"gold_gain":0.0,"event_name":"Scrap Ooze","player_choice":"Success","floor":12.0,"gold_loss":0.0,"damage_taken":11.0,"relics_obtained":["Art of War"]}],"is_beta":true,"boss_relics":[],"items_purged_floors":[],"is_endless":false,"potions_floor_spawned":[4,5,7,10,13],"killed_by":"Gremlin Nob","ascension_level":20}}