{"host":"h4qgcirtxz6qax9j","time":1610988973,"event":{"mods":["AchievementEnabler","BaseMod","Colored Powertips","Hermit","Minty Spire (QoL Compilation)","StSLib","SuperFastMode","The Runesmith","The Servant 0.9.4"],"gold_per_floor":[126,126,152,168,178,178,209,232,257,243,253,253,266,266,266],"floor_reached":14,"language":"KOR","playtime":301,"items_purged":[],"score":92,"play_id":"3294481c-65d4-4bcf-858b-141a890f94a3","local_time":"20210119015613","is_ascension_mode":false,"campfire_choices":[{"floor":6,"key":"REST"},{"floor":12,"key":"REST"}],"circlet_count":0,"master_deck":["Runesmith:Strike_RS","Runesmith:Strike_RS","Runesmith:Strike_RS","Runesmith:Strike_RS","Runesmith:Defend_RS","Runesmith:Defend_RS","Runesmith:Defend_RS","Runesmith:Defend_RS","Runesmith:CraftFirestone","Runesmith:Fortify","Runesmith:EarthShield","Runesmith:CraftMagma","Runesmith:CraftMagma"],"relics":["Runesmith:BrokenRuby","CeramicFish","Boot","Dream Catcher","Anchor","Runesmith:AutoHammer"],"acts_visited":["Exordium"],"potions_floor_usage":[],"damage_taken":[{"damage":6,"enemies":"Jaw Worm","floor":1,"turns":5},{"damage":4,"enemies":"2 Louse","floor":3,"turns":3},{"damage":5,"enemies":"Cultist","floor":4,"turns":5},{"damage":2,"enemies":"2 Fungi Beasts","floor":5,"turns":4},{"damage":34,"enemies":"Lagavulin","floor":7,"turns":10},{"damage":1,"enemies":"Exordium Wildlife","floor":11,"turns":3},{"damage":10,"enemies":"Looter","floor":13,"turns":4},{"damage":34,"enemies":"Gremlin Nob","floor":14,"turns":4}],"seed_played":"-1448242571403463502","potions_obtained":[{"floor":1,"key":"Strength Potion"},{"floor":4,"key":"ColorlessPotion"},{"floor":5,"key":"DistilledChaos"}],"is_trial":false,"path_per_floor":["M","?","M","M","M","R","E","T","T","$","M","R","M","E"],"character_chosen":"RUNESMITH_CLASS","items_purchased":["Runesmith:CraftMagma"],"campfire_rested":2,"item_purchase_floors":[10],"current_hp_per_floor":[64,46,42,37,35,56,22,22,22,22,21,42,32,0,0],"gold":266,"neow_bonus":"RANDOM_COMMON_RELIC","is_daily":false,"chose_seed":false,"campfire_upgraded":0,"win_rate":0.0,"timestamp":1610988973,"path_taken":["M","?","M","M","M","R","E","?","T","$","M","R","M","E"],"items_purchased_type":["Card"],"build_version":"2020-12-22","purchased_purges":0,"victory":false,"max_hp_per_floor":[70,70,70,70,70,70,70,70,70,70,70,70,70,70,70],"card_choices":[{"not_picked":["Runesmith:Discharge","Runesmith:EnergizedChisel"],"picked":"Runesmith:EarthShield","floor":1},{"not_picked":["Runesmith:Augment","Runesmith:ShiftingStrike"],"picked":"Runesmith:CraftMagma","floor":3},{"not_picked":["Runesmith:Prism","Runesmith:ShiftingStrike","Runesmith:HeatExchange"],"picked":"SKIP","floor":4},{"not_picked":["Runesmith:MakeshiftArmor","Runesmith:Repurpose","Runesmith:OneForEveryone"],"picked":"SKIP","floor":5},{"not_picked":["Runesmith:CraftPrismatica","Runesmith:Refine","Runesmith:EnergizedChisel"],"picked":"SKIP","floor":7},{"not_picked":["Runesmith:UnstableHammer","Runesmith:HammerAndChisel","Runesmith:CraftObretio"],"picked":"SKIP","floor":11},{"not_picked":["Runesmith:MakeshiftArmor","Runesmith:ShiftingStrike","Runesmith:Discharge"],"picked":"SKIP","floor":13}],"player_experience":68659,"relics_obtained":[{"floor":7,"key":"Dream Catcher"},{"floor":8,"key":"Anchor"},{"floor":9,"key":"Runesmith:AutoHammer"}],"event_choices":[{"damage_healed":0,"gold_gain":0,"player_choice":"Success","damage_taken":18,"relics_obtained":["Boot"],"max_hp_gain":0,"max_hp_loss":0,"event_name":"Scrap Ooze","floor":2,"gold_loss":0}],"is_beta":false,"boss_relics":[],"items_purged_floors":[],"is_endless":false,"potions_floor_spawned":[1,4,5,7],"killed_by":"Gremlin Nob","ascension_level":0}}