{"host":"jft3vy2l4n4npizy","time":1610954717,"event":{"mods":["BaseMod","Bestiary","Energized Spire","Highlight Path","Marisa£®ÏF”Í°°ƒß¿Ì…≥£©","Minty Spire (QoL Compilation)","Quick Restart","StSLib","TestMod","The Bladedancer","The Servant 0.9.4","Youmu£®ªÍ∆«—˝√Œ£©","Yuri Mod","vexMod"],"gold_per_floor":[116,191,205,48,48,73,73,90,90,110,24,24,49,63,63,159,825,835,835,835],"floor_reached":19,"language":"ZHS","playtime":417,"items_purged":[],"score":267,"play_id":"d42c01c7-20af-40d4-8b24-551ab0edda32","local_time":"20210118152517","is_ascension_mode":true,"campfire_choices":[{"data":"KidneyShot","floor":7,"key":"SMITH"},{"data":"Potential","floor":12,"key":"SMITH"},{"floor":15,"key":"REST"}],"circlet_count":0,"master_deck":["Strike_S","Strike_S","Strike_S","Defend_S","Defend_S","Defend_S","Defend_S","KidneyShot+1","Exchange","BottledTime","BottledTime","Potential+1","TimeWarp","Potential","FlawlessForm","Potential"],"relics":["Uniform","testmod-TestBox","testmod-Nyarlathotep","NeowsBlessing","testmod-LifeArmor","testmod-ConstraintPeriapt","Mercury Hourglass","Potion Belt","testmod-ArcanaOfDestiny","vexMod:RockOfEvil"],"acts_visited":["Exordium","TheCity"],"potions_floor_usage":[],"damage_taken":[{"damage":0,"enemies":"Jaw Worm","floor":1,"turns":1},{"damage":0,"enemies":"2 Louse","floor":3,"turns":1},{"damage":0,"enemies":"3 Sentries","floor":6,"turns":2},{"damage":0,"enemies":"Cultist","floor":8,"turns":2},{"damage":3,"enemies":"Blue Slaver","floor":10,"turns":3},{"damage":15,"enemies":"Gremlin Nob","floor":13,"turns":3},{"damage":5,"enemies":"Red Slaver","floor":14,"turns":2},{"damage":12,"enemies":"Hexaghost","floor":16,"turns":7},{"damage":4,"enemies":"2 Thieves","floor":18,"turns":2},{"damage":0,"enemies":"3 Byrds","floor":19,"turns":1}],"seed_played":"4919281453207848000","potions_obtained":[{"floor":3,"key":"Strength Potion"},{"floor":14,"key":"Explosive Potion"},{"floor":16,"key":"SpeedPotion"},{"floor":18,"key":"SkillPotion"}],"is_trial":false,"path_per_floor":["M","?","M","$","?","E","R","M","T","M","?","R","E","M","R","B",null,"M","M"],"character_chosen":"THE_SERVANT","items_purchased":["testmod-LifeArmor"],"campfire_rested":1,"item_purchase_floors":[4],"current_hp_per_floor":[65,54,54,54,54,54,54,56,56,54,54,54,40,35,54,45,65,61,61,61],"gold":835,"neow_bonus":"THREE_ENEMY_KILL","is_daily":false,"chose_seed":false,"campfire_upgraded":2,"win_rate":0.0,"timestamp":1610954717,"path_taken":["M","?","M","$","?","E","R","?","T","M","?","R","E","M","R","BOSS","M","M"],"items_purchased_type":["Relic"],"build_version":"2020-12-22","purchased_purges":0,"victory":false,"max_hp_per_floor":[65,65,65,65,65,65,65,65,65,65,65,65,65,65,65,65,65,65,65,65],"card_choices":[{"not_picked":["DoubleEdge","Sabotage","Shuttle"],"picked":"SKIP","floor":1},{"not_picked":["Read","Starlight"],"picked":"BottledTime","floor":3},{"not_picked":["Sabotage","Collapse"],"picked":"BottledTime","floor":6},{"not_picked":["Spin","Moonlight"],"picked":"Potential","floor":8},{"not_picked":["Rewind","Read"],"picked":"TimeWarp","floor":10},{"not_picked":["SpecialFormula","Alleviate"],"picked":"Potential","floor":13},{"not_picked":["Defy","TrueSight","Shuttle"],"picked":"SKIP","floor":14},{"not_picked":["Duplication","Sunlight"],"picked":"FlawlessForm","floor":16},{"not_picked":["DoubleEdge","Unruled"],"picked":"Potential","floor":18}],"player_experience":57389,"relics_obtained":[{"floor":6,"key":"testmod-ConstraintPeriapt"},{"floor":9,"key":"Mercury Hourglass"},{"floor":13,"key":"testmod-ArcanaOfDestiny"}],"event_choices":[{"damage_healed":0,"gold_gain":75,"player_choice":"Gather Gold","damage_taken":11,"max_hp_gain":0,"max_hp_loss":0,"event_name":"World of Goop","floor":2,"gold_loss":0},{"cards_removed":["Strike_S"],"damage_healed":0,"gold_gain":0,"player_choice":"Offered Basic","damage_taken":0,"max_hp_gain":0,"max_hp_loss":0,"event_name":"Bonfire Elementals","floor":5,"gold_loss":0},{"damage_healed":0,"gold_gain":0,"player_choice":"Paid Gold","damage_taken":0,"relics_obtained":["Potion Belt"],"max_hp_gain":0,"max_hp_loss":0,"event_name":"WeMeetAgain","floor":11,"gold_loss":86}],"is_beta":false,"boss_relics":[{"not_picked":["testmod-BloodSacrificeSpiritualization","testmod-HarvestTotem"],"picked":"vexMod:RockOfEvil"}],"items_purged_floors":[],"is_endless":false,"potions_floor_spawned":[3,14,16,18],"killed_by":"3 Byrds","ascension_level":4}}