{"host":"oc9z8cublggqyfxu","time":1610971066,"event":{"mods":["AchievementEnabler","Act Like it!","Aspiration","BaseMod","Colored Map","Colored Powertips","Dota2Spire","Friendly Minions","Gensokyo","GifTheSpireLib","Hallownest","Hermit","Highlight Path","KinomotoSakuraMod(木之本樱)","Koishi","Lobotomy","LobotomyExtend","Marisa（F雨　魔理沙）","Minty Spire (QoL Compilation)","Quick Restart","Rare Cards Sparkle","Relic Stats","Remilia（蕾米莉亚）","Replay The Spire","RumiaBox-露米娅的神秘盒子","Spicy Shops","StSLib","The Administrix","The Animator","The Blackbeard","The Bug Knight","The Cursed","The Hierophant","The Mystic","The Runesmith","The Servant 0.9.4","Yakumo Yukari mod","Youmu（魂魄妖梦）","Yuyuko","vexMod","【功能Mod】混沌之环修复补丁","【功能Mod】聪明的最终Boss"],"gold_per_floor":[114,129,149,149,166,201,201,220,247,265,265,294,294,308,308,408,408,426,443,453,278,278,278,298,298,298,398,415,428,428,445,445,542,542,557,432,448,459,474,474,499,499,499,499,499,519,533,734,734,734],"floor_reached":51,"language":"ZHS","playtime":1860,"items_purged":["ReplayTheSpireMod:Calculation Training","Creative AI","Catalyst"],"score":750,"play_id":"653a019e-66fa-470f-8a3e-86f376b2a650","local_time":"20210118195746","is_ascension_mode":true,"campfire_choices":[{"data":"Zap","floor":7.0,"key":"SMITH"},{"data":"Coolheaded","floor":13.0,"key":"SMITH"},{"floor":15.0,"key":"REST"},{"floor":23,"key":"REST"},{"data":"Gash","floor":32,"key":"SMITH"},{"data":"Consume","floor":40,"key":"SMITH"},{"data":"Machine Learning","floor":42,"key":"SMITH"},{"floor":49,"key":"REST"}],"circlet_count":0,"master_deck":["Strike_B","Strike_B","Strike_B","Defend_B","Defend_B","Defend_B","Zap+1","Dualcast","Coolheaded+1","Gash+1","Amplify","BootSequence+1","Gash+1","Sweeping Beam","Ball Lightning+1","Survivor","All Out Attack","Storm+1","Machine Learning+1","Gash","Consume+1","Storm+1","Gash+1","Gash+1"],"relics":["Cracked Core","RabbitCall","AddBug","SecretRecord","SecretRecord","SecretRecord","SecretRecord","SecretRecord","SecretRecord","SecretRecord"],"acts_visited":["Gensokyo:Gensokyo","TheCity","Gensokyo:Gensokyoest"],"potions_floor_usage":[18,33,33,33,46,50,50,50],"damage_taken":[{"damage":2.0,"enemies":"Gensokyo:Gryphon","floor":1.0,"turns":3.0},{"damage":0.0,"enemies":"Gensokyo:Python","floor":2.0,"turns":2.0},{"damage":0.0,"enemies":"Gensokyo:3_Fairies","floor":3.0,"turns":2.0},{"damage":3.0,"enemies":"Gensokyo:Python_and_Kodama","floor":5.0,"turns":3.0},{"damage":21.0,"enemies":"Gensokyo:Cirno","floor":6.0,"turns":5.0},{"damage":4.0,"enemies":"Gensokyo:3_Kodama","floor":8.0,"turns":3.0},{"damage":0.0,"enemies":"Gensokyo:Gryphon_and_Rabbit","floor":10.0,"turns":2.0},{"damage":18.0,"enemies":"Gensokyo:Mamizou","floor":12.0,"turns":4.0},{"damage":0.0,"enemies":"Gensokyo:LivingMonolith","floor":14.0,"turns":1.0},{"damage":56.0,"enemies":"Gensokyo:Reimu","floor":16.0,"turns":14.0},{"damage":8,"enemies":"Chosen","floor":18,"turns":4},{"damage":30,"enemies":"2 Thieves","floor":19,"turns":3},{"damage":0,"enemies":"Chosen and Byrds","floor":20,"turns":4},{"damage":15,"enemies":"Snecko","floor":24,"turns":3},{"damage":0,"enemies":"Cultist and Chosen","floor":28,"turns":2},{"damage":0,"enemies":"Snake Plant","floor":29,"turns":1},{"damage":0,"enemies":"Chosen and Byrds","floor":31,"turns":2},{"damage":4,"enemies":"Automaton","floor":33,"turns":4},{"damage":0,"enemies":"Gensokyo:3_Bats","floor":35,"turns":2},{"damage":0,"enemies":"Gensokyo:3_Boulders","floor":37,"turns":2},{"damage":0,"enemies":"Gensokyo:SeedOfUnknown","floor":38,"turns":3},{"damage":10,"enemies":"Gensokyo:4_Bats","floor":39,"turns":2},{"damage":30,"enemies":"Gensokyo:Marisa","floor":41,"turns":3},{"damage":0,"enemies":"Gensokyo:Rafflesia","floor":46,"turns":2},{"damage":0,"enemies":"Gensokyo:SeedOfUnknown","floor":47,"turns":1},{"damage":13,"enemies":"Gensokyo:Shinki","floor":50,"turns":6}],"seed_played":"3662181505445885716","potions_obtained":[{"floor":2.0,"key":"Strength Potion"},{"floor":5.0,"key":"Swift Potion"},{"floor":10.0,"key":"Regen Potion"},{"floor":16.0,"key":"PowerPotion"},{"floor":19,"key":"SteroidPotion"},{"floor":24,"key":"DistilledChaos"},{"floor":31,"key":"SpeedPotion"},{"floor":33,"key":"Languid Potion"},{"floor":35,"key":"DuplicationPotion"},{"floor":41,"key":"Venom Potion"},{"floor":47,"key":"Dota2Spire:HealingSalve"}],"is_trial":false,"path_per_floor":["M","M","M","?","M","E","R","M","T","M","?","E","R","M","R","B",null,"M","M","M","$","?","R","M","?","T","?","M","M","?","M","R","B",null,"M","$","M","M","M","R","E","R","T","?","?","M","M","?","R","B",null],"character_chosen":"DEFECT","items_purchased":[],"campfire_rested":3,"item_purchase_floors":[],"current_hp_per_floor":[73,73,73,73,70,49,49,45,45,45,53,35,35,35,57,16,75,67,37,37,37,37,59,44,44,44,44,44,44,44,44,44,40,75,75,75,75,75,65,65,35,35,35,35,43,43,43,25,47,40],"gold":734,"neow_bonus":"","is_daily":false,"chose_seed":false,"campfire_upgraded":5,"win_rate":0.0,"timestamp":1610971066,"path_taken":["M","M","M","?","M","E","R","M","T","M","?","E","R","M","R","BOSS","M","M","M","$","?","R","M","?","T","?","M","?","?","M","R","BOSS","M","$","M","M","?","R","E","R","T","?","?","M","?","?","R","BOSS"],"items_purchased_type":[],"build_version":"2020-12-22","purchased_purges":3,"victory":true,"max_hp_per_floor":[75,75,75,75,75,75,75,75,75,75,75,75,75,75,75,75,75,75,75,75,75,75,75,75,75,75,75,75,75,75,75,75,75,75,75,75,75,75,75,75,75,75,75,75,75,75,75,75,75,75],"relic_stats":{"counters":[27,85],"obtain_stats":[{"RabbitCall":0,"CogitoBucket":0,"AddBug":1,"SecretRecord":1,"Cracked Core":0},{"RabbitCall":0,"CogitoBucket":0,"AddBug":1,"SecretRecord":1,"Cracked Core":0},{"RabbitCall":0,"CogitoBucket":0,"AddBug":3,"SecretRecord":3,"Cracked Core":0}]},"card_choices":[{"not_picked":["Force Field","ReplayTheSpireMod:System Scan"],"picked":"Coolheaded","floor":1.0},{"not_picked":["Stack","Steam"],"picked":"Gash","floor":2.0},{"not_picked":["Leap","Hologram","aspiration:Polymerization"],"picked":"SKIP","floor":3.0},{"not_picked":["Beam Cell","Recycle","Rebound"],"picked":"SKIP","floor":5.0},{"not_picked":["Sweeping Beam","Chill"],"picked":"Amplify","floor":6.0},{"not_picked":["Time Bomb","Undo","Turbo"],"picked":"SKIP","floor":8.0},{"not_picked":["ReplayTheSpireMod:GoodbyeWorld","Coolheaded"],"picked":"ReplayTheSpireMod:Calculation Training","floor":10.0},{"not_picked":["Barrage","Ball Lightning","Hologram"],"picked":"SKIP","floor":12.0},{"not_picked":["Steam","ReplayTheSpireMod:Calculation Training","Hologram"],"picked":"SKIP","floor":14.0},{"not_picked":["Reboot","Echo Form"],"picked":"Creative AI","floor":16.0},{"not_picked":["Darkness+1","Turbo","BasicCrystalCard"],"picked":"SKIP","floor":18},{"not_picked":["Darkness","Double Energy"],"picked":"BootSequence+1","floor":19},{"not_picked":["Steam+1","Sweeping Beam"],"picked":"Gash+1","floor":20},{"not_picked":["Panic Button","Hologram"],"picked":"Sweeping Beam","floor":24},{"not_picked":["Undo","Sweeping Beam"],"picked":"Ball Lightning+1","floor":28},{"not_picked":["Static Discharge+1","Barrage"],"picked":"ReplayTheSpireMod:Calculation Training+1","floor":29},{"not_picked":["Turbo","Steam"],"picked":"Storm+1","floor":31},{"not_picked":["Thunder Strike","Biased Cognition"],"picked":"Machine Learning","floor":33},{"not_picked":["Cold Snap","Crystallizer"],"picked":"Gash","floor":35},{"not_picked":["Beam Cell+1","Aggregate","ReplayTheSpireMod:Calculation Training+1"],"picked":"SKIP","floor":37},{"not_picked":["Tempest","Glacier","White Noise+1"],"picked":"SKIP","floor":38},{"not_picked":["Static Discharge+1","Rebound"],"picked":"Consume","floor":39},{"not_picked":["BasicCrystalCard","ReplaySort+1"],"picked":"Storm+1","floor":41},{"not_picked":["Coolheaded","Tempest+1"],"picked":"Gash+1","floor":46},{"not_picked":["ReplayTheSpireMod:Repulse","ReplayTheSpireMod:Calculation Training+1","Compile Driver"],"picked":"SKIP","floor":47},{"not_picked":["All For One","Beam Cell+1"],"picked":"Gash+1","floor":48}],"player_experience":305281,"relics_obtained":[{"floor":1.0,"key":"AddBug"},{"floor":1.0,"key":"LetterFromLob"},{"floor":2.0,"key":"SecretRecord"},{"floor":2.0,"key":"LetterFromLob"},{"floor":3.0,"key":"LetterFromLob"},{"floor":5.0,"key":"SecretRecord"},{"floor":5.0,"key":"LetterFromLob"},{"floor":6.0,"key":"SecretRecord"},{"floor":6.0,"key":"Pet Ghost"},{"floor":6.0,"key":"LetterFromLob"},{"floor":8.0,"key":"LetterFromLob"},{"floor":10.0,"key":"LetterFromLob"},{"floor":12.0,"key":"aspiration:HatOfInfinitePower"},{"floor":12.0,"key":"LetterFromLob"},{"floor":14.0,"key":"LetterFromLob"},{"floor":16.0,"key":"LetterFromLob"},{"floor":18,"key":"LetterFromLob"},{"floor":19,"key":"SecretRecord"},{"floor":19,"key":"LetterFromLob"},{"floor":20,"key":"LetterFromLob"},{"floor":24,"key":"LetterFromLob"},{"floor":26,"key":"Carrot"},{"floor":28,"key":"SecretRecord"},{"floor":28,"key":"LetterFromLob"},{"floor":29,"key":"LetterFromLob"},{"floor":31,"key":"LetterFromLob"},{"floor":33,"key":"LetterFromLob"},{"floor":35,"key":"LetterFromLob"},{"floor":37,"key":"LetterFromLob"},{"floor":38,"key":"SecretRecord"},{"floor":38,"key":"LetterFromLob"},{"floor":39,"key":"LetterFromLob"},{"floor":41,"key":"Dota2Spire:BattleFury"},{"floor":41,"key":"LetterFromLob"},{"floor":43,"key":"Dream Catcher"},{"floor":46,"key":"LetterFromLob"},{"floor":47,"key":"LetterFromLob"}],"event_choices":[{"damage_healed":0,"gold_gain":0,"player_choice":"Ignored","damage_taken":0,"max_hp_gain":0,"max_hp_loss":0,"event_name":"Ghosts","floor":22,"gold_loss":0},{"damage_healed":0,"gold_gain":100,"player_choice":"Pray","damage_taken":0,"max_hp_gain":0,"max_hp_loss":0,"event_name":"Golden Shrine","floor":27,"gold_loss":0}],"is_beta":false,"boss_relics":[{"not_picked":["Velvet Choker","vexMod:MysteryBossChallenge"],"picked":"Nuclear Battery"},{"not_picked":["Abe\u0027s Treasure","vexMod:ImprovementManual"],"picked":"SlaversCollar"}],"items_purged_floors":[21,21,36],"is_endless":false,"potions_floor_spawned":[2,5,10,16,19,24,31,33,35,41,47],"ascension_level":1}}