{"host":"0rxdudjy6rylha1k","time":1610989933,"event":{"mods":["Aspiration","BaseMod","Colored Map","Colored Powertips","Downfall","Highlight Path","Hubris","Minty Spire (QoL Compilation)","StSLib"],"gold_per_floor":[99,119,22,78,78,78,125,25,53,69,69,83,83,8,20,119,119,69,88,105,205,217,217,263,278,128,142,92,120,30,48,68,68,68,68],"floor_reached":33,"language":"ENG","playtime":5166,"items_purged":[],"score":412,"play_id":"b5f1e851-9873-4697-87bc-b9cc4e8b5a47","local_time":"20210118101213","is_ascension_mode":true,"campfire_choices":[{"floor":1.0,"key":"RECALL"},{"data":"Slimebound:SplitSpecialist","floor":6.0,"key":"SMITH"},{"data":"Slimebound:Split","floor":8.0,"key":"SMITH"},{"floor":13.0,"key":"REST"},{"floor":18.0,"key":"DIG"},{"floor":26,"key":"REST"},{"floor":28,"key":"DIG"}],"circlet_count":0,"master_deck":["Slimebound:Strike_Slimebound","Slimebound:Strike_Slimebound","Slimebound:Strike_Slimebound","Slimebound:Tackle+1","Slimebound:Defend_Slimebound","Slimebound:Defend_Slimebound","Slimebound:Defend_Slimebound","Slimebound:Defend_Slimebound","Slimebound:Split+1","Slimebound:CorrosiveSpit","Slimebound:SlimeBarrage","Slimebound:SplitLeeching","Slimebound:SplitSpecialist+1","Slimebound:GoopSpray","Slimebound:SplitMire","Slimebound:GoopSpray","Slimebound:SlimeSpikes","Slimebound:LeechEnergy+1","Slimebound:SelfFormingGoo","Slimebound:Schlurp","Slimebound:SpikyOuterGoop","Slimebound:MegaLick","Slimebound:HauntingLick","Slimebound:SlimeSpikes","Slimebound:SlimeSpikes","Slimebound:RainOfGoop","Slimebound:LeadByExample","Slimebound:Recollect"],"relics":["Slimebound:AbsorbEndCombat","hexamod:BolsterEngine","downfall:HeartBlessingRed","Orichalcum","Slimebound:GreedOozeRelic","hubris:Backtick","Shovel","Whetstone","aspiration:AnachronicSnailShell","Darkstone Periapt","Bag of Preparation","downfall:HeartBlessingBlue","Strawberry","hubris:TenFootPole"],"acts_visited":["Exordium","TheCity"],"potions_floor_usage":[29,29,31,33],"damage_taken":[{"damage":7.0,"enemies":"Small Slimes","floor":2.0,"turns":5.0},{"damage":5.0,"enemies":"downfall:FleeingMerchant","floor":3.0,"turns":4.0},{"damage":9.0,"enemies":"Gremlin Nob","floor":4.0,"turns":5.0},{"damage":25.0,"enemies":"3 Sentries","floor":9.0,"turns":7.0},{"damage":0.0,"enemies":"Jaw Worm","floor":10.0,"turns":4.0},{"damage":0.0,"enemies":"2 Louse","floor":12.0,"turns":3.0},{"damage":1.0,"enemies":"Exordium Thugs","floor":15.0,"turns":4.0},{"damage":45.0,"enemies":"IC_STATUS_ARCHETYPE","floor":16.0,"turns":9.0},{"damage":5.0,"enemies":"Spheric Guardian","floor":19.0,"turns":5.0},{"damage":7.0,"enemies":"Chosen","floor":20.0,"turns":6.0},{"damage":30.0,"enemies":"Colosseum Nobs","floor":21.0,"turns":6.0},{"damage":1,"enemies":"Centurion and Healer","floor":22,"turns":7},{"damage":1,"enemies":"Snake Plant","floor":25,"turns":3},{"damage":15,"enemies":"Cultist and Chosen","floor":27,"turns":6},{"damage":3,"enemies":"Book of Stabbing","floor":29,"turns":5},{"damage":3,"enemies":"downfall:FleeingMerchant","floor":30,"turns":4},{"damage":10,"enemies":"3 Cultists","floor":31,"turns":5},{"damage":8,"enemies":"Snake Plant","floor":32,"turns":3},{"damage":74,"enemies":"DF_ARCHETYPE_CLAW","floor":33,"turns":11}],"seed_played":"6486177518919975824","potions_obtained":[{"floor":9.0,"key":"GamblersBrew"},{"floor":10.0,"key":"Explosive Potion"},{"floor":12.0,"key":"hexamod:SoulburnPotion"},{"floor":15.0,"key":"Fire Potion"},{"floor":16.0,"key":"Fire Potion"},{"floor":19.0,"key":"bronze:BurnAndBuffPotion"},{"floor":25,"key":"CultistPotion"},{"floor":27,"key":"Fire Potion"},{"floor":29,"key":"AttackPotion"},{"floor":31,"key":"GamblersBrew"}],"is_trial":false,"path_per_floor":["R","M","$","?","?","R","T","R","E","M","?","M","R","?","M","B",null,"R","M","M","?","M","?","T","M","R","M","R","E","$","M","M","B"],"character_chosen":"SLIMEBOUND","items_purchased":["Slimebound:SplitSpecialist","Slimebound:GoopSpray","Slimebound:LeadByExample"],"campfire_rested":2,"item_purchase_floors":[3,3,30],"current_hp_per_floor":[65,59,56,50,53,53,53,53,31,34,41,43,65,65,67,32,64,64,62,58,32,39,39,39,41,76,67,74,76,75,70,66,0,0,0],"gold":68,"neow_bonus":"TEN_PERCENT_HP_BONUS","is_daily":false,"chose_seed":false,"campfire_upgraded":2,"win_rate":0.0,"timestamp":1610989933,"path_taken":["R","M","$","?","?","R","T","R","E","M","?","?","R","?","M","BOSS","R","M","M","?","M","?","T","?","R","M","R","E","$","M","M","BOSS"],"items_purchased_type":["Card","Card","Card"],"build_version":"2020-12-22","purchased_purges":0,"victory":false,"max_hp_per_floor":[71,71,71,71,74,74,74,74,74,74,74,74,74,74,74,74,74,74,74,74,74,74,74,74,74,84,84,91,91,91,91,91,91,91,91],"card_choices":[{"not_picked":["Slimebound:LeechEnergy","Slimebound:SlimeTap"],"picked":"Slimebound:SlimeBarrage","floor":2.0},{"not_picked":["Slimebound:ItLooksTasty","Slimebound:LeechEnergy"],"picked":"Slimebound:SplitLeeching","floor":3.0},{"not_picked":["Slimebound:SplitAcid","Slimebound:RainOfGoop"],"picked":"Slimebound:SplitMire","floor":4.0},{"not_picked":["Slimebound:RainOfGoop","Slimebound:Chomp"],"picked":"Slimebound:GoopSpray","floor":9.0},{"not_picked":["Slimebound:GoopTackle","Slimebound:SplitAcid"],"picked":"Slimebound:SlimeSpikes","floor":10.0},{"not_picked":["Slimebound:LeechingTouch","Slimebound:SlimeBrawl"],"picked":"Slimebound:LeechEnergy","floor":12.0},{"not_picked":["Slimebound:LeechingTouch","Slimebound:Prepare","Slimebound:Grow"],"picked":"SKIP","floor":15.0},{"not_picked":["Slimebound:Teamwork","Slimebound:OneTwoCombo"],"picked":"Slimebound:SelfFormingGoo","floor":16.0},{"not_picked":["Slimebound:LeechEnergy","Slimebound:ServeAndProtect+1"],"picked":"Slimebound:Schlurp","floor":19.0},{"not_picked":["Slimebound:ForwardTackle+1","Slimebound:PressTheAttack+1"],"picked":"Slimebound:SpikyOuterGoop","floor":20.0},{"not_picked":["Slimebound:GoopSpray","Slimebound:GoopTackle"],"picked":"Slimebound:MegaLick","floor":21.0},{"not_picked":["Slimebound:PressTheAttack","Slimebound:ComboTackle+1","Slimebound:LivingWall+1"],"picked":"SKIP","floor":22},{"not_picked":["Slimebound:Overexert","Slimebound:GrowthPunch+1"],"picked":"Slimebound:HauntingLick","floor":25},{"not_picked":["Slimebound:Dissolve","Slimebound:LivingWall"],"picked":"Slimebound:SlimeSpikes","floor":27},{"not_picked":["Slimebound:SlimeBrawl","Slimebound:GrowthPunch+1"],"picked":"Slimebound:SlimeSpikes","floor":29},{"not_picked":["Slimebound:FinishingTackle","Slimebound:GrowthPunch+1"],"picked":"Slimebound:RainOfGoop","floor":30},{"not_picked":["Slimebound:SplitLeeching","Slimebound:Prepare+1"],"picked":"Slimebound:Recollect","floor":31},{"not_picked":["Slimebound:Schlurp","Slimebound:FlameTackle","Slimebound:ComboTackle"],"picked":"SKIP","floor":32}],"player_experience":2573284,"relics_obtained":[{"floor":4.0,"key":"hexamod:BolsterEngine"},{"floor":9.0,"key":"Orichalcum"},{"floor":18.0,"key":"Whetstone"},{"floor":21.0,"key":"aspiration:AnachronicSnailShell"},{"floor":21.0,"key":"Darkstone Periapt"},{"floor":24,"key":"Bag of Preparation"},{"floor":28,"key":"Strawberry"},{"floor":29,"key":"hubris:TenFootPole"}],"event_choices":[],"is_beta":false,"boss_relics":[{"not_picked":["Busted Crown","Calling Bell"],"picked":"hubris:Backtick"}],"items_purged_floors":[],"is_endless":false,"potions_floor_spawned":[9,10,12,15,16,19,25,27,29,31],"killed_by":"DF_ARCHETYPE_CLAW","ascension_level":9}}