{"host":"57rytaa21d5yl0hy","time":1610958152,"event":{"mods":["Act Like it!","BaseMod","Challenge The Spire","Friendly Minions","KinomotoSakuraMod(木之本樱)","Kiyohime（清姬）","Lobotomy","LobotomyExtend","Minty Spire (QoL Compilation)","Replay The Spire","RumiaBox-露米娅的神秘盒子","StSLib","The Senshi","Yuri Mod"],"gold_per_floor":[113,288,288,307,307,307,307,307,307,307,307,307,307,326,326,423,423,443,463,21,21,40,40,74,74,74,88,88,88],"floor_reached":28,"language":"ZHS","playtime":693,"items_purged":["Delirium"],"score":235,"play_id":"a565539f-708b-48c1-a88c-bc445f8bee75","local_time":"20210118162232","is_ascension_mode":true,"campfire_choices":[{"data":"theSenshi:MoonPrismPowerMakeUp","floor":6,"key":"SMITH"},{"data":"theSenshi:MoonKick","floor":8,"key":"SMITH"},{"data":"theSenshi:MoonPunch","floor":12,"key":"SMITH"},{"data":"theSenshi:SailorKick","floor":15,"key":"SMITH"},{"data":"Backstab","floor":23,"key":"SMITH"},{"data":"Dramatic Entrance","floor":25,"key":"SMITH"}],"circlet_count":0,"master_deck":["theSenshi:SailorKick+1","theSenshi:SailorKick+1","theSenshi:SailorKick+1","theSenshi:SailorKick+1","theSenshi:SailorBlock","theSenshi:SailorBlock","theSenshi:SailorBlock","theSenshi:SailorBlock","theSenshi:RoseThrow","theSenshi:MoonPrismPowerMakeUp+1","CENSORED","theSenshi:MoonPunch+1","theSenshi:MoonKick+1","OSAHOGD","Dagger Throw","NakedNest","Master of Strategy","Parasite","Wellcheers","FTL","Mercenary","Dramatic Entrance+1","theSenshi:MoonCrisisMakeUp+1","GreedKing","Backstab+1","OldLady","MeatLantern"],"relics":["theSenshi:TransformationBroochRelic","CogitoBucket","RabbitCall","Baka","LetterFromLob","PrismaticShard","Iron Hammer","Gremlin Horn","Sozu","ChangeAnything","TungstenRod","Onion Ring","Replay:Bottled Eggs"],"acts_visited":["Exordium","TheCity"],"potions_floor_usage":[16],"damage_taken":[{"damage":0,"enemies":"2 Louse","floor":1,"turns":3},{"damage":7,"enemies":"Cultist","floor":4,"turns":4},{"damage":3,"enemies":"Jaw Worm","floor":14,"turns":2},{"damage":52,"enemies":"Hexaghost","floor":16,"turns":5},{"damage":4,"enemies":"2 Thieves","floor":18,"turns":2},{"damage":23,"enemies":"Spheric Guardian","floor":19,"turns":2},{"damage":24,"enemies":"Cultist and Chosen","floor":22,"turns":4},{"damage":27,"enemies":"Gremlin Leader","floor":24,"turns":3},{"damage":0,"enemies":"Shelled Parasite and Fungi","floor":27,"turns":1},{"damage":81,"enemies":"Slavers","floor":28,"turns":3}],"seed_played":"7382744373359604347","potions_obtained":[{"floor":1,"key":"Elixir"},{"floor":14,"key":"Fruit Juice"}],"is_trial":false,"path_per_floor":["M","?","?","M","?","R","$","R","T","M","$","R","T","M","R","B",null,"M","M","$","?","M","R","E","R","T","M","E"],"character_chosen":"THE_SENSHI","items_purchased":["TungstenRod","theSenshi:MoonCrisisMakeUp"],"campfire_rested":0,"item_purchase_floors":[20,20],"current_hp_per_floor":[75,75,75,70,70,70,70,70,70,70,70,70,70,68,68,42,80,77,63,63,63,64,64,50,50,50,50,0,0],"gold":88,"neow_bonus":"","is_daily":false,"chose_seed":false,"campfire_upgraded":6,"win_rate":0.0,"timestamp":1610958152,"path_taken":["M","?","?","?","?","R","$","R","T","M","$","R","?","?","R","BOSS","M","M","$","?","M","R","E","R","T","?","E"],"items_purchased_type":["Relic","Card"],"build_version":"2020-12-22","purchased_purges":1,"victory":false,"max_hp_per_floor":[75,75,75,75,75,75,75,75,75,75,75,75,75,75,75,80,80,80,80,80,80,80,80,80,80,80,80,80,80],"card_choices":[{"not_picked":["FairyFestival","Wellcheers"],"picked":"CENSORED","floor":1},{"not_picked":["theSenshi:LunaWiseMentor","theSenshi:SchoolBag"],"picked":"theSenshi:MoonPunch","floor":1},{"not_picked":["theSenshi:PlutosSolemnity","theSenshi:MoonPower"],"picked":"theSenshi:MoonKick","floor":4},{"not_picked":["Wellcheers","SpiderBud"],"picked":"OSAHOGD","floor":14},{"not_picked":["ClowCardTheLoop","yuri:ArmBrace"],"picked":"Dagger Throw","floor":14},{"not_picked":["UniverseFragment","CherryBlossoms"],"picked":"NakedNest","floor":16},{"not_picked":["TheSmile","ClowCardTheTime"],"picked":"Master of Strategy","floor":16},{"not_picked":["FairyFestival","WallGazer"],"picked":"Wellcheers","floor":18},{"not_picked":["Replay:Anticipation","ClowCardTheIllusion+1"],"picked":"FTL","floor":18},{"not_picked":["FairyFestival","SpiderBud"],"picked":"Mercenary","floor":19},{"not_picked":["Replay:Undeath\u0027s Touch+1","theSenshi:SchoolBag"],"picked":"Dramatic Entrance","floor":19},{"not_picked":["FairyFestival","Murderer"],"picked":"GreedKing","floor":22},{"not_picked":["theSenshi:Sidestep","ClowCardTheLibra"],"picked":"Backstab","floor":22},{"not_picked":["Bloodbath","BeautyBeast"],"picked":"OldLady","floor":24},{"not_picked":["BearPaw+1","yuri:RemoveSafetyChecks","Dodge and Roll"],"picked":"SKIP","floor":24},{"not_picked":["CrumblingArmor","DreamingCurrent"],"picked":"MeatLantern","floor":27},{"not_picked":["Leg Sweep","yuri:InduceGlitch","Flying Knee"],"picked":"SKIP","floor":27}],"player_experience":299347,"relics_obtained":[{"floor":1,"key":"Baka"},{"floor":1,"key":"LetterFromLob"},{"floor":9,"key":"Iron Hammer"},{"floor":13,"key":"Gremlin Horn"},{"floor":24,"key":"Onion Ring"},{"floor":26,"key":"Replay:Bottled Eggs"}],"event_choices":[{"damage_healed":0,"gold_gain":175,"player_choice":"AGREE","damage_taken":0,"max_hp_gain":0,"max_hp_loss":0,"event_name":"Liars Game","floor":2,"gold_loss":0,"cards_obtained":["Doubt"]},{"cards_removed":["Doubt"],"damage_healed":0,"gold_gain":0,"player_choice":"Purged","damage_taken":0,"max_hp_gain":0,"max_hp_loss":0,"event_name":"Purifier","floor":3,"gold_loss":0},{"damage_healed":0,"gold_gain":0,"player_choice":"Upgraded","damage_taken":0,"max_hp_gain":0,"max_hp_loss":0,"event_name":"Upgrade Shrine","floor":21,"gold_loss":0,"cards_upgraded":["theSenshi:MoonCrisisMakeUp"]}],"is_beta":false,"boss_relics":[{"not_picked":["Runic Pyramid","Replay:Bronze Core"],"picked":"Sozu"}],"items_purged_floors":[20],"is_endless":false,"potions_floor_spawned":[1,14,19,22],"killed_by":"Slavers","ascension_level":1}}