{"host":"91blwi3hgehj6ch9","time":1610960164,"event":{"mods":["2.2 Compatiblity","AchievementEnabler","BaseMod","Colored Map","DeckTracker","Keyboard Shortcuts","Marisa£¨Ùöéë¡¡Øª×âÞÞ£©","Minty Spire (QoL Compilation)","Permanent Neow","Quick Restart","StSLib","SuperFastMode","everything is the same but u backflip on backflip"],"gold_per_floor":[113,113,188,199,199,199,214,257,257,334,347,366,366,50,50,148,148,173,173],"floor_reached":18,"language":"KOR","playtime":611,"items_purged":["Strike_P"],"score":275,"play_id":"d4451c71-6d08-4cdd-a780-e3cacc102c41","local_time":"20210118175604","is_ascension_mode":true,"campfire_choices":[{"data":"Eruption","floor":6.0,"key":"SMITH"},{"data":"Adaptation","floor":15.0,"key":"SMITH"}],"circlet_count":0,"master_deck":["AscendersBane","Strike_P","Strike_P","Strike_P","Defend_P+1","Defend_P","Defend_P","Defend_P","Eruption+1","Vigilance","EmptyFist+1","FollowUp","Wallop","Consecrate","WheelKick","Adaptation+1"],"relics":["Coffee Dripper","Golden Idol","Anchor","Meat on the Bone","Ornamental Fan","Sundial","Black Star"],"acts_visited":["Exordium","TheCity"],"potions_floor_usage":[],"damage_taken":[{"damage":1.0,"enemies":"Small Slimes","floor":1.0,"turns":5.0},{"damage":7.0,"enemies":"2 Louse","floor":4.0,"turns":3.0},{"damage":0.0,"enemies":"Cultist","floor":7.0,"turns":3.0},{"damage":6.0,"enemies":"3 Sentries","floor":8.0,"turns":6.0},{"damage":0.0,"enemies":"2 Fungi Beasts","floor":11.0,"turns":3.0},{"damage":0.0,"enemies":"Exordium Wildlife","floor":12.0,"turns":2.0},{"damage":4.0,"enemies":"Slime Boss","floor":16.0,"turns":7.0},{"damage":13.0,"enemies":"3 Byrds","floor":18.0,"turns":4.0}],"seed_played":"2728373452119815655","potions_obtained":[{"floor":7.0,"key":"BottledMiracle"},{"floor":8.0,"key":"SneckoOil"}],"is_trial":false,"path_per_floor":["M","?","?","M","?","R","M","E","T","T","M","M","?","$","R","B",null,"M"],"character_chosen":"WATCHER","items_purchased":["Sundial"],"campfire_rested":0,"item_purchase_floors":[14],"current_hp_per_floor":[60,46,40,33,33,33,33,27,27,27,39,39,39,39,39,35,56,43,43],"gold":173,"neow_bonus":"BOSS_RELIC","is_daily":false,"chose_seed":false,"campfire_upgraded":2,"win_rate":0.0,"timestamp":1610960164,"path_taken":["M","?","?","?","?","R","M","E","T","?","M","?","?","$","R","BOSS","M"],"items_purchased_type":["Relic"],"build_version":"2020-12-22","purchased_purges":1,"victory":false,"max_hp_per_floor":[68,68,68,68,63,63,63,63,63,63,63,63,63,63,63,63,63,63,63],"card_choices":[{"not_picked":["Crescendo","ForeignInfluence"],"picked":"EmptyFist","floor":1.0},{"not_picked":["Consecrate","Crescendo"],"picked":"FollowUp","floor":4.0},{"not_picked":["Pray","EmptyBody"],"picked":"Wallop","floor":7.0},{"not_picked":["ConjureBlade","ForeignInfluence"],"picked":"Consecrate","floor":8.0},{"not_picked":["Fasting2","Evaluate"],"picked":"WheelKick","floor":11.0},{"not_picked":["Meditate","JustLucky"],"picked":"Adaptation","floor":12.0}],"player_experience":183933,"relics_obtained":[{"floor":8.0,"key":"Anchor"},{"floor":9.0,"key":"Meat on the Bone"},{"floor":10.0,"key":"Ornamental Fan"}],"event_choices":[{"damage_healed":0.0,"max_hp_gain":0.0,"max_hp_loss":0.0,"gold_gain":0.0,"event_name":"Shining Light","player_choice":"Entered Light","floor":2.0,"gold_loss":0.0,"damage_taken":14.0,"cards_upgraded":["Defend_P","EmptyFist"]},{"damage_healed":0.0,"max_hp_gain":0.0,"max_hp_loss":0.0,"gold_gain":75.0,"event_name":"FaceTrader","player_choice":"Touch","floor":3.0,"gold_loss":0.0,"damage_taken":6.0},{"damage_healed":0.0,"max_hp_gain":0.0,"max_hp_loss":5.0,"gold_gain":0.0,"event_name":"Golden Idol","player_choice":"Lose Max HP","floor":5.0,"gold_loss":0.0,"damage_taken":0.0,"relics_obtained":["Golden Idol"]},{"damage_healed":0.0,"max_hp_gain":0.0,"max_hp_loss":0.0,"gold_gain":0.0,"event_name":"Liars Game","player_choice":"Ignored","floor":13.0,"gold_loss":0.0,"damage_taken":0.0}],"is_beta":false,"boss_relics":[{"not_picked":["Calling Bell","Fusion Hammer"],"picked":"Black Star"}],"items_purged_floors":[14],"is_endless":false,"potions_floor_spawned":[7,8,12],"killed_by":"3 Byrds","ascension_level":14}}