{"host":"h5acbxt0wmjo1kpm","time":1610928360,"event":{"mods":["2.2 Compatiblity","Act Like it!","AlwaysNeverKeys","Aspiration","Bard","Bartender","BaseMod","Better Third Choice","Colored Map","Elementarium","Gensokyo","GifTheSpireLib","Hallownest","Marisa????????","Menagerie","Minty Spire (QoL Compilation)","Permanent Neow","Potionbrewer","Relic Filter","Replay The Spire","Robot Space Explorer","RumiaBox-????????","Shade Mod","Spicy Shops","StSLib","Strawberry Spire","The Blackbeard","The Dragon Tamer","The Gatherer","The Hayseed","The Problem Sleuth","The Servant 0.9.4","Wandering Minibosses","vexMod"],"gold_per_floor":[115,133,133,133,18,50,0,27,108,188,220,240,240,240,240,312,312,326,241,241,109,132,132,158,158,158,158,177,177,194,225,225,298,298,197,214,223,223,238,238,268,1067,1067,1113,1167,1167,1177,317,317,316,316,316,35,65,50],"floor_reached":56,"language":"ENG","playtime":5300,"items_purged":["Normality"],"score":2028,"play_id":"b7bc158b-a0e4-4d0f-85e5-f7a03f1d00b4","local_time":"20210117160600","is_ascension_mode":true,"metric_token":2193,"campfire_choices":[{"data":"Gatherer:Overflowing","floor":13.0,"key":"SMITH"},{"data":"Gatherer:Centralize","floor":15.0,"key":"SMITH"},{"data":"Gatherer:TacticalStrike","floor":23.0,"key":"SMITH"},{"data":"Gatherer:GrowBook","floor":25.0,"key":"SMITH"},{"data":"Gatherer:GrowBook","floor":27.0,"key":"SMITH"},{"data":"Hyperbeam","floor":32.0,"key":"SMITH"},{"data":"blackbeard:WiseDefense","floor":40,"key":"SMITH"},{"floor":46,"key":"RECALL"},{"data":"Gatherer:FlowerPower","floor":49,"key":"SMITH"},{"data":"Gatherer:FlowerPower+1","floor":52,"key":"SMITH"}],"circlet_count":0,"master_deck":["AscendersBane","Gatherer:Centralize+1","Gatherer:FlowerWhip","Gatherer:FlowerBeam","Gatherer:FlowerShield","Clumsy","Gatherer:GlowingPlant","Gatherer:Shadow","Gatherer:Light","Gatherer:Overflowing+1","Gatherer:HeartToFruit+1","Gatherer:TacticalStrike+1","bard:SixFourTime","blackbeard:PirateEarring","potionbrewer:ChainReaction+1","Gatherer:Photoscythe","Hyperbeam+1","Gatherer:FruitForce","Gatherer:EnergyBasket","Decay","bard:Silence+1","Rainbow","potionbrewer:Bribery+1","Gatherer:BlackTea","Gatherer:GatherMaterial","Gatherer:QuickSynthesis","Gatherer:Snatch","Gatherer:OddSpoils","Gatherer:FruitForce","Gatherer:MiningStrike","Gatherer:Overflowing","Gatherer:Duality","Gatherer:PoisonMastery","Gatherer:FlowerFalling","Gatherer:FlowerShield","Gatherer:FlowerPower+2","Gatherer:CollectorsShot","Gatherer:ColorfulGarden","blackbeard:WiseDefense+1","Gatherer:Convert","Gatherer:Transmute","Gatherer:CollectorsShot+1","Gatherer:FlowerFalling+1","Gatherer:Convert+1","Gatherer:GlowingPlant+1","Gatherer:Shadow","Gatherer:Light","Gatherer:Overflowing+1","Gatherer:GatherMaterial+1","Gatherer:GlowingPlant+1","Gatherer:Shadow+1","Gatherer:Light+1","ReplayUltimateDefense+1","Gatherer:FlowerPower"],"relics":["Gatherer:AlchemyBag","aspiration:Nostalgia","bard:BagPipes","Gensokyo:NagashiBinaDoll","Gatherer:MistGenerator","Pet Ghost","Eternal Feather","Quantum Egg","strawberrySpire:ElefentMask","Snack Pack","Iron Hammer","strawberrySpire:BrokenPrinter","Juzu Bracelet","Bottled Flame","Prayer Wheel","Prayer Wheel","aspiration:ChemicalBlood","Pandora\u0027s Box","Blue Doll","wanderingMiniBosses:MasterThiefsPresence","Protect_Vest","Nunchaku","Whetstone","Golden Egg","ReplayTheSpireMod:Ninjato","Regal Pillow","vexMod:PaidLearning","Happy Flower"],"acts_visited":["Gensokyo:Gensokyo","TheCity","TheBeyond","TheEnding"],"potions_floor_usage":[41,41,47,50,54,55,55],"damage_taken":[{"damage":0.0,"enemies":"Gensokyo:3_Fairies","floor":1.0,"turns":4.0},{"damage":7.0,"enemies":"Gensokyo:Python","floor":2.0,"turns":3.0},{"damage":21.0,"enemies":"Gensokyo:Mamizou","floor":6.0,"turns":8.0},{"damage":12.0,"enemies":"Gensokyo:Aya","floor":8.0,"turns":6.0},{"damage":8.0,"enemies":"Gensokyo:Cirno","floor":11.0,"turns":6.0},{"damage":0.0,"enemies":"Gensokyo:2_Kodama","floor":12.0,"turns":2.0},{"damage":15.0,"enemies":"Gensokyo:Reimu","floor":16.0,"turns":14.0},{"damage":4.0,"enemies":"3 Byrds","floor":18.0,"turns":5.0},{"damage":8.0,"enemies":"Replay:Snechameleon","floor":24.0,"turns":5.0},{"damage":0.0,"enemies":"Shell Parasite","floor":28.0,"turns":8.0},{"damage":0.0,"enemies":"Snake Plant","floor":30.0,"turns":7.0},{"damage":2.0,"enemies":"Book of Stabbing","floor":31.0,"turns":6.0},{"damage":33.0,"enemies":"Automaton","floor":33.0,"turns":10.0},{"damage":0.0,"enemies":"3 Shapes","floor":35.0,"turns":6.0},{"damage":1.0,"enemies":"3 Darklings","floor":36.0,"turns":2.0},{"damage":1.0,"enemies":"Jaw Worm Horde","floor":37.0,"turns":3.0},{"damage":3.0,"enemies":"Spire Growth","floor":39.0,"turns":4.0},{"damage":15,"enemies":"Giant Head","floor":41,"turns":6},{"damage":0,"enemies":"3 Darklings","floor":42,"turns":5},{"damage":0,"enemies":"Transient","floor":47,"turns":5},{"damage":18,"enemies":"Time Eater","floor":50,"turns":8},{"damage":0,"enemies":"Shield and Spear","floor":54,"turns":5},{"damage":32,"enemies":"The Heart","floor":55,"turns":13}],"seed_played":"7073072324132371856","potions_obtained":[{"floor":1.0,"key":"Reflective Coating"},{"floor":8.0,"key":"Adrenaline Potion"},{"floor":11.0,"key":"ColorlessPotion"},{"floor":16.0,"key":"Adrenaline Potion"},{"floor":18.0,"key":"potionbrewer:InfectionPotion"},{"floor":20.0,"key":"Adrenaline Potion"},{"floor":28.0,"key":"Fire Potion"},{"floor":30.0,"key":"LifebloodPotion"},{"floor":31.0,"key":"GamblersBrew"},{"floor":36.0,"key":"Poison Potion"},{"floor":39.0,"key":"AttackPotion"},{"floor":41,"key":"SteroidPotion"},{"floor":42,"key":"Languid Potion"},{"floor":47,"key":"TheSimpletonMod:KindlingPotion"},{"floor":50,"key":"SpeedPotion"}],"is_trial":false,"path_per_floor":["M","M","?","?","$","E","?","E","T","?","E","M","R","T","R","B",null,"M","?","?","$","T","R","E","R","T","R","M","?","M","E","R","B",null,"M","M","M","$","M","R","E","M","T","T","?","R","M","$","R","B",null,"R","$","E","B",null],"character_chosen":"THE_GATHERER","items_purchased":["Gatherer:GlowingPlant","Gatherer:MistGenerator","strawberrySpire:BrokenPrinter","Golden Egg","ReplayTheSpireMod:Ninjato","Regal Pillow","Gatherer:Overflowing","vexMod:PaidLearning","Gatherer:GatherMaterial","Gatherer:GlowingPlant","ReplayUltimateDefense"],"campfire_rested":0,"item_purchase_floors":[5,5,21,48,48,48,48,48,53,53,53],"current_hp_per_floor":[60,53,53,53,53,32,57,45,45,45,37,41,53,53,65,60,68,71,71,71,71,71,74,74,78,78,78,85,85,88,91,91,63,90,97,104,107,107,108,111,104,106,106,106,69,93,95,95,115,105,113,115,115,119,95],"gold":50,"neow_bonus":"NOSTALGIA","is_daily":false,"chose_seed":false,"campfire_upgraded":9,"win_rate":0.0,"timestamp":1610928360,"path_taken":["M","M","?","?","$","E","?","E","T","?","E","M","R","?","R","BOSS","M","?","?","$","?","R","E","R","T","R","M","?","M","E","R","BOSS","M","M","M","$","M","R","E","M","T","?","?","R","M","$","R","BOSS","R","$","E","BOSS"],"items_purchased_type":["Card","Relic","Relic","Relic","Relic","Relic","Card","Relic","Card","Card","Card"],"build_version":"2020-12-22","purchased_purges":1,"victory":true,"max_hp_per_floor":[67,67,67,67,67,67,67,67,67,67,67,71,71,71,71,71,71,74,74,74,74,74,74,78,78,78,78,85,85,88,91,91,94,98,101,105,108,108,111,111,115,115,115,115,115,115,115,115,115,115,115,115,115,119,119],"card_choices":[{"not_picked":["Gatherer:ScherryThrow","Gatherer:Convert"],"picked":"Gatherer:FlowerBeam","floor":1.0},{"not_picked":["Gatherer:CarefulStrike","Gatherer:AromaProtection"],"picked":"Gatherer:FlowerShield","floor":2.0},{"not_picked":["Gatherer:Uplift","Gatherer:AcidicSpray","Gatherer:DrugPower"],"picked":"SKIP","floor":6.0},{"not_picked":["Gatherer:AcidicSpray","Gatherer:Frenzy"],"picked":"Gatherer:Overflowing","floor":8.0},{"not_picked":["Gatherer:AcidicSpray","Gatherer:Snatch"],"picked":"Gatherer:HeartToFruit","floor":11.0},{"not_picked":["Gatherer:WoolGloves","Gatherer:Frenzy","Gatherer:RecipeChange"],"picked":"SKIP","floor":12.0},{"not_picked":["Gatherer:HeartToFruit","Gatherer:FlamingBottle"],"picked":"Gatherer:GrowBook","floor":16.0},{"not_picked":["Gatherer:WoolGloves","Gatherer:BambuSword"],"picked":"Gatherer:TacticalStrike","floor":18.0},{"not_picked":["Gatherer:RottenStipe","Gatherer:CarefulStrike+1"],"picked":"Gatherer:Photoscythe","floor":24.0},{"not_picked":["Gatherer:QuickSynthesis","Gatherer:FlowerPower"],"picked":"Gatherer:FruitForce","floor":28.0},{"not_picked":["Gatherer:Snatch","Gatherer:CarefulStrike"],"picked":"Gatherer:EnergyBasket","floor":28.0},{"not_picked":["Gatherer:FeelingFine","Gatherer:FruitForce","Gatherer:GatherMaterial"],"picked":"SKIP","floor":30.0},{"not_picked":["Gatherer:VenomBarrier","Gatherer:DrugPower","Gatherer:Duality"],"picked":"SKIP","floor":30.0},{"not_picked":["Gatherer:Photoscythe","Gatherer:TacticalStrike","Gatherer:AcidicSpray"],"picked":"SKIP","floor":30.0},{"not_picked":["Gatherer:Pollute","Gatherer:TacticalStrike","Gatherer:QuickSynthesis"],"picked":"SKIP","floor":31.0},{"not_picked":["Gatherer:BomberForm","Gatherer:Examine"],"picked":"Gatherer:BlackTea","floor":33.0},{"not_picked":["Gatherer:Solidify","Gatherer:AcidicSpray"],"picked":"Gatherer:FlowerFalling","floor":35.0},{"not_picked":["Gatherer:SealedBomb","Gatherer:Duality"],"picked":"Gatherer:FlowerShield","floor":35.0},{"not_picked":["Gatherer:ScherryThrow+1","Gatherer:EnergyBasket"],"picked":"Gatherer:FlowerPower","floor":35.0},{"not_picked":["Gatherer:DrugPower","Gatherer:PotentialSlash+1"],"picked":"Gatherer:CollectorsShot","floor":36.0},{"not_picked":["Gatherer:TreeGrowth","Gatherer:Snatch","Gatherer:FragileHammer+1"],"picked":"SKIP","floor":36.0},{"not_picked":["Gatherer:Liquidism","Gatherer:GatherMaterial+1","Gatherer:AromaProtection"],"picked":"SKIP","floor":36.0},{"not_picked":["Gatherer:CarefulStrike+1","Gatherer:WitheringStrike"],"picked":"Gatherer:ColorfulGarden","floor":37.0},{"not_picked":["Gatherer:SmartManeuver","Gatherer:Misfortune","Gatherer:ScherryThrow"],"picked":"SKIP","floor":37.0},{"not_picked":["Gatherer:Liquidism","Gatherer:Duplicator+1","Gatherer:SealedBomb"],"picked":"SKIP","floor":37.0},{"not_picked":["Gatherer:TacticalStrike","Gatherer:Misfortune+1"],"picked":"Gatherer:Convert","floor":39.0},{"not_picked":["Gatherer:DrugPower","Gatherer:TacticalStrike"],"picked":"Gatherer:Transmute","floor":39.0},{"not_picked":["Gatherer:AlchemyTrial+1","Gatherer:BambuSword","Gatherer:Snatch"],"picked":"SKIP","floor":39.0},{"not_picked":["Gatherer:TreeGrowth","Gatherer:Snatch","Gatherer:PotentialSlash+1"],"picked":"SKIP","floor":41},{"not_picked":["Gatherer:DrugPower","Gatherer:FragileHammer"],"picked":"Gatherer:CollectorsShot","floor":42},{"not_picked":["Gatherer:FruitForce","Gatherer:ScentOfRosmari"],"picked":"Gatherer:FlowerFalling+1","floor":42},{"not_picked":["Gatherer:PotentialSlash","Gatherer:FlowerFalling","Gatherer:FragileHammer+1"],"picked":"SKIP","floor":42},{"not_picked":["Gatherer:OddSpoils","Gatherer:Duplicator"],"picked":"Gatherer:Convert+1","floor":45},{"not_picked":["Gatherer:CollectorsShot","Gatherer:Frenzy"],"picked":"Gatherer:GlowingPlant+1","floor":47},{"not_picked":["Gatherer:ScentOfRosmari","Gatherer:BigPouch+1","Gatherer:UpgradeBag"],"picked":"SKIP","floor":47},{"not_picked":["Gatherer:TreeGrowth","Gatherer:EnergyBasket","Gatherer:ScrollOfPurity"],"picked":"SKIP","floor":47},{"not_picked":["Gatherer:Polymorphism","Gatherer:Duality"],"picked":"Gatherer:FlowerPower","floor":54}],"player_experience":2209414,"relics_obtained":[{"floor":6.0,"key":"Pet Ghost"},{"floor":8.0,"key":"Eternal Feather"},{"floor":9.0,"key":"Quantum Egg"},{"floor":11.0,"key":"strawberrySpire:ElefentMask"},{"floor":14.0,"key":"Snack Pack"},{"floor":22.0,"key":"Juzu Bracelet"},{"floor":24.0,"key":"Bottled Flame"},{"floor":31.0,"key":"aspiration:ChemicalBlood"},{"floor":41,"key":"Blue Doll"},{"floor":42,"key":"wanderingMiniBosses:MasterThiefsPresence"},{"floor":43,"key":"Protect_Vest"},{"floor":44,"key":"Nunchaku"},{"floor":45,"key":"Whetstone"},{"floor":54,"key":"Happy Flower"}],"event_choices":[{"damage_healed":0.0,"max_hp_gain":0.0,"max_hp_loss":0.0,"gold_gain":0.0,"event_name":"Addict","player_choice":"Obtained Relic","floor":19.0,"gold_loss":85.0,"damage_taken":0.0,"relics_obtained":["Iron Hammer"]},{"damage_healed":0.0,"max_hp_gain":0.0,"max_hp_loss":0.0,"gold_gain":0.0,"event_name":"Wheel of Change","player_choice":"Cursed","floor":29.0,"gold_loss":0.0,"damage_taken":0.0,"cards_obtained":["Decay"]}],"is_beta":false,"boss_relics":[{"not_picked":["ChewingGum","vexMod:NewClearReactor","Honey Jar"]},{"not_picked":["vexMod:MysteryBossChallenge","Kintsugi"],"picked":"Pandora\u0027s Box"}],"items_purged_floors":[21],"is_endless":false,"potions_floor_spawned":[1,8,11,16,18,28,30,31,36,39,42,47],"ascension_level":15}}