{"host":"dmvw5lvmugstco58","time":1610931490,"event":{"mods":["AchievementEnabler","Aspiration","BaseMod","Beaked The Cultist","Better-Laid Plans","BetterRewards","Colored Powertips","Dark Map","Friendly Minions","GifTheSpireLib","Gremlin Mod","GungeonMod","Hermit","Hubris","Infinite Spire","Minty Spire (QoL Compilation)","Permanent Neow","Replay The Spire","Spicy Shops","StS++","StSLib","Stuff the Spire","The Blue Laboratory","The Forsaken","The Necromancer"],"gold_per_floor":[114,124,124,18,33,33,61,61,61,78,78,28,122,221,221,234,234,251,251,251,265,265,334,334,353,366,382,401,401,401,401],"floor_reached":33,"language":"ENG","playtime":1471,"items_purged":[],"score":247,"play_id":"2d3ffcd2-feba-4aee-aa52-7d3c5fc0ed42","local_time":"20210117185810","is_ascension_mode":false,"campfire_choices":[{"data":"StuffTheSpire:Incantation","floor":6,"key":"SMITH"},{"data":"Dagger Spray","floor":8,"key":"SMITH"},{"floor":23,"key":"RECALL"},{"floor":27,"key":"REST"},{"floor":32,"key":"REST"}],"circlet_count":0,"master_deck":["Strike_G+1","Strike_G+1","Strike_G+1","Strike_G+1","Strike_G+1","Defend_G+1","Defend_G+1","Defend_G+1","Defend_G+1","Survivor","Neutralize","StSpp:ChainedTrap+1","Dagger Spray+1","StuffTheSpire:Incantation+1","Backstab","Blade Dance","Deadly Poison","Corpse Explosion","Deadly Poison","Footwork","Distraction+1","PiercingWail+1","PiercingWail+1","Envenom"],"relics":["Ring of the Snake","Bronze Scales","hubris:Teleporter","hubris:ToyBattleship","hubris:Backtick","Thread and Needle","hubris:Towel","Replay:Bottled Flurry"],"acts_visited":["Exordium","TheCity"],"potions_floor_usage":[5,7,7,7,7,16,20,29,29,31,33,33],"damage_taken":[{"damage":9,"enemies":"infinitespire:Voidling","floor":1,"turns":5},{"damage":0,"enemies":"Cultist","floor":2,"turns":4},{"damage":1,"enemies":"Small Slimes","floor":5,"turns":3},{"damage":6,"enemies":"3 Sentries","floor":7,"turns":4},{"damage":0,"enemies":"Exordium Wildlife","floor":11,"turns":1},{"damage":8,"enemies":"Slime Boss","floor":16,"turns":8},{"damage":15,"enemies":"2 Thieves","floor":18,"turns":3},{"damage":7,"enemies":"Spheric Guardian","floor":20,"turns":4},{"damage":31,"enemies":"Cultist and Chosen","floor":24,"turns":6},{"damage":17,"enemies":"Snake Plant","floor":28,"turns":4},{"damage":0,"enemies":"Centurion and Healer","floor":29,"turns":5},{"damage":1,"enemies":"Sentry and Sphere","floor":30,"turns":5},{"damage":0,"enemies":"Snake Plant","floor":31,"turns":4},{"damage":65,"enemies":"Champ","floor":33,"turns":10}],"seed_played":"-4683814248024738323","potions_obtained":[{"floor":1,"key":"Reflective Coating"},{"floor":5,"key":"EntropicBrew"},{"floor":11,"key":"blueLaboratory:BubblePotion"},{"floor":16,"key":"blueLaboratory:NullPotion"},{"floor":20,"key":"PowerPotion"},{"floor":28,"key":"blueLaboratory:HorrorPotion"},{"floor":30,"key":"GamblersBrew"},{"floor":31,"key":"DemoMod:LeadSkinPotion"}],"is_trial":false,"path_per_floor":["M","M","T","$","M","R","E","R","T","M","?","$","R","B",null,"M","?","M","?","R","M","?","T","R","M","M","M","M","R","B"],"character_chosen":"THE_SILENT","items_purchased":["StuffTheSpire:Incantation","PowerPotion"],"campfire_rested":2,"item_purchase_floors":[4,14],"current_hp_per_floor":[70,70,70,70,69,69,63,63,63,63,63,63,63,55,70,55,55,48,48,48,17,17,17,38,21,21,20,20,41,0,0],"gold":401,"neow_bonus":"REMOVE_CARD","is_daily":false,"chose_seed":false,"campfire_upgraded":2,"win_rate":0.0,"timestamp":1610931490,"path_taken":["M","?","?","$","M","R","E","R","T","?","?","?","R","BOSS","M","?","M","?","R","?","?","T","R","M","M","M","M","R","BOSS"],"items_purchased_type":["Card","Potion"],"build_version":"2020-12-22","purchased_purges":0,"victory":false,"max_hp_per_floor":[70,70,70,70,70,70,70,70,70,70,70,70,70,70,70,70,70,70,70,70,70,70,70,70,70,70,70,70,70,70,70],"card_choices":[{"not_picked":["Poisoned Stab","Heel Hook"],"picked":"StSpp:ChainedTrap","floor":1},{"not_picked":["ReplayTheSpireMod:Speed Training","StuffTheSpire:Injection"],"picked":"Dagger Spray","floor":2},{"not_picked":["Replay:Poison Smokescreen","StuffTheSpire:MirrorStance"],"picked":"Backstab","floor":5},{"not_picked":["Flying Knee","Doppelganger"],"picked":"Blade Dance","floor":7},{"not_picked":["StuffTheSpire:BumpUp","StuffTheSpire:Injection"],"picked":"Deadly Poison","floor":11},{"not_picked":["Die Die Die","Doppelganger"],"picked":"Corpse Explosion","floor":16},{"not_picked":["Setup+1","Hidden Blade"],"picked":"Deadly Poison","floor":18},{"not_picked":["Dagger Throw","Backflip"],"picked":"Footwork","floor":20},{"not_picked":["StSpp:Throw","StuffTheSpire:Injection","Dagger Throw"],"picked":"SKIP","floor":24},{"not_picked":["Fluid Movement","Outmaneuver+1"],"picked":"Distraction+1","floor":28},{"not_picked":["Sucker Punch","Cloak And Dagger+1"],"picked":"PiercingWail+1","floor":29},{"not_picked":["Fluid Movement","Hidden Blade"],"picked":"PiercingWail+1","floor":30},{"not_picked":["StuffTheSpire:BumpUp+1","Underhanded Strike"],"picked":"Envenom","floor":31}],"player_experience":283756,"relics_obtained":[{"floor":3,"key":"Bronze Scales"},{"floor":7,"key":"hubris:Teleporter"},{"floor":9,"key":"hubris:ToyBattleship"},{"floor":26,"key":"Replay:Bottled Flurry"}],"event_choices":[{"damage_healed":0,"gold_gain":0,"player_choice":"Simplicity","damage_taken":0,"max_hp_gain":0,"max_hp_loss":0,"event_name":"Back to Basics","floor":22,"gold_loss":0,"cards_upgraded":["Strike_G","Strike_G","Strike_G","Strike_G","Strike_G","Defend_G","Defend_G","Defend_G","Defend_G"]}],"is_beta":false,"boss_relics":[{"not_picked":["aspiration:RunicSpoon","Replay:Drink Me"],"picked":"hubris:Backtick"}],"items_purged_floors":[],"is_endless":false,"potions_floor_spawned":[1,5,11,16,20,28,30,31],"killed_by":"Champ","ascension_level":0}}