{"host":"4axoa1rfjgnprp9l","time":1610968122,"event":{"mods":["2.2 Compatiblity","AchievementEnabler","BaseMod","Colored Map","DeckTracker","Highlight Path","Minty Spire (QoL Compilation)","Permanent Neow","StSLib","SuperFastMode"],"gold_per_floor":[112,128,142,142,67,67,85,85,110,110,137,157,183,200,200,278,278,291,304,319,319,336,365,382,382,405,437,449,486,514,100,100,173,173,189,235,135,154,154,154,180,180,180,193,227,227,102,102,102,102,102],"floor_reached":52,"language":"KOR","playtime":7031,"items_purged":["Strike_G","Blade Dance+1","Bane+1"],"score":2184,"play_id":"e63b08f3-b33c-4211-8829-9d82798ee67d","local_time":"20210118200842","is_ascension_mode":true,"campfire_choices":[{"data":"Crippling Poison","floor":6.0,"key":"SMITH"},{"data":"Bane","floor":8.0,"key":"SMITH"},{"data":"Deadly Poison","floor":10.0,"key":"SMITH"},{"data":"Footwork","floor":15.0,"key":"SMITH"},{"data":"Adrenaline","floor":25.0,"key":"SMITH"},{"data":"Wraith Form v2","floor":28.0,"key":"SMITH"},{"floor":32.0,"key":"REST"},{"data":"Burst","floor":40.0,"key":"SMITH"},{"data":"Night Terror","floor":42.0,"key":"SMITH"},{"data":"Defend_G+1","floor":49.0,"key":"PURGE"}],"circlet_count":0,"master_deck":["AscendersBane","Defend_G+1","Defend_G+1","Survivor+1","Neutralize+1","Crippling Poison+1","Footwork+1","Deadly Poison+1","Adrenaline+1","Blur+1","Wraith Form v2+1","Footwork+1","Backflip+1","Well Laid Plans+1","After Image+1","Night Terror+1","Burst+1","Corpse Explosion+1","Footwork+1","Escape Plan+1","Calculated Gamble+1"],"relics":["Ring of the Snake","Lantern","Happy Flower","Peace Pipe","Philosopher\u0027s Stone","Oddly Smooth Stone","MawBank","Red Mask","Astrolabe","Dead Branch","Omamori","White Beast Statue","Art of War","Mark of the Bloom"],"acts_visited":["TheCity","TheBeyond"],"potions_floor_usage":[],"damage_taken":[{"damage":0.0,"enemies":"Jaw Worm","floor":1.0,"turns":7.0},{"damage":1.0,"enemies":"Small Slimes","floor":2.0,"turns":4.0},{"damage":1.0,"enemies":"Cultist","floor":3.0,"turns":6.0},{"damage":2.0,"enemies":"2 Fungi Beasts","floor":7.0,"turns":3.0},{"damage":0.0,"enemies":"Gremlin Nob","floor":11.0,"turns":3.0},{"damage":2.0,"enemies":"Exordium Wildlife","floor":12.0,"turns":2.0},{"damage":15.0,"enemies":"3 Sentries","floor":13.0,"turns":8.0},{"damage":0.0,"enemies":"Blue Slaver","floor":14.0,"turns":3.0},{"damage":0.0,"enemies":"The Guardian","floor":16.0,"turns":11.0},{"damage":4.0,"enemies":"3 Byrds","floor":18.0,"turns":5.0},{"damage":0.0,"enemies":"Shell Parasite","floor":19.0,"turns":6.0},{"damage":0.0,"enemies":"Snecko","floor":20.0,"turns":6.0},{"damage":3.0,"enemies":"Snake Plant","floor":22.0,"turns":4.0},{"damage":15.0,"enemies":"Book of Stabbing","floor":23.0,"turns":7.0},{"damage":0.0,"enemies":"Centurion and Healer","floor":24.0,"turns":8.0},{"damage":3.0,"enemies":"Shelled Parasite and Fungi","floor":27.0,"turns":6.0},{"damage":16.0,"enemies":"Masked Bandits","floor":29.0,"turns":6.0},{"damage":3.0,"enemies":"Snake Plant","floor":30.0,"turns":5.0},{"damage":12.0,"enemies":"Automaton","floor":33.0,"turns":12.0},{"damage":2.0,"enemies":"Orb Walker","floor":35.0,"turns":5.0},{"damage":9.0,"enemies":"2 Orb Walkers","floor":36.0,"turns":6.0},{"damage":3.0,"enemies":"3 Darklings","floor":38.0,"turns":4.0},{"damage":1.0,"enemies":"Giant Head","floor":41.0,"turns":9.0},{"damage":0.0,"enemies":"Sphere and 2 Shapes","floor":44.0,"turns":3.0},{"damage":0.0,"enemies":"Reptomancer","floor":45.0,"turns":5.0},{"damage":0.0,"enemies":"Awakened One","floor":50.0,"turns":16.0},{"damage":20,"enemies":"Time Eater","floor":51,"turns":6}],"seed_played":"-370475429365419401","potions_obtained":[{"floor":3.0,"key":"Poison Potion"},{"floor":11.0,"key":"PowerPotion"},{"floor":13.0,"key":"Fruit Juice"},{"floor":14.0,"key":"FearPotion"},{"floor":18.0,"key":"Poison Potion"},{"floor":27.0,"key":"Regen Potion"},{"floor":29.0,"key":"Fire Potion"},{"floor":33.0,"key":"SpeedPotion"}],"is_trial":false,"path_per_floor":["M","M","M","?","?","R","M","R","T","R","E","M","E","M","R","B",null,"M","M","M","?","M","E","M","R","T","M","R","?","M","$","R","B",null,"M","?","$","M","?","R","E","R","T","M","E","?","$","?","R","B","B",null],"character_chosen":"THE_SILENT","items_purchased":["After Image","Night Terror"],"campfire_rested":1,"item_purchase_floors":[31,31],"current_hp_per_floor":[59,58,57,57,57,57,55,55,55,55,55,53,43,43,43,43,64,60,60,60,60,57,42,42,42,42,39,39,23,20,20,41,44,64,62,53,53,50,50,50,49,49,49,49,49,49,49,49,49,49,29],"gold":102,"neow_bonus":"REMOVE_CARD","is_daily":false,"chose_seed":false,"campfire_upgraded":8,"win_rate":0.0,"timestamp":1610968122,"path_taken":["M","M","M","?","?","R","M","R","T","R","E","M","E","M","R","BOSS","M","M","M","?","M","E","?","R","T","M","R","?","M","$","R","BOSS","M","?","$","M","?","R","E","R","T","M","E","?","$","?","R","BOSS","BOSS"],"items_purchased_type":["Card","Card"],"build_version":"2020-12-22","purchased_purges":3,"victory":true,"max_hp_per_floor":[66,66,66,66,66,66,66,66,66,66,66,66,71,71,71,71,71,71,71,71,71,71,71,71,71,71,71,71,71,71,71,71,71,71,71,71,71,71,71,71,71,71,71,71,71,71,71,67,67,67,67],"card_choices":[{"not_picked":["Outmaneuver","Distraction"],"picked":"Crippling Poison","floor":1.0},{"not_picked":["Sucker Punch","Underhanded Strike"],"picked":"Footwork","floor":2.0},{"not_picked":["Sucker Punch","Backflip"],"picked":"Deadly Poison","floor":3.0},{"not_picked":["Grand Finale","Underhanded Strike"],"picked":"Bane","floor":7.0},{"not_picked":["Expertise","Cloak And Dagger"],"picked":"Adrenaline","floor":11.0},{"not_picked":["Acrobatics","Dagger Throw","Finisher"],"picked":"SKIP","floor":12.0},{"not_picked":["Sucker Punch","Dagger Spray"],"picked":"Blur","floor":13.0},{"not_picked":["Riddle With Holes","Underhanded Strike","Backstab"],"picked":"SKIP","floor":14.0},{"not_picked":["Storm of Steel","Bullet Time"],"picked":"Wraith Form v2","floor":16.0},{"not_picked":["Setup","Prepared","Cloak And Dagger"],"picked":"SKIP","floor":18.0},{"not_picked":["Setup","Prepared","Cloak And Dagger"],"picked":"SKIP","floor":18.0},{"not_picked":["Dagger Spray","Deadly Poison","Flying Knee"],"picked":"SKIP","floor":19.0},{"not_picked":["Dagger Throw","Acrobatics","Caltrops"],"picked":"SKIP","floor":20.0},{"not_picked":["Underhanded Strike+1","Sucker Punch","Poisoned Stab"],"picked":"SKIP","floor":22.0},{"not_picked":["Underhanded Strike","Footwork"],"picked":"Backflip","floor":23.0},{"not_picked":["Quick Slash+1","Dagger Throw+1","Blade Dance"],"picked":"SKIP","floor":24.0},{"not_picked":["Setup","Underhanded Strike"],"picked":"Well Laid Plans","floor":27.0},{"not_picked":["Crippling Poison","Slice","Dash"],"picked":"SKIP","floor":30.0},{"not_picked":["Corpse Explosion","Wraith Form v2"],"picked":"Burst","floor":33.0},{"not_picked":["Dagger Spray","Poisoned Stab","Cloak And Dagger"],"picked":"SKIP","floor":35.0},{"not_picked":["Flechettes","Bane"],"picked":"Escape Plan","floor":38.0},{"not_picked":["Backstab","Distraction","Blur"],"picked":"SKIP","floor":41.0},{"not_picked":["Dodge and Roll","Outmaneuver","Calculated Gamble+1"],"picked":"SKIP","floor":44.0},{"not_picked":["Dodge and Roll","Outmaneuver"],"picked":"Calculated Gamble+1","floor":44.0},{"not_picked":["Deflect","Dagger Spray","Noxious Fumes"],"picked":"SKIP","floor":45.0}],"player_experience":888596,"relics_obtained":[{"floor":9.0,"key":"Lantern"},{"floor":11.0,"key":"Happy Flower"},{"floor":13.0,"key":"Peace Pipe"},{"floor":23.0,"key":"Oddly Smooth Stone"},{"floor":26.0,"key":"MawBank"},{"floor":29.0,"key":"Red Mask"},{"floor":36.0,"key":"Dead Branch"},{"floor":41.0,"key":"Omamori"},{"floor":43.0,"key":"White Beast Statue"},{"floor":45.0,"key":"Art of War"}],"event_choices":[{"damage_healed":0.0,"max_hp_gain":0.0,"max_hp_loss":0.0,"gold_gain":0.0,"event_name":"Liars Game","player_choice":"Ignored","floor":4.0,"gold_loss":0.0,"damage_taken":0.0},{"cards_removed":["Strike_G"],"damage_healed":0.0,"max_hp_gain":0.0,"max_hp_loss":0.0,"gold_gain":0.0,"event_name":"The Cleric","player_choice":"Card Removal","floor":5.0,"gold_loss":75.0,"damage_taken":0.0},{"damage_healed":0.0,"max_hp_gain":0.0,"max_hp_loss":0.0,"gold_gain":0.0,"event_name":"Duplicator","player_choice":"Copied","floor":21.0,"gold_loss":0.0,"damage_taken":0.0,"cards_obtained":["Footwork"]},{"damage_healed":0.0,"max_hp_gain":0.0,"max_hp_loss":0.0,"gold_gain":0.0,"event_name":"Masked Bandits","player_choice":"Fought Bandits","floor":29.0,"gold_loss":0.0,"damage_taken":0.0},{"damage_healed":0.0,"max_hp_gain":0.0,"max_hp_loss":0.0,"gold_gain":0.0,"event_name":"Mysterious Sphere","player_choice":"Fight","floor":36.0,"gold_loss":0.0,"damage_taken":0.0},{"cards_removed":["Defend_G"],"damage_healed":0.0,"max_hp_gain":0.0,"max_hp_loss":0.0,"gold_gain":0.0,"event_name":"Falling","player_choice":"Removed Skill","floor":39.0,"gold_loss":0.0,"damage_taken":0.0},{"damage_healed":0.0,"max_hp_gain":0.0,"max_hp_loss":0.0,"gold_gain":0.0,"event_name":"MindBloom","player_choice":"Upgrade","floor":46.0,"gold_loss":0.0,"damage_taken":0.0,"cards_upgraded":["Defend_G","Defend_G","Defend_G","Survivor","Neutralize","Blur","Backflip","Well Laid Plans","After Image","Escape Plan"],"relics_obtained":["Mark of the Bloom"]},{"damage_healed":0.0,"max_hp_gain":0.0,"max_hp_loss":4.0,"gold_gain":0.0,"event_name":"Winding Halls","player_choice":"Max HP","floor":48.0,"gold_loss":0.0,"damage_taken":0.0}],"is_beta":false,"boss_relics":[{"not_picked":["Coffee Dripper","Cursed Key"],"picked":"Philosopher\u0027s Stone"},{"not_picked":["Empty Cage","Calling Bell"],"picked":"Astrolabe"}],"items_purged_floors":[31,37,47],"is_endless":false,"potions_floor_spawned":[3,11,13,14,18,20,22,27,29,33,35,38,41,44,45],"ascension_level":20}}