{"host":"xjs3b8lu14idcd3l","time":1610975133,"event":{"mods":["Act Like it!","BaseMod","Friendly Minions","Gensokyo","Kiyohime£®«Âºß£©","Koishi","Marisa£®ÏF”Í°°ƒß¿Ì…≥£©","Minty Spire (QoL Compilation)","Prisma Mod","Reimu£®≤©¿ˆ¡È√Œ£©","Remilia£®¿Ÿ√◊¿Ú—«£©","Replay The Spire","StSLib","The Administrix","The Servant 0.9.4","Youmu£®ªÍ∆«—˝√Œ£©"],"gold_per_floor":[20,20,42,58,58,85,112,40,92,92,121,185,185,238,238,264,264],"floor_reached":16,"language":"ZHS","playtime":685,"items_purged":[],"score":116,"play_id":"4f176ed4-69f0-4684-9dff-56893ad8f5bd","local_time":"20210118210533","is_ascension_mode":false,"campfire_choices":[{"floor":13,"key":"DIG"},{"floor":15,"key":"DIG"}],"circlet_count":0,"master_deck":["Strike_S","Strike_S","Strike_S","Strike_S+1","Defend_S","Defend_S","Defend_S","Defend_S","KidneyShot","Exchange","SurpressingFire","Starlight","Defy","LightFlow","Solidify","Moondial","WasteNot"],"relics":["Uniform","Peace Pipe","Shovel","Replay:Bandana","Oddly Smooth Stone","Gremlin Food","Replay:Bottled Flurry","Orichalcum","KneeBrace","Mirror"],"acts_visited":["Exordium"],"potions_floor_usage":[6,6,12,14,16,16],"damage_taken":[{"damage":5,"enemies":"Small Slimes","floor":1,"turns":6},{"damage":0,"enemies":"Jaw Worm","floor":4,"turns":4},{"damage":11,"enemies":"Gremlin Nob","floor":6,"turns":4},{"damage":0,"enemies":"2 Louse","floor":11,"turns":2},{"damage":6,"enemies":"3 Sentries","floor":12,"turns":3},{"damage":4,"enemies":"Gremlin Nob","floor":14,"turns":4},{"damage":57,"enemies":"Slime Boss","floor":16,"turns":15}],"seed_played":"7209379271001696133","potions_obtained":[{"floor":1,"key":"CultistPotion"},{"floor":4,"key":"ColorlessPotion"},{"floor":10,"key":"AttackPotion"},{"floor":10,"key":"FairyPotion"},{"floor":10,"key":"LiquidMemories"},{"floor":12,"key":"Block Potion"},{"floor":14,"key":"ZuzhouPotion:ReiMu"}],"is_trial":false,"path_per_floor":["M","?","?","M","?","E","T","$","T","?","M","E","R","E","R","B"],"character_chosen":"THE_SERVANT","items_purchased":["Solidify"],"campfire_rested":0,"item_purchase_floors":[8],"current_hp_per_floor":[60,60,44,44,49,38,38,38,38,38,38,32,32,28,28,0,0],"gold":264,"neow_bonus":"ONE_RARE_RELIC","is_daily":false,"chose_seed":false,"campfire_upgraded":0,"win_rate":0.0,"timestamp":1610975133,"path_taken":["M","?","?","M","?","E","?","$","T","?","M","E","R","E","R","BOSS"],"items_purchased_type":["Card"],"build_version":"2020-12-22","purchased_purges":0,"victory":false,"max_hp_per_floor":[65,65,65,65,70,70,70,70,70,70,70,70,70,70,70,70,70],"card_choices":[{"not_picked":["FanOfKnives","TimeWarp"],"picked":"SurpressingFire","floor":1},{"not_picked":["Potential","TimeWarp"],"picked":"Starlight","floor":3},{"not_picked":["ShatteredReality","Alleviate"],"picked":"Defy","floor":4},{"not_picked":["PendulumOfEternity","Alleviate"],"picked":"LightFlow","floor":6},{"not_picked":["GearUp","Collapse"],"picked":"Moondial","floor":11},{"not_picked":["Sabotage","Comet"],"picked":"WasteNot","floor":12},{"not_picked":["Rewind","FastForward","Shuttle"],"picked":"SKIP","floor":14}],"player_experience":156035,"relics_obtained":[{"floor":3,"key":"Shovel"},{"floor":6,"key":"Replay:Bandana"},{"floor":7,"key":"Oddly Smooth Stone"},{"floor":9,"key":"Gremlin Food"},{"floor":12,"key":"Replay:Bottled Flurry"},{"floor":13,"key":"Orichalcum"},{"floor":14,"key":"KneeBrace"},{"floor":15,"key":"Mirror"}],"event_choices":[{"damage_healed":0,"gold_gain":0,"player_choice":"Donut","damage_taken":0,"max_hp_gain":5,"max_hp_loss":0,"event_name":"Big Fish","floor":5,"gold_loss":0},{"damage_healed":0,"gold_gain":0,"player_choice":"Got Potions","damage_taken":0,"max_hp_gain":0,"max_hp_loss":0,"event_name":"Lab","floor":10,"gold_loss":0}],"is_beta":false,"boss_relics":[],"items_purged_floors":[],"is_endless":false,"potions_floor_spawned":[1,4,12,14],"killed_by":"Slime Boss","ascension_level":0}}