{"host":"ydg0vn0pu4pubmdt","time":1610930926,"event":{"mods":["AchievementEnabler","BaseMod","Colored Map","Gold Saver","Minty Spire (QoL Compilation)","Quick Restart","SuperFastMode"],"gold_per_floor":[110,35,135,151,162,197,147,173,196,208,208,168,168,195,195,297,297,314,138,158,158,33,33,58,58,81,96,96,96],"floor_reached":28,"language":"KOR","playtime":820,"items_purged":["Strike_G","Strike_G","Defend_G"],"score":356,"play_id":"60424f41-9a45-436f-91cf-8dddc87545d4","local_time":"20210118094846","is_ascension_mode":true,"campfire_choices":[{"data":"Bouncing Flask","floor":11.0,"key":"SMITH"},{"data":"Blade Dance","floor":13.0,"key":"SMITH"},{"data":"Poisoned Stab","floor":15.0,"key":"SMITH"},{"data":"Noxious Fumes","floor":23.0,"key":"SMITH"},{"floor":25,"key":"REST"}],"circlet_count":0,"master_deck":["Defend_G","Defend_G","Defend_G","Survivor","Neutralize","Predator","Blade Dance+1","Dash","Crippling Poison","Bouncing Flask+1","Poisoned Stab+1","Corpse Explosion","Backflip+1","Acrobatics+1","Acrobatics+1","Noxious Fumes+1","Bane"],"relics":["Ring of the Snake","NeowsBlessing","Bag of Preparation","Snake Skull","Potion Belt","Bottled Flame","Astrolabe","Calipers","Happy Flower"],"acts_visited":["Exordium","TheCity"],"potions_floor_usage":[],"damage_taken":[{"damage":0.0,"enemies":"Small Slimes","floor":1.0,"turns":1.0},{"damage":0.0,"enemies":"Cultist","floor":4.0,"turns":1.0},{"damage":0.0,"enemies":"Jaw Worm","floor":5.0,"turns":1.0},{"damage":22.0,"enemies":"Gremlin Nob","floor":6.0,"turns":4.0},{"damage":13.0,"enemies":"3 Sentries","floor":8.0,"turns":9.0},{"damage":6.0,"enemies":"2 Fungi Beasts","floor":10.0,"turns":3.0},{"damage":5.0,"enemies":"Lagavulin","floor":14.0,"turns":3.0},{"damage":10.0,"enemies":"Hexaghost","floor":16.0,"turns":6.0},{"damage":0.0,"enemies":"Chosen","floor":18.0,"turns":4.0},{"damage":6.0,"enemies":"Spheric Guardian","floor":20.0,"turns":3.0},{"damage":45,"enemies":"Book of Stabbing","floor":24,"turns":6},{"damage":22,"enemies":"Snecko","floor":27,"turns":4},{"damage":16,"enemies":"Cultist and Chosen","floor":28,"turns":4}],"seed_played":"-2759594876512394156","potions_obtained":[{"floor":1.0,"key":"CunningPotion"},{"floor":6.0,"key":"Energy Potion"},{"floor":12.0,"key":"CultistPotion"},{"floor":12.0,"key":"CunningPotion"},{"floor":12.0,"key":"SteroidPotion"},{"floor":14.0,"key":"SteroidPotion"},{"floor":27,"key":"Dexterity Potion"}],"is_trial":false,"path_per_floor":["M","$","?","M","M","E","?","E","T","M","R","?","R","E","R","B",null,"M","$","M","?","$","R","E","R","T","M","M"],"character_chosen":"THE_SILENT","items_purchased":["Noxious Fumes"],"campfire_rested":1,"item_purchase_floors":[19],"current_hp_per_floor":[63,63,63,63,63,41,41,28,28,22,22,22,22,17,17,7,54,54,54,48,48,48,48,3,24,24,2,0,0],"gold":96,"neow_bonus":"THREE_ENEMY_KILL","is_daily":false,"chose_seed":false,"campfire_upgraded":4,"win_rate":0.0,"timestamp":1610930926,"path_taken":["M","$","?","M","?","E","?","E","T","M","R","?","R","E","R","BOSS","M","$","M","?","$","R","E","R","T","M","M"],"items_purchased_type":["Card"],"build_version":"2020-12-22","purchased_purges":3,"victory":false,"max_hp_per_floor":[70,70,70,70,70,70,70,70,70,70,70,70,70,70,70,70,70,70,70,70,70,70,70,70,70,70,70,70,70],"card_choices":[{"not_picked":["Prepared","Tactician"],"picked":"Predator","floor":1.0},{"not_picked":["Concentrate","PiercingWail"],"picked":"Blade Dance","floor":4.0},{"not_picked":["Calculated Gamble","Caltrops"],"picked":"Dash","floor":5.0},{"not_picked":["Well Laid Plans","Deflect"],"picked":"Crippling Poison","floor":6.0},{"not_picked":["Flying Knee","Expertise"],"picked":"Bouncing Flask","floor":8.0},{"not_picked":["Eviscerate","Flying Knee"],"picked":"Poisoned Stab","floor":10.0},{"not_picked":["Burst","Outmaneuver","Night Terror"],"picked":"SKIP","floor":14.0},{"not_picked":["Burst","Storm of Steel"],"picked":"Corpse Explosion","floor":16.0},{"not_picked":["Distraction","Quick Slash","Backstab+1"],"picked":"SKIP","floor":18.0},{"not_picked":["Slice+1","Dagger Spray","Dagger Throw+1"],"picked":"SKIP","floor":20.0},{"not_picked":["Concentrate","Blade Dance"],"picked":"Bane","floor":24},{"not_picked":["Blade Dance","Setup","Backstab"],"picked":"SKIP","floor":27}],"player_experience":467397,"relics_obtained":[{"floor":6.0,"key":"Bag of Preparation"},{"floor":8.0,"key":"Snake Skull"},{"floor":9.0,"key":"Potion Belt"},{"floor":14.0,"key":"Bottled Flame"},{"floor":24,"key":"Calipers"},{"floor":26,"key":"Happy Flower"}],"event_choices":[{"damage_healed":0.0,"max_hp_gain":0.0,"max_hp_loss":0.0,"gold_gain":100.0,"event_name":"Golden Shrine","player_choice":"Pray","floor":3.0,"gold_loss":0.0,"damage_taken":0.0},{"cards_removed":["Strike_G"],"damage_healed":0.0,"max_hp_gain":0.0,"max_hp_loss":0.0,"gold_gain":0.0,"event_name":"The Cleric","player_choice":"Card Removal","floor":7.0,"gold_loss":50.0,"damage_taken":0.0},{"damage_healed":0.0,"max_hp_gain":0.0,"max_hp_loss":0.0,"gold_gain":0.0,"event_name":"The Woman in Blue","player_choice":"Bought 3 Potions","floor":12.0,"gold_loss":0.0,"damage_taken":0.0},{"damage_healed":0.0,"max_hp_gain":0.0,"max_hp_loss":0.0,"gold_gain":0.0,"event_name":"Cursed Tome","player_choice":"Ignored","floor":21.0,"gold_loss":0.0,"damage_taken":0.0}],"is_beta":false,"boss_relics":[{"not_picked":["Ectoplasm","Calling Bell"],"picked":"Astrolabe"}],"items_purged_floors":[2,19,22],"is_endless":false,"potions_floor_spawned":[1,6,14,27],"killed_by":"Cultist and Chosen","ascension_level":8}}