{"host":"ovxa65d68iy9l57e","time":1610995152,"event":{"mods":["AchievementEnabler","BaseMod","Better Altar","Better Skull","Better Vampires","Colored Map","Curses Come First","Minty Spire (QoL Compilation)","Relic Stats","StSLib"],"gold_per_floor":[109,128,128,53,53,53,53,53,99,116,129,129,129,149,149,149,149],"floor_reached":16,"language":"SPA","playtime":535,"items_purged":["Strike_R"],"score":108,"play_id":"100d6c52-e758-484e-a25e-7aacabab4629","local_time":"20210118193912","is_ascension_mode":true,"campfire_choices":[{"data":"Pummel","floor":6,"key":"SMITH"},{"data":"Cleave","floor":8,"key":"SMITH"},{"data":"Bash","floor":12,"key":"SMITH"},{"data":"Twin Strike","floor":15,"key":"SMITH"}],"circlet_count":0,"master_deck":["Strike_R+1","Defend_R","Defend_R","Defend_R","Bash+1","Cleave+1","Pummel+1","Twin Strike+1"],"relics":["Burning Blood","Anchor"],"acts_visited":["Exordium"],"potions_floor_usage":[16],"damage_taken":[{"damage":3,"enemies":"2 Louse","floor":1,"turns":3},{"damage":4,"enemies":"Small Slimes","floor":2,"turns":4},{"damage":1,"enemies":"Cultist","floor":10,"turns":3},{"damage":30,"enemies":"Large Slime","floor":11,"turns":8},{"damage":1,"enemies":"Lots of Slimes","floor":14,"turns":2},{"damage":58,"enemies":"Hexaghost","floor":16,"turns":11}],"seed_played":"3205727394717536992","potions_obtained":[{"floor":10,"key":"HeartOfIron"}],"is_trial":false,"path_per_floor":["M","M","?","$","?","R","?","R","T","M","M","R","?","M","R","B"],"character_chosen":"IRONCLAD","items_purchased":[],"campfire_rested":0,"item_purchase_floors":[],"current_hp_per_floor":[72,72,77,77,77,77,70,70,70,75,51,51,51,56,56,0,0],"gold":149,"neow_bonus":"REMOVE_TWO","is_daily":false,"chose_seed":false,"campfire_upgraded":4,"win_rate":0.0,"timestamp":1610995152,"path_taken":["M","M","?","$","?","R","?","R","T","M","M","R","?","?","R","BOSS"],"items_purchased_type":[],"build_version":"2020-12-22","purchased_purges":1,"victory":false,"max_hp_per_floor":[72,72,77,77,77,77,77,77,77,77,77,77,77,77,77,77,77],"relic_stats":{"counters":[6,31],"obtain_stats":[{"Anchor":9,"Burning Blood":0},{"Anchor":2,"Burning Blood":0},{"Anchor":7,"Burning Blood":0}],"Burning Blood":25},"card_choices":[{"not_picked":["Perfected Strike","True Grit"],"picked":"Cleave","floor":1},{"not_picked":["Iron Wave","Headbutt"],"picked":"Pummel","floor":2},{"not_picked":["Havoc","Feel No Pain","Clothesline"],"picked":"SKIP","floor":10},{"not_picked":["Clash","Perfected Strike","Pummel"],"picked":"SKIP","floor":11},{"not_picked":["Iron Wave","Sentinel"],"picked":"Twin Strike","floor":14}],"player_experience":290295,"relics_obtained":[{"floor":9,"key":"Anchor"}],"event_choices":[{"damage_healed":0,"gold_gain":0,"player_choice":"Donut","damage_taken":0,"max_hp_gain":5,"max_hp_loss":0,"event_name":"Big Fish","floor":3,"gold_loss":0},{"cards_removed":["Strike_R"],"damage_healed":0,"gold_gain":0,"player_choice":"Forget","damage_taken":0,"max_hp_gain":0,"max_hp_loss":0,"event_name":"Living Wall","floor":5,"gold_loss":0},{"cards_removed":["Strike_R"],"damage_healed":0,"gold_gain":0,"player_choice":"Card Removal","damage_taken":7,"max_hp_gain":0,"max_hp_loss":0,"event_name":"Golden Wing","floor":7,"gold_loss":0},{"damage_healed":0,"gold_gain":0,"player_choice":"Forge","damage_taken":0,"max_hp_gain":0,"max_hp_loss":0,"event_name":"Accursed Blacksmith","floor":13,"gold_loss":0,"cards_upgraded":["Strike_R"]}],"is_beta":false,"boss_relics":[],"items_purged_floors":[4],"is_endless":false,"potions_floor_spawned":[10],"killed_by":"Hexaghost","ascension_level":4}}