{"host":"lgow17wc5wawziz1","time":1610978199,"event":{"mods":["Act Like it!","Aspiration","BaseMod","Better Third Choice","Colored Map","Colored Powertips","Gensokyo","HololiveMod","Hubris","Koishi","Minty Spire (QoL Compilation)","MostiFishMod","Quick Restart","Replay The Spire","StSLib","¡¼?Úª?ø«¡½REMEMod"],"gold_per_floor":[109,109,161,177,177,177,177,177,193,193,193,193,223,26,37,52,52,67,67],"floor_reached":18,"language":"KOR","playtime":2061,"items_purged":[],"score":115,"play_id":"57836b49-3b02-46d9-8557-2ce6123c10bf","local_time":"20210118225639","is_ascension_mode":true,"campfire_choices":[{"data":"Koishi:TraumaticStroke","floor":8,"key":"SMITH"},{"floor":10,"key":"REST"},{"data":"Gensokyo:TurboGranny","floor":17,"key":"SMITH"}],"circlet_count":0,"master_deck":["Koishi:BasicStrike","Koishi:BasicStrike","Koishi:BasicStrike","Koishi:BasicStrike","Koishi:BasicDefend","Koishi:BasicDefend","Koishi:BasicDefend","Koishi:BasicDefend","Koishi:Provoke","Koishi:HauntingSlash","Pain","Koishi:TraumaticStroke+1","Koishi:TremblingHands","Koishi:UnconsciousUprising","Hallucinations","Koishi:EmbryosDream+1","Pot Of Greed","Pot Of Greed","Koishi:Whimsy","Gensokyo:TurboGranny+1","Koishi:Untouchable","Koishi:TremblingHands"],"relics":["Koishi:ImaginaryFriend","REME_ComplimentaryCards","DaveBox","Gensokyo:LunaticRedEyes","SynthV:TestCard","Ancient Tea Set","ReplayTheSpireMod:Ring of Challenge","Grinning Jar","Juzu Bracelet"],"acts_visited":["Gensokyo:Gensokyo"],"potions_floor_usage":[15,18,18,18],"damage_taken":[{"damage":17,"enemies":"Gensokyo:Python","floor":1,"turns":5},{"damage":1,"enemies":"Gensokyo:2_Kodama","floor":4,"turns":4},{"damage":1,"enemies":"Gensokyo:Gryphon","floor":9,"turns":4},{"damage":11,"enemies":"Gensokyo:Aya","floor":13,"turns":7},{"damage":10,"enemies":"Gensokyo:2_Rabbits","floor":15,"turns":8},{"damage":0,"enemies":"Gensokyo:Python_and_Kodama","floor":16,"turns":6},{"damage":34,"enemies":"Gensokyo:Kokoro","floor":18,"turns":19}],"seed_played":"779366214497652777","potions_obtained":[{"floor":3,"key":"DistilledChaos"},{"floor":3,"key":"Venom Potion"},{"floor":4,"key":"SkillPotion"},{"floor":15,"key":"Swift Potion"},{"floor":16,"key":"BlessingOfTheForge"}],"is_trial":false,"path_per_floor":["M","?","?","M","PTL","PTL","?","R","M","R","T","?","E","COS","M","M","R","B"],"character_chosen":"KOISHI","items_purchased":[],"campfire_rested":1,"item_purchase_floors":[],"current_hp_per_floor":[45,45,21,21,21,21,21,21,21,39,39,39,31,31,24,25,25,0,0],"gold":67,"neow_bonus":"RANDOM_EVENT","is_daily":false,"chose_seed":false,"campfire_upgraded":2,"win_rate":0.0,"timestamp":1610978199,"path_taken":["M","?","?","M","PTL","PTL","?","R","M","R","T","?","E","COS","M","M","R","BOSS"],"items_purchased_type":[],"build_version":"2020-12-22","purchased_purges":0,"victory":false,"max_hp_per_floor":[60,60,60,60,60,60,60,60,60,60,60,60,60,60,60,60,60,60,60],"card_choices":[{"not_picked":["Koishi:ReflexRadar","Koishi:CatchAndRose"],"picked":"Koishi:TraumaticStroke","floor":1},{"not_picked":["Koishi:CatchAndRose","Koishi:Jaunt","Koishi:EmbryosDream","Koishi:FourthEye"],"picked":"Koishi:TremblingHands","floor":3},{"not_picked":["Koishi:Jaunt","Koishi:PhantomBarrier","Koishi:SuperEgo","Koishi:VengefulSpirit"],"picked":"Koishi:UnconsciousUprising","floor":4},{"not_picked":["Koishi:VengefulSpirit","Koishi:BloodcurdlingScream","Koishi:UnansweredLove","Koishi:ReflexRadar"],"picked":"Koishi:EmbryosDream","floor":9},{"not_picked":["Koishi:SubconsciousSweep","Koishi:VengefulSpirit","Koishi:DanmakuParanoia","Koishi:PhantomBarrier"],"picked":"Koishi:Whimsy","floor":13},{"not_picked":["Koishi:RorschachInDanmaku","Koishi:JumpScare","Koishi:RollingInRichesHeart","Koishi:EmbryosDream"],"picked":"Koishi:Untouchable","floor":15},{"not_picked":["Koishi:EmbersOfLove","Koishi:DreadfulBlow","Koishi:GeneticsOfTheUnconscious","Koishi:Catatonia"],"picked":"Koishi:TremblingHands","floor":16}],"player_experience":328397,"relics_obtained":[{"floor":1,"key":"SynthV:TestCard"},{"floor":3,"key":"Ancient Tea Set"},{"floor":7,"key":"ReplayTheSpireMod:Ring of Challenge"},{"floor":11,"key":"Grinning Jar"},{"floor":13,"key":"Juzu Bracelet"}],"event_choices":[],"is_beta":false,"boss_relics":[],"items_purged_floors":[],"is_endless":false,"potions_floor_spawned":[4,15,16],"killed_by":"Gensokyo:Kokoro","ascension_level":1}}