{"host":"sjj8vlgjxyarc0at","time":1610931682,"event":{"mods":["BaseMod","Colored Powertips","Minty Spire (QoL Compilation)","Replay The Spire","SOS（斯巴达之子）","StSLib","The Administrix","The Construct","The Servant 0.9.4","【功能Mod】聪明的最终Boss"],"gold_per_floor":[138,156,202,202,227,227,271,271,322,322,333,350,350,300,300,413,413,450,485,485,523,105,134,145,171,194,194,329,348,130,130,130,254,254,312,337,389,448,548,548,611,653,653,641,641,687,710,710],"floor_reached":47,"language":"ZHS","playtime":5481,"items_purged":["Defend_Dante"],"score":606,"play_id":"1a46ec39-ae44-481d-8606-7526a52f4eda","local_time":"20210118090122","is_ascension_mode":true,"campfire_choices":[{"data":"Provocation","floor":6.0,"key":"SMITH"},{"data":"LucifercomboC","floor":8.0,"key":"SMITH"},{"data":"DT","floor":10.0,"key":"SMITH"},{"data":"Attack_b","floor":15.0,"key":"SMITH"},{"data":"Lucifer","floor":27.0,"key":"SMITH"},{"data":"LucifercomboB","floor":32.0,"key":"SMITH"},{"data":"Greenorb","floor":40.0,"key":"SMITH"},{"data":"Greenorb","floor":45,"key":"SMITH"}],"circlet_count":0,"master_deck":["Attack_a","Attack_a","Attack_b+1","Shoot","Provocation+1","Defend_Dante+1","Defend_Dante+1","Defend_Dante+1","Redorb+1","Greenorb+1","Hightime+1","Greenorb+1","Airhike","DT+1","LucifercomboC+1","DT+1","Airtrick+1","Demonreform+1","Chargeshoot2+1","LucifercomboB+1","LucifercomboB+1","Dash2+1","Hightime+1","Whiteorb+1","Lucifer+1","Replay:Hysterical Blindness","Hightime+1","Swordmaster+1","Swordcombo+1","Weaponchange+1","Swordcombo+1","GilgameshcomboA+1","Unrisingdragon+1","Millionstab+1","Whiteorb+1","Shame","Swordmaster+1","LucifercomboB+1"],"relics":["SSS","Combocheck","Toxic Egg 2","Simple Rune","Cursed Key","Molten Egg 2","Dream Catcher","Golden Egg","War Paint","Runic Pyramid","MealTicket","InkBottle"],"acts_visited":["Exordium","TheCity","TheBeyond"],"potions_floor_usage":[44,44,46,46,46,46],"damage_taken":[{"damage":3.0,"enemies":"2 Louse","floor":1.0,"turns":4.0},{"damage":0.0,"enemies":"Cultist","floor":2.0,"turns":4.0},{"damage":0.0,"enemies":"Jaw Worm","floor":3.0,"turns":3.0},{"damage":15.0,"enemies":"3 Louse","floor":5.0,"turns":5.0},{"damage":39.0,"enemies":"3 Sentries","floor":7.0,"turns":12.0},{"damage":0.0,"enemies":"2 Fungi Beasts","floor":11.0,"turns":3.0},{"damage":16.0,"enemies":"Large Slime","floor":12.0,"turns":5.0},{"damage":15.0,"enemies":"Hexaghost","floor":16.0,"turns":6.0},{"damage":0.0,"enemies":"Chosen","floor":18.0,"turns":4.0},{"damage":9.0,"enemies":"3 Byrds","floor":19.0,"turns":4.0},{"damage":10.0,"enemies":"Centurion and Healer","floor":21.0,"turns":5.0},{"damage":0.0,"enemies":"Replay:Snechameleon","floor":23.0,"turns":4.0},{"damage":19.0,"enemies":"Snake Plant","floor":24.0,"turns":2.0},{"damage":26.0,"enemies":"Book of Stabbing","floor":25.0,"turns":4.0},{"damage":10.0,"enemies":"3 Cultists","floor":28.0,"turns":4.0},{"damage":0.0,"enemies":"Centurion and Healer","floor":29.0,"turns":3.0},{"damage":18.0,"enemies":"Champ","floor":33.0,"turns":6.0},{"damage":15.0,"enemies":"3 Shapes","floor":35.0,"turns":2.0},{"damage":72.0,"enemies":"3 Darklings","floor":36.0,"turns":5.0},{"damage":20.0,"enemies":"Maw","floor":37.0,"turns":4.0},{"damage":19.0,"enemies":"Spire Growth","floor":38.0,"turns":4.0},{"damage":39.0,"enemies":"Giant Head","floor":41.0,"turns":7.0},{"damage":6.0,"enemies":"Jaw Worm Horde","floor":42.0,"turns":2.0},{"damage":13,"enemies":"3 Darklings","floor":44,"turns":2},{"damage":19,"enemies":"Sphere and 2 Shapes","floor":46,"turns":2},{"damage":30,"enemies":"Jaw Worm Horde","floor":47,"turns":2}],"seed_played":"-921496108395789399","potions_obtained":[{"floor":2.0,"key":"Reflective Coating"},{"floor":3.0,"key":"SkillPotion"},{"floor":7.0,"key":"EntropicBrew"},{"floor":18.0,"key":"Ancient Potion"},{"floor":23.0,"key":"ColorlessPotion"},{"floor":44,"key":"EntropicBrew"}],"is_trial":false,"path_per_floor":["M","M","M","?","M","R","E","R","T","R","M","M","?","?","R","B",null,"M","M","?","M","$","E","M","E","T","R","M","M","$","?","R","B",null,"M","M","M","M","?","R","E","M","T","M","R","M","M"],"character_chosen":"DANTE","items_purchased":["Dash2+1","Molten Egg 2","Hightime+1","Swordmaster+1","Swordcombo+1"],"campfire_rested":0,"item_purchase_floors":[22,22,22,30,30],"current_hp_per_floor":[79,80,80,80,74,74,38,38,38,38,44,28,28,28,28,15,80,80,76,76,80,80,80,61,41,41,41,53,61,61,61,61,60,80,73,19,32,20,20,20,12,15,15,25,25,30,0,0],"gold":710,"neow_bonus":"THREE_CARDS","is_daily":false,"chose_seed":false,"campfire_upgraded":8,"win_rate":0.0,"timestamp":1610931682,"path_taken":["M","M","M","?","?","R","E","R","T","R","M","?","?","?","R","BOSS","M","M","?","M","$","E","M","E","T","R","M","M","$","?","R","BOSS","M","M","M","M","?","R","E","M","T","M","R","M","?"],"items_purchased_type":["Card","Relic","Card","Card","Card"],"build_version":"2020-12-22","purchased_purges":1,"victory":false,"max_hp_per_floor":[80,80,80,80,80,80,80,80,80,80,80,80,80,80,80,80,80,80,80,80,80,80,80,80,80,80,80,80,80,80,80,80,80,80,80,80,80,80,80,80,80,80,80,80,80,80,80,80],"card_choices":[{"not_picked":["EbonyIvory","VitalstarM"],"picked":"Greenorb","floor":0.0},{"not_picked":["EbonyIvory","DevilstarS"],"picked":"Hightime","floor":1.0},{"not_picked":["VitalstarS","Doubleshoot"],"picked":"Greenorb","floor":2.0},{"not_picked":["VitalstarM","Doubleshoot"],"picked":"Airhike","floor":3.0},{"not_picked":["Ecstasy","VitalstarM"],"picked":"DT","floor":5.0},{"not_picked":["Gunstinger","Gunslinger+1"],"picked":"LucifercomboC","floor":7.0},{"not_picked":["BeastUppercut","LucifercomboA"],"picked":"DT+1","floor":11.0},{"not_picked":["Chargeshoot","Millionstab"],"picked":"Airtrick+1","floor":12.0},{"not_picked":["Royalguard+1","Goldorb+1"],"picked":"Demonreform+1","floor":16.0},{"not_picked":["VitalstarS+1","EbonyIvory"],"picked":"Chargeshoot2+1","floor":18.0},{"not_picked":["Ecstasy+1","DT+1"],"picked":"LucifercomboB","floor":19.0},{"not_picked":["Gilgamesh","Pandora"],"picked":"LucifercomboB+1","floor":21.0},{"not_picked":["Stinger+1","Millionkick+1"],"picked":"Whiteorb+1","floor":23.0},{"not_picked":["VitalstarS+1","DT+1","Splesh+1"],"picked":"SKIP","floor":24.0},{"not_picked":["Stinger+1","Dash1+1"],"picked":"Lucifer","floor":25.0},{"not_picked":["Holywater+1","CoyoteA","Dash1+1"],"picked":"SKIP","floor":28.0},{"not_picked":["Lucifer","Honeycombofire+1"],"picked":"Hightime+1","floor":29.0},{"not_picked":["Demonreform+1","Purpleorb+1"],"picked":"Swordcombo+1","floor":33.0},{"not_picked":["DT+1","Stinger+1"],"picked":"GilgameshcomboA+1","floor":35.0},{"not_picked":["Royaldefend+1","Dash1+1","GilgameshcomboA+1"],"picked":"SKIP","floor":36.0},{"not_picked":["VitalstarS+1","Weaponupgrade+1"],"picked":"Unrisingdragon+1","floor":37.0},{"not_picked":["Swordmaster+1","Doubleshoot+1"],"picked":"Millionstab+1","floor":38.0},{"not_picked":["Honeycombofire+1","CoyoteA","EbonyIvory+1"],"picked":"SKIP","floor":41.0},{"not_picked":["Straight+1","VitalstarL+1"],"picked":"Whiteorb+1","floor":42.0},{"not_picked":["Unrisingdragon+1","LucifercomboB+1"],"picked":"Swordmaster+1","floor":44},{"not_picked":["Dash1+1","GilgameshcomboA+1"],"picked":"LucifercomboB+1","floor":46}],"player_experience":41160,"relics_obtained":[{"floor":7.0,"key":"Toxic Egg 2"},{"floor":9.0,"key":"Simple Rune"},{"floor":23.0,"key":"Dream Catcher"},{"floor":25.0,"key":"Golden Egg"},{"floor":26.0,"key":"War Paint"},{"floor":41.0,"key":"MealTicket"},{"floor":43.0,"key":"InkBottle"}],"event_choices":[{"damage_healed":0.0,"max_hp_gain":0.0,"max_hp_loss":0.0,"gold_gain":0.0,"event_name":"The Woman in Blue","player_choice":"Bought 0 Potions","floor":4.0,"gold_loss":0.0,"damage_taken":0.0},{"cards_removed":["Shoot"],"damage_healed":0.0,"max_hp_gain":0.0,"max_hp_loss":0.0,"gold_gain":0.0,"event_name":"The Cleric","player_choice":"Card Removal","floor":14.0,"gold_loss":50.0,"damage_taken":0.0},{"damage_healed":0.0,"max_hp_gain":0.0,"max_hp_loss":0.0,"gold_gain":0.0,"event_name":"Vampires","player_choice":"Ignored","floor":20.0,"gold_loss":0.0,"damage_taken":0.0},{"damage_healed":0.0,"max_hp_gain":0.0,"max_hp_loss":0.0,"gold_gain":0.0,"event_name":"The Library","player_choice":"Read","floor":31.0,"gold_loss":0.0,"damage_taken":0.0,"cards_obtained":["Weaponchange"]},{"damage_healed":0.0,"max_hp_gain":0.0,"max_hp_loss":0.0,"gold_gain":100.0,"event_name":"Golden Shrine","player_choice":"Pray","floor":39.0,"gold_loss":0.0,"damage_taken":0.0}],"is_beta":false,"boss_relics":[{"not_picked":["Honey Jar","Kintsugi"],"picked":"Cursed Key"},{"not_picked":["Replay:Wanted Poster","Tiny House"],"picked":"Runic Pyramid"}],"items_purged_floors":[22],"is_endless":false,"potions_floor_spawned":[2,3,7,11,12,18,19,23,28,33,41,42,44],"killed_by":"Jaw Worm Horde","ascension_level":2}}