{"host":"appz8zkad29u9482","time":1610944823,"event":{"mods":["2.2 Compatiblity","Act Like it!","Aspiration","BaseMod","Beaked The Cultist","Better Altar","Better Match","Better Note","Better Skull","Better Third Choice","BetterRewards","CapriCore","Conspire","Disable Question Mark Monsters","Energized Spire","Gensokyo","GifTheSpireLib","Gold Saver","Halation","Hermit","Hubris","Infinite Spire","Jedi Mod","Luminous","Marisa????????","Minty Spire (QoL Compilation)","Permanent Neow","Reimu??????","Replay The Spire","Spicy Shops","StSLib","Strawberry Spire","Stuff the Spire","The Administrix","The Bug Knight","The Construct","The Cursed","The Florist","The Hierophant","The Immortal","The Servant 0.9.4","yUi"],"gold_per_floor":[369,594,613,627,592,620,332,332,332],"floor_reached":8,"language":"ENG","playtime":378,"items_purged":["ReplayTheSpireMod:Restless Dread"],"score":64,"play_id":"7c345f9d-01fb-4237-8fd4-7988a02a2c6c","local_time":"20210117184023","is_ascension_mode":true,"campfire_choices":[],"circlet_count":0,"master_deck":["Strike_R","Strike_R","Strike_R","Strike_R","Strike_R","Defend_R","Defend_R","Defend_R","Defend_R","Bash","Armaments","ReplayTheSpireMod:Muscle Training","StuffTheSpire:Slingshot","conspire:Charge","Metallicize","ReplayTheSpireMod:Strike From Hell","ReplayTheSpireMod:Strike From Hell","StuffTheSpire:RockThrow"],"relics":["Burning Blood","halation:KoshaPiece","Potion Belt","conspire:DeflatedDodgeball"],"acts_visited":["Exordium"],"potions_floor_usage":[8],"damage_taken":[{"damage":0,"enemies":"Small Slimes","floor":1,"turns":3},{"damage":1,"enemies":"Cultist","floor":3,"turns":3},{"damage":10,"enemies":"2 Louse","floor":4,"turns":2},{"damage":37,"enemies":"Gremlin Nob","floor":6,"turns":5},{"damage":17,"enemies":"Lagavulin","floor":8,"turns":3}],"seed_played":"-4172668394244766700","potions_obtained":[{"floor":6,"key":"Languid Potion"}],"is_trial":false,"path_per_floor":["M","?","M","M","?","E","$","E"],"character_chosen":"IRONCLAD","items_purchased":["Metallicize","ReplayTheSpireMod:Strike From Hell","StuffTheSpire:RockThrow"],"campfire_rested":0,"item_purchase_floors":[7,7,7],"current_hp_per_floor":[80,24,29,25,45,14,14,0,0],"gold":332,"neow_bonus":"TWO_FIFTY_GOLD","is_daily":false,"chose_seed":false,"campfire_upgraded":0,"win_rate":0.0,"timestamp":1610944823,"path_taken":["M","?","M","?","?","E","$","E"],"items_purchased_type":["Card","Card","Card"],"build_version":"2020-12-22","purchased_purges":1,"victory":false,"max_hp_per_floor":[80,80,80,80,80,80,80,80,80],"card_choices":[{"not_picked":["Abandon","StuffTheSpire:Slingshot"],"picked":"Armaments","floor":1},{"not_picked":["hubris:SharpeningStone","Heavy Blade"],"picked":"ReplayTheSpireMod:Muscle Training","floor":3},{"not_picked":["True Grit","jedi:fear"],"picked":"StuffTheSpire:Slingshot","floor":4},{"not_picked":["Reckless Charge","Clothesline"],"picked":"conspire:Charge","floor":6}],"player_experience":549965,"relics_obtained":[{"floor":6,"key":"conspire:DeflatedDodgeball"}],"event_choices":[{"damage_healed":0,"gold_gain":225,"player_choice":"GO RE GO RE ","damage_taken":62,"relics_obtained":["halation:KoshaPiece","Potion Belt"],"max_hp_gain":0,"max_hp_loss":0,"event_name":"betterSkull:BetterSkull","floor":2,"gold_loss":0,"cards_upgraded":[]},{"damage_healed":20,"gold_gain":0,"player_choice":"Healed","damage_taken":0,"max_hp_gain":0,"max_hp_loss":0,"event_name":"The Cleric","floor":5,"gold_loss":35}],"is_beta":false,"boss_relics":[],"items_purged_floors":[7],"is_endless":false,"potions_floor_spawned":[6],"killed_by":"Lagavulin","ascension_level":3}}