{"host":"q9718omregw4er46","time":1610999298,"event":{"mods":["BaseMod","Bestiary","Colored Powertips","Minty Spire (QoL Compilation)","Quick Restart","Relic Stats"],"gold_per_floor":[112,128,140,140,150,182,182,200,200,229,21,0,0,20,20,96,96,112,37,37,37],"floor_reached":20,"language":"ENG","playtime":611,"items_purged":["Strike_B"],"score":368,"play_id":"e6e60334-3a93-4ccf-9199-91b4097e8ac7","local_time":"20210119004818","is_ascension_mode":true,"campfire_choices":[{"floor":7.0,"key":"REST"},{"floor":13,"key":"REST"},{"floor":15,"key":"REST"}],"circlet_count":0,"master_deck":["AscendersBane","Strike_B","Strike_B","Strike_B","Defend_B","Defend_B","Defend_B","Defend_B","Zap","Dualcast","Sweeping Beam","Cold Snap","Meteor Strike","Compile Driver","Zap","Capacitor","Static Discharge","Buffer","Recycle","Apotheosis","Conserve Battery","Reboot"],"relics":["Cracked Core","Pen Nib","Oddly Smooth Stone","Symbiotic Virus","Bronze Scales","SacredBark"],"acts_visited":["Exordium","TheCity"],"potions_floor_usage":[10,16,18],"damage_taken":[{"damage":5.0,"enemies":"Small Slimes","floor":1.0,"turns":4.0},{"damage":6.0,"enemies":"Cultist","floor":2.0,"turns":3.0},{"damage":0.0,"enemies":"2 Louse","floor":3.0,"turns":2.0},{"damage":13.0,"enemies":"Looter","floor":5.0,"turns":3.0},{"damage":29.0,"enemies":"3 Sentries","floor":6.0,"turns":6.0},{"damage":23.0,"enemies":"Exordium Wildlife","floor":8.0,"turns":6.0},{"damage":7,"enemies":"Lagavulin","floor":10,"turns":6},{"damage":22,"enemies":"3 Louse","floor":14,"turns":3},{"damage":7,"enemies":"The Guardian","floor":16,"turns":11},{"damage":30,"enemies":"2 Thieves","floor":18,"turns":4},{"damage":0,"enemies":"3 Byrds","floor":20,"turns":1}],"seed_played":"8715867267906936813","potions_obtained":[{"floor":1.0,"key":"DuplicationPotion"},{"floor":5.0,"key":"SpeedPotion"},{"floor":6.0,"key":"Weak Potion"},{"floor":16,"key":"Explosive Potion"}],"is_trial":false,"path_per_floor":["M","M","M","?","M","E","R","M","T","E","$","?","R","M","R","B",null,"M","$","M"],"character_chosen":"DEFECT","items_purchased":["Apotheosis"],"campfire_rested":3,"item_purchase_floors":[11],"current_hp_per_floor":[59,53,53,53,40,11,32,9,9,2,2,2,23,1,22,15,57,27,27,27,27],"gold":37,"neow_bonus":"RANDOM_COMMON_RELIC","is_daily":false,"chose_seed":false,"campfire_upgraded":0,"win_rate":0.0,"timestamp":1610999298,"path_taken":["M","M","M","?","?","E","R","M","T","E","$","?","R","M","R","BOSS","M","$","M"],"items_purchased_type":["Card"],"build_version":"2020-12-22","purchased_purges":1,"victory":false,"max_hp_per_floor":[71,71,71,71,71,71,71,71,71,71,71,71,71,71,71,71,71,71,71,71,71],"relic_stats":{"counters":[11,49],"Bronze Scales":[63],"Pen Nib":[4],"obtain_stats":[{"Bronze Scales":10,"SacredBark":17,"Oddly Smooth Stone":6,"Pen Nib":0,"Cracked Core":0,"Symbiotic Virus":9},{"Bronze Scales":7,"SacredBark":9,"Oddly Smooth Stone":5,"Pen Nib":0,"Cracked Core":0,"Symbiotic Virus":6},{"Bronze Scales":30,"SacredBark":44,"Oddly Smooth Stone":18,"Pen Nib":0,"Cracked Core":0,"Symbiotic Virus":24}]},"card_choices":[{"not_picked":["Heatsinks","Gash"],"picked":"Sweeping Beam","floor":1.0},{"not_picked":["Aggregate","Loop"],"picked":"Cold Snap","floor":2.0},{"not_picked":["Steam","Fusion","Leap"],"picked":"SKIP","floor":3.0},{"not_picked":["Beam Cell","Steam"],"picked":"Capacitor","floor":5.0},{"not_picked":["Recycle","Leap"],"picked":"Static Discharge","floor":6.0},{"not_picked":["Steam","Streamline"],"picked":"Buffer","floor":8.0},{"not_picked":["Recycle","Chaos","Gash"],"picked":"SKIP","floor":10},{"not_picked":["Chaos","Gash"],"picked":"Recycle","floor":10},{"not_picked":["BootSequence","Stack"],"picked":"Conserve Battery","floor":14},{"not_picked":["Creative AI","Multi-Cast"],"picked":"Reboot","floor":16},{"not_picked":["Cold Snap","Beam Cell","Gash"],"picked":"SKIP","floor":18}],"player_experience":1226488,"relics_obtained":[{"floor":6.0,"key":"Oddly Smooth Stone"},{"floor":9.0,"key":"Symbiotic Virus"},{"floor":10,"key":"Bronze Scales"}],"event_choices":[{"damage_healed":0.0,"max_hp_gain":0.0,"max_hp_loss":0.0,"gold_gain":0.0,"event_name":"Match and Keep!","player_choice":"3 cards matched","floor":4.0,"gold_loss":0.0,"damage_taken":0.0,"cards_obtained":["Meteor Strike","Compile Driver","Zap"]},{"damage_healed":0,"gold_gain":0,"player_choice":"Left Gold","damage_taken":0,"max_hp_gain":0,"max_hp_loss":0,"event_name":"World of Goop","floor":12,"gold_loss":21}],"is_beta":false,"boss_relics":[{"not_picked":["Tiny House","Sozu"],"picked":"SacredBark"}],"items_purged_floors":[19],"is_endless":false,"potions_floor_spawned":[1,5,6,16],"killed_by":"3 Byrds","ascension_level":20}}