{"host":"684z1xpuwaoqmmh1","time":1610968537,"event":{"mods":["Bard","BaseMod","Downfall","Hermit","Jorbs\u0027s Wanderer Trilogy","Marisa????????","Minty Spire (QoL Compilation)","Robot Space Explorer","Shade Mod","StSLib","The Bug Knight","The Cursed","The Hayseed","The Hierophant","The Marked","The Mystic","The Runesmith","The Senshi","The Spell Scribe"],"gold_per_floor":[116,133,133,151,137,137,170,188,188,205,205,232,133,147,147,248,248,260,271,285,302,320,320,320],"floor_reached":23,"language":"ENG","playtime":1441,"items_purged":["Runesmith:Strike_RS"],"score":261,"play_id":"0d92f344-70f0-4909-a073-f561b039d559","local_time":"20210118131537","is_ascension_mode":true,"campfire_choices":[{"data":"Runesmith:Firestorm","floor":6,"key":"SMITH"},{"floor":11,"key":"REST"},{"data":"Runesmith:BackupBattery","floor":15,"key":"SMITH"}],"circlet_count":0,"master_deck":["Runesmith:Strike_RS","Runesmith:Strike_RS","Runesmith:Strike_RS","Runesmith:Defend_RS","Runesmith:Defend_RS","Runesmith:Defend_RS","Runesmith:CraftFirestone","Runesmith:Fortify","Runesmith:CraftProtectio","Runesmith:Firewall","Runesmith:PoweredAnvil","Runesmith:Firestorm+1","Runesmith:MetallurgicalResearch","Runesmith:ChargedHammer","Runesmith:CraftMagma","Runesmith:CraftIndustria","Runesmith:BackupBattery+1","Runesmith:UnstableHammer","Runesmith:GrandSlam","Runesmith:Repurpose","Runesmith:Firewall","Runesmith:Permafrost","Runesmith:FrozenChisel"],"relics":["Runesmith:BrokenRuby","Toy Ornithopter","Pocketwatch","Gambling Chip","Busted Crown"],"acts_visited":["Exordium","TheCity"],"potions_floor_usage":[7,12,23,23],"damage_taken":[{"damage":8.0,"enemies":"2 Louse","floor":1.0,"turns":3.0},{"damage":6.0,"enemies":"Jaw Worm","floor":2.0,"turns":4.0},{"damage":0,"enemies":"Cultist","floor":4,"turns":3},{"damage":6,"enemies":"Exordium Thugs","floor":5,"turns":5},{"damage":1,"enemies":"3 Sentries","floor":7,"turns":9},{"damage":9,"enemies":"3 Louse","floor":8,"turns":4},{"damage":8,"enemies":"Blue Slaver","floor":10,"turns":4},{"damage":10,"enemies":"Lagavulin","floor":12,"turns":6},{"damage":21,"enemies":"Lots of Slimes","floor":14,"turns":5},{"damage":6,"enemies":"Slime Boss","floor":16,"turns":7},{"damage":22,"enemies":"3 Byrds","floor":18,"turns":6},{"damage":0,"enemies":"Chosen","floor":19,"turns":4},{"damage":23,"enemies":"Snake Plant","floor":20,"turns":4},{"damage":0,"enemies":"Snecko","floor":21,"turns":5},{"damage":2,"enemies":"Sentry and Sphere","floor":22,"turns":5},{"damage":25,"enemies":"Book of Stabbing","floor":23,"turns":5}],"seed_played":"4395393820118905667","potions_obtained":[{"floor":5,"key":"EssenceOfSteel"},{"floor":10,"key":"Fire Potion"},{"floor":16,"key":"Ancient Potion"},{"floor":19,"key":"FearPotion"},{"floor":21,"key":"bronze:BurnAndBuffPotion"}],"is_trial":false,"path_per_floor":["M","M","?","M","M","R","E","M","T","M","R","E","$","M","R","B",null,"M","M","M","M","M","E"],"character_chosen":"RUNESMITH_CLASS","items_purchased":["Runesmith:BackupBattery"],"campfire_rested":1,"item_purchase_floors":[13],"current_hp_per_floor":[62,56,56,56,50,50,49,40,40,32,53,48,48,27,27,21,58,36,36,13,13,11,0,0],"gold":320,"neow_bonus":"REMOVE_CARD","is_daily":false,"chose_seed":false,"campfire_upgraded":2,"win_rate":0.0,"timestamp":1610968537,"path_taken":["M","M","?","M","M","R","E","M","T","M","R","E","?","M","R","BOSS","M","M","M","M","M","E"],"items_purchased_type":["Card"],"build_version":"2020-12-22","purchased_purges":1,"victory":false,"max_hp_per_floor":[70,70,70,70,70,70,70,70,70,70,70,70,70,70,70,70,70,70,70,70,70,70,70,70],"card_choices":[{"not_picked":["Runesmith:HammerThrow","Runesmith:UnstableHammer"],"picked":"Runesmith:CraftProtectio","floor":1.0},{"not_picked":["Runesmith:FieryHammer","Runesmith:Prism"],"picked":"Runesmith:Firewall","floor":2.0},{"not_picked":["Runesmith:Repurpose","Runesmith:UnstableHammer"],"picked":"Runesmith:PoweredAnvil","floor":4},{"not_picked":["Runesmith:UnstableHammer","Runesmith:StaticCage"],"picked":"Runesmith:Firestorm","floor":5},{"not_picked":["Runesmith:Empowerment","Runesmith:Firewall"],"picked":"Runesmith:MetallurgicalResearch","floor":7},{"not_picked":["Runesmith:MakeshiftArmor","Runesmith:Repurpose"],"picked":"Runesmith:ChargedHammer","floor":8},{"not_picked":["Runesmith:EarthShield","Runesmith:CraftProtectio"],"picked":"Runesmith:CraftMagma","floor":10},{"not_picked":["Runesmith:Repurpose","Runesmith:RunicBlueprint"],"picked":"Runesmith:CraftIndustria","floor":12},{"not_picked":["Runesmith:EarthShield","Runesmith:EnergizedChisel"],"picked":"Runesmith:UnstableHammer","floor":14},{"not_picked":["Runesmith:DuctTape","Runesmith:CraftPrismatica"],"picked":"Runesmith:GrandSlam","floor":16},{"not_picked":[],"picked":"Runesmith:Repurpose","floor":18},{"not_picked":["Runesmith:StaticCage"],"picked":"SKIP","floor":19},{"not_picked":[],"picked":"Runesmith:Firewall","floor":20},{"not_picked":[],"picked":"Runesmith:Permafrost","floor":21},{"not_picked":[],"picked":"Runesmith:FrozenChisel","floor":22}],"player_experience":2874569,"relics_obtained":[{"floor":7,"key":"Toy Ornithopter"},{"floor":9,"key":"Pocketwatch"},{"floor":12,"key":"Gambling Chip"}],"event_choices":[{"damage_healed":0.0,"max_hp_gain":0.0,"max_hp_loss":0.0,"gold_gain":0.0,"event_name":"Liars Game","player_choice":"Ignored","floor":3.0,"gold_loss":0.0,"damage_taken":0.0}],"is_beta":false,"boss_relics":[{"not_picked":["Runic Pyramid","Coffee Dripper"],"picked":"Busted Crown"}],"items_purged_floors":[13],"is_endless":false,"potions_floor_spawned":[5,10,16,19,21,22],"killed_by":"Book of Stabbing","ascension_level":5}}