{"host":"baymyijz6sxaqj5s","time":1610997420,"event":{"mods":["AchievementEnabler","BaseMod","Colored Map","Colored Powertips","DeckTracker","Highlight Path","KOR Keyword Fix","Keyboard Shortcuts","Minty Spire (QoL Compilation)","StSLib","SuperFastMode","everything is the same but u backflip on backflip"],"gold_per_floor":[110,110,83,101,120,120,136,136,136,136,146,159,159,159,159,159,159],"floor_reached":16,"language":"KOR","playtime":289,"items_purged":[],"score":106,"play_id":"a50f4430-634e-4ad2-b66b-8629e49cf377","local_time":"20210119041700","is_ascension_mode":true,"campfire_choices":[{"data":"Survivor","floor":6,"key":"SMITH"},{"data":"Deflect","floor":8,"key":"SMITH"},{"data":"Outmaneuver","floor":10,"key":"SMITH"},{"data":"Backflip","floor":13,"key":"SMITH"},{"data":"After Image","floor":15,"key":"SMITH"}],"circlet_count":0,"master_deck":["Strike_G","Strike_G","Strike_G","Strike_G","Defend_G","Defend_G","Defend_G","Defend_G","Defend_G","Survivor+1","Neutralize","Bane","Deflect+1","Outmaneuver+1","After Image+1","Backflip+1"],"relics":["Ring of the Snake","Kunai"],"acts_visited":["Exordium"],"potions_floor_usage":[12],"damage_taken":[{"damage":1,"enemies":"Cultist","floor":1,"turns":5},{"damage":3,"enemies":"Small Slimes","floor":4,"turns":5},{"damage":0,"enemies":"2 Louse","floor":5,"turns":4},{"damage":7,"enemies":"Looter","floor":7,"turns":5},{"damage":1,"enemies":"3 Louse","floor":11,"turns":5},{"damage":9,"enemies":"Large Slime","floor":12,"turns":13},{"damage":0,"enemies":"Hexaghost","floor":16,"turns":1}],"seed_played":"-8595065044535883534","potions_obtained":[{"floor":1,"key":"Swift Potion"},{"floor":4,"key":"GhostInAJar"},{"floor":11,"key":"Poison Potion"}],"is_trial":false,"path_per_floor":["M","?","$","M","M","R","M","R","T","R","M","M","R","?","R","B"],"character_chosen":"THE_SILENT","items_purchased":["Deflect"],"campfire_rested":0,"item_purchase_floors":[3],"current_hp_per_floor":[76,76,76,73,73,73,66,66,66,66,65,56,56,56,56,56,56],"gold":159,"neow_bonus":"TEN_PERCENT_HP_BONUS","is_daily":false,"chose_seed":false,"campfire_upgraded":5,"win_rate":0.0,"timestamp":1610997420,"path_taken":["M","?","?","M","?","R","M","R","T","R","M","M","R","?","R","BOSS"],"items_purchased_type":["Card"],"build_version":"2020-12-22","purchased_purges":0,"victory":false,"max_hp_per_floor":[77,77,77,77,77,77,77,77,77,77,77,77,77,77,77,77,77],"card_choices":[{"not_picked":["Setup","Sucker Punch"],"picked":"Bane","floor":1},{"not_picked":["Finisher","Sucker Punch","Underhanded Strike"],"picked":"SKIP","floor":4},{"not_picked":["Cloak And Dagger","Flying Knee"],"picked":"Outmaneuver","floor":5},{"not_picked":["Slice","Dodge and Roll","Setup"],"picked":"SKIP","floor":7},{"not_picked":["Flying Knee","Dagger Throw"],"picked":"After Image","floor":11},{"not_picked":["Flying Knee","Acrobatics"],"picked":"Backflip","floor":12}],"player_experience":61222,"relics_obtained":[{"floor":9,"key":"Kunai"}],"event_choices":[{"cards_removed":["Strike_G"],"damage_healed":0,"gold_gain":0,"player_choice":"Purged","damage_taken":0,"max_hp_gain":0,"max_hp_loss":0,"event_name":"Purifier","floor":2,"gold_loss":0},{"damage_healed":0,"gold_gain":0,"player_choice":"Ignored","damage_taken":0,"max_hp_gain":0,"max_hp_loss":0,"event_name":"Liars Game","floor":14,"gold_loss":0}],"is_beta":false,"boss_relics":[],"items_purged_floors":[],"is_endless":false,"potions_floor_spawned":[1,4,11],"killed_by":"Hexaghost","ascension_level":3}}