{"host":"lnt5dzsuhru0aonl","time":1610961747,"event":{"mods":["2.2 Compatiblity","BaseMod","Colored Map","Colored Powertips","DeckTracker","Keyboard Shortcuts","Minty Spire (QoL Compilation)","Permanent Neow","StSLib","SuperFastMode","everything is the same but u backflip on backflip"],"gold_per_floor":[110,123,143,159,44,44,73,91,91,91,91,17,17,28,28,104,104,121,137,187,201,216,216,216,216],"floor_reached":24,"language":"KOR","playtime":953,"items_purged":["Strike_G"],"score":400,"play_id":"99f5a7fc-5f39-4a3c-975a-544f5da9ea7b","local_time":"20210118182227","is_ascension_mode":true,"campfire_choices":[{"data":"Blade Dance","floor":6.0,"key":"SMITH"},{"floor":11.0,"key":"REST"},{"data":"Noxious Fumes","floor":15.0,"key":"SMITH"},{"floor":23,"key":"REST"}],"circlet_count":0,"master_deck":["AscendersBane","Strike_G","Strike_G","Defend_G","Defend_G","Defend_G","Defend_G","Defend_G","Survivor","Neutralize","Blade Dance+1","Accuracy","Acrobatics","Cloak And Dagger","Leg Sweep","Dagger Spray","PiercingWail","Footwork","Noxious Fumes+1","Backflip"],"relics":["Ring of the Snake","Omamori","Mercury Hourglass","Mummified Hand","Empty Cage"],"acts_visited":["Exordium","TheCity"],"potions_floor_usage":[18,22],"damage_taken":[{"damage":4.0,"enemies":"Cultist","floor":1.0,"turns":5.0},{"damage":2.0,"enemies":"Jaw Worm","floor":2.0,"turns":4.0},{"damage":4.0,"enemies":"2 Louse","floor":3.0,"turns":2.0},{"damage":11.0,"enemies":"Exordium Thugs","floor":4.0,"turns":6.0},{"damage":29.0,"enemies":"Lagavulin","floor":7.0,"turns":9.0},{"damage":0.0,"enemies":"Lots of Slimes","floor":8.0,"turns":1.0},{"damage":3.0,"enemies":"Blue Slaver","floor":14.0,"turns":4.0},{"damage":12,"enemies":"The Guardian","floor":16,"turns":12},{"damage":2,"enemies":"3 Byrds","floor":18,"turns":5},{"damage":15,"enemies":"Shell Parasite","floor":19,"turns":4},{"damage":10,"enemies":"Snake Plant","floor":21,"turns":6},{"damage":25,"enemies":"3 Cultists","floor":22,"turns":5},{"damage":23,"enemies":"Book of Stabbing","floor":24,"turns":6}],"seed_played":"5699369641243167900","potions_obtained":[{"floor":1.0,"key":"DuplicationPotion"},{"floor":3.0,"key":"Dexterity Potion"},{"floor":4.0,"key":"FearPotion"},{"floor":16,"key":"EssenceOfSteel"},{"floor":19,"key":"Fire Potion"}],"is_trial":false,"path_per_floor":["M","M","M","M","$","R","E","M","T","?","R","$","$","M","R","B",null,"M","M","?","M","M","R","E"],"character_chosen":"THE_SILENT","items_purchased":["Leg Sweep","Footwork"],"campfire_rested":2,"item_purchase_floors":[5,12],"current_hp_per_floor":[55,53,49,38,38,38,9,9,9,9,28,28,28,25,25,13,53,51,36,36,26,1,20,0,0],"gold":216,"neow_bonus":"RANDOM_COMMON_RELIC","is_daily":false,"chose_seed":false,"campfire_upgraded":2,"win_rate":0.0,"timestamp":1610961747,"path_taken":["M","?","?","M","$","R","E","M","T","?","R","?","$","M","R","BOSS","M","M","?","M","?","R","E"],"items_purchased_type":["Card","Card"],"build_version":"2020-12-22","purchased_purges":1,"victory":false,"max_hp_per_floor":[66,66,66,66,66,66,66,66,66,66,66,66,66,66,66,66,66,66,66,66,66,66,66,66,66],"card_choices":[{"not_picked":["Finisher","Cloak And Dagger"],"picked":"Blade Dance","floor":1.0},{"not_picked":["Expertise","Caltrops"],"picked":"Accuracy","floor":2.0},{"not_picked":["Skewer","Finisher"],"picked":"Acrobatics","floor":3.0},{"not_picked":["Flying Knee","Deadly Poison"],"picked":"Cloak And Dagger","floor":4.0},{"not_picked":["Deadly Poison","Quick Slash"],"picked":"Dagger Spray","floor":7.0},{"not_picked":["Bane","Burst"],"picked":"PiercingWail","floor":8.0},{"not_picked":["Bouncing Flask","Finisher"],"picked":"Noxious Fumes","floor":14.0},{"not_picked":["Quick Slash","Underhanded Strike","Deadly Poison"],"picked":"SKIP","floor":18},{"not_picked":["Dodge and Roll","Heel Hook"],"picked":"Backflip","floor":19},{"not_picked":["Skewer","Deflect","Poisoned Stab"],"picked":"SKIP","floor":21},{"not_picked":["Dagger Throw","Finisher","Venomology"],"picked":"SKIP","floor":22}],"player_experience":691038,"relics_obtained":[{"floor":7.0,"key":"Mercury Hourglass"},{"floor":9.0,"key":"Mummified Hand"}],"event_choices":[{"damage_healed":0.0,"max_hp_gain":0.0,"max_hp_loss":0.0,"gold_gain":0.0,"event_name":"Match and Keep!","player_choice":"0 cards matched","floor":10.0,"gold_loss":0.0,"damage_taken":0.0,"cards_obtained":[]},{"damage_healed":0,"gold_gain":100,"player_choice":"Bet on Murderer","damage_taken":0,"max_hp_gain":0,"max_hp_loss":0,"event_name":"The Joust","floor":20,"gold_loss":50}],"is_beta":false,"boss_relics":[{"not_picked":["SlaversCollar","Velvet Choker"],"picked":"Empty Cage"}],"items_purged_floors":[5],"is_endless":false,"potions_floor_spawned":[1,3,4,16,19],"killed_by":"Book of Stabbing","ascension_level":20}}