{"host":"c5j8t0wyh2hvx9ju","time":1610940723,"event":{"mods":["Astrologer","BaseMod","BetterRewards","Minty Spire (QoL Compilation)","Prisma Mod","StSLib"],"gold_per_floor":[118,135,151,169,188,223,223,243,243,277,277,52,52,52,52,154,154,168,168,168,183,202,202,216,233,233,233,233],"floor_reached":27,"language":"JPN","playtime":1624,"items_purged":["Parasite"],"score":296,"play_id":"2de8d70e-500f-4218-a4dc-6f4e62ef7378","local_time":"20210118123203","is_ascension_mode":true,"campfire_choices":[{"floor":7,"key":"REST"},{"data":"Eruption","floor":13,"key":"SMITH"},{"data":"Wallop","floor":15,"key":"SMITH"}],"circlet_count":0,"master_deck":["Strike_P","Strike_P","Strike_P","Defend_P","Defend_P","Defend_P","Defend_P","Eruption+1","Vigilance","Adaptation","Tantrum","FearNoEvil","Indignation","FlurryOfBlows","Wallop+1","Adaptation","Establishment","CurseOfTheBell","TalkToTheHand","WheelKick","SandsOfTime+1"],"relics":["PureWater","Unceasing Top","GoldenEye","Pocketwatch","Mummified Hand","Calling Bell","Pen Nib","Singing Bowl","Ice Cream","StrikeDummy"],"acts_visited":["Exordium","TheCity"],"potions_floor_usage":[6,10,22,23],"damage_taken":[{"damage":11,"enemies":"Cultist","floor":1,"turns":5},{"damage":4,"enemies":"Jaw Worm","floor":2,"turns":2},{"damage":0,"enemies":"2 Louse","floor":3,"turns":2},{"damage":13,"enemies":"Blue Slaver","floor":4,"turns":5},{"damage":0,"enemies":"Large Slime","floor":5,"turns":4},{"damage":16,"enemies":"Gremlin Nob","floor":6,"turns":3},{"damage":7,"enemies":"Gremlin Gang","floor":8,"turns":5},{"damage":32,"enemies":"3 Sentries","floor":10,"turns":8},{"damage":24,"enemies":"The Guardian","floor":16,"turns":12},{"damage":30,"enemies":"Shell Parasite","floor":18,"turns":5},{"damage":0,"enemies":"Spheric Guardian","floor":21,"turns":3},{"damage":0,"enemies":"3 Cultists","floor":22,"turns":3},{"damage":12,"enemies":"Slavers","floor":23,"turns":2},{"damage":29,"enemies":"Snake Plant","floor":24,"turns":4},{"damage":0,"enemies":"Snecko","floor":25,"turns":3},{"damage":4,"enemies":"Centurion and Healer","floor":27,"turns":2}],"seed_played":"-5865001683792027355","potions_obtained":[{"floor":1,"key":"Swift Potion"},{"floor":4,"key":"SpeedPotion"},{"floor":8,"key":"Regen Potion"},{"floor":21,"key":"SmokeBomb"},{"floor":22,"key":"Swift Potion"}],"is_trial":false,"path_per_floor":["M","M","M","M","M","E","R","M","T","E","?","$","R","?","R","B",null,"M","?","?","M","M","E","M","M","T","M"],"character_chosen":"WATCHER","items_purchased":["Adaptation","Tantrum","Adaptation","LiquidMemories"],"campfire_rested":1,"item_purchase_floors":[0,0,12,12],"current_hp_per_floor":[61,57,57,44,44,28,49,42,42,25,43,43,43,40,40,16,69,41,41,41,41,43,31,2,4,4,0,0],"gold":233,"neow_bonus":"","is_daily":false,"chose_seed":false,"campfire_upgraded":2,"win_rate":0.0,"timestamp":1610940723,"path_taken":["M","M","M","M","?","E","R","M","T","E","?","$","R","?","R","BOSS","M","?","?","M","?","E","?","M","T","M"],"items_purchased_type":["Card","Card","Card","Potion"],"build_version":"2020-12-22","purchased_purges":1,"victory":false,"max_hp_per_floor":[72,72,72,72,72,72,72,72,72,72,72,69,69,69,69,69,69,71,71,71,71,73,73,73,75,75,75,75],"card_choices":[{"not_picked":["JustLucky","Nirvana"],"picked":"FearNoEvil","floor":1},{"not_picked":["SashWhip","PathToVictory","Protect"],"picked":"SKIP","floor":2},{"not_picked":["ThirdEye","Study"],"picked":"Indignation","floor":3},{"not_picked":["JustLucky","SashWhip","CrushJoints"],"picked":"SKIP","floor":4},{"not_picked":["CrushJoints","Protect","DeceiveReality"],"picked":"SKIP","floor":5},{"not_picked":["Consecrate","PathToVictory"],"picked":"FlurryOfBlows","floor":6},{"not_picked":["Consecrate","Judgement","JustLucky"],"picked":"SKIP","floor":8},{"not_picked":["Study","ThirdEye"],"picked":"Wallop","floor":10},{"not_picked":["Omniscience","Blasphemy"],"picked":"Establishment","floor":16},{"not_picked":["FollowUp","ForeignInfluence","FlyingSleeves"],"picked":"Singing Bowl","floor":18},{"not_picked":["FollowUp+1","Meditate"],"picked":"WheelKick","floor":21},{"not_picked":["FlyingSleeves","JustLucky","Indignation"],"picked":"Singing Bowl","floor":22},{"not_picked":["DeceiveReality","CrushJoints"],"picked":"SandsOfTime+1","floor":24},{"not_picked":["Tantrum","EmptyFist","Protect+1"],"picked":"Singing Bowl","floor":25}],"player_experience":850316,"relics_obtained":[{"floor":6,"key":"Unceasing Top"},{"floor":9,"key":"GoldenEye"},{"floor":10,"key":"Pocketwatch"},{"floor":17,"key":"Pen Nib"},{"floor":17,"key":"Singing Bowl"},{"floor":17,"key":"Ice Cream"},{"floor":26,"key":"StrikeDummy"}],"event_choices":[{"damage_healed":18,"gold_gain":0,"player_choice":"Healed and dodged fight","damage_taken":0,"max_hp_gain":0,"max_hp_loss":0,"event_name":"Mushrooms","floor":11,"gold_loss":0,"cards_obtained":["Parasite"]},{"damage_healed":0,"gold_gain":0,"player_choice":"Success","damage_taken":3,"relics_obtained":["Mummified Hand"],"max_hp_gain":0,"max_hp_loss":0,"event_name":"Scrap Ooze","floor":14,"gold_loss":0},{"damage_healed":0,"gold_gain":0,"player_choice":"Read","damage_taken":0,"max_hp_gain":0,"max_hp_loss":0,"event_name":"The Library","floor":19,"gold_loss":0,"cards_obtained":["TalkToTheHand"]},{"cards_removed":["Strike_P"],"damage_healed":0,"gold_gain":0,"player_choice":"Purged","damage_taken":0,"max_hp_gain":0,"max_hp_loss":0,"event_name":"Purifier","floor":20,"gold_loss":0}],"is_beta":false,"boss_relics":[{"not_picked":["Philosopher\u0027s Stone","Tiny House"],"picked":"Calling Bell"}],"items_purged_floors":[12],"is_endless":false,"potions_floor_spawned":[1,4,8,21,22,23],"killed_by":"Centurion and Healer","ascension_level":4}}