{"host":"qrbkigq52dd42dk0","time":1610973277,"event":{"mods":["AchievementEnabler","BaseMod","Colored Map","Colored Powertips","Minty Spire (QoL Compilation)","Quick Restart","StSLib","SuperFastMode","The IronCluck"],"gold_per_floor":[110,125,139,150,4,4,23,23,48,81,99,99,129,79,79,79,79],"floor_reached":16,"language":"ENG","playtime":423,"items_purged":[],"score":174,"play_id":"fa77aa81-5c6b-4f25-8a6a-8b1d0a010c56","local_time":"20210118133437","is_ascension_mode":true,"campfire_choices":[{"data":"Fiend Fire","floor":6.0,"key":"SMITH"},{"floor":8.0,"key":"RECALL"},{"floor":12.0,"key":"REST"},{"floor":15,"key":"REST"}],"circlet_count":0,"master_deck":["AscendersBane","Strike_R","Strike_R","Strike_R","Strike_R","Defend_R","Defend_R","Defend_R","Defend_R","Bash","Fiend Fire+1","Burning Pact","Infernal Blade","Flame Barrier"],"relics":["Burning Blood","NeowsBlessing","Strange Spoon","Bag of Marbles","Ancient Tea Set","Oddly Smooth Stone"],"acts_visited":["Exordium"],"potions_floor_usage":[13],"damage_taken":[{"damage":0.0,"enemies":"Cultist","floor":1.0,"turns":1.0},{"damage":0.0,"enemies":"Jaw Worm","floor":2.0,"turns":1.0},{"damage":0.0,"enemies":"Small Slimes","floor":3.0,"turns":1.0},{"damage":22.0,"enemies":"Looter","floor":4.0,"turns":3.0},{"damage":8.0,"enemies":"Exordium Wildlife","floor":7.0,"turns":4.0},{"damage":50.0,"enemies":"3 Sentries","floor":10.0,"turns":10.0},{"damage":0.0,"enemies":"Large Slime","floor":11.0,"turns":5.0},{"damage":33,"enemies":"Lagavulin","floor":13,"turns":5},{"damage":40,"enemies":"Slime Boss","floor":16,"turns":7}],"seed_played":"4701716985006891899","potions_obtained":[{"floor":3.0,"key":"Swift Potion"},{"floor":4.0,"key":"Energy Potion"},{"floor":7.0,"key":"Dexterity Potion"}],"is_trial":false,"path_per_floor":["M","M","M","M","$","R","M","R","T","E","M","R","E","?","R","B"],"character_chosen":"IRONCLAD","items_purchased":["Strange Spoon"],"campfire_rested":2,"item_purchase_floors":[5],"current_hp_per_floor":[78,80,80,64,64,64,62,62,62,18,24,48,21,21,45,5,5],"gold":79,"neow_bonus":"THREE_ENEMY_KILL","is_daily":false,"chose_seed":false,"campfire_upgraded":1,"win_rate":0.0,"timestamp":1610973277,"path_taken":["M","?","M","M","$","R","M","R","T","E","M","R","E","?","R","BOSS"],"items_purchased_type":["Relic"],"build_version":"2020-12-22","purchased_purges":0,"victory":false,"max_hp_per_floor":[80,80,80,80,80,80,80,80,80,80,80,80,80,80,80,80,80],"card_choices":[{"not_picked":["Twin Strike","Feel No Pain","Warcry"],"picked":"SKIP","floor":1.0},{"not_picked":["Flex","Iron Wave","Evolve"],"picked":"SKIP","floor":2.0},{"not_picked":["Sword Boomerang","Power Through","Bloodletting"],"picked":"SKIP","floor":3.0},{"not_picked":["Metallicize","Twin Strike"],"picked":"Fiend Fire","floor":4.0},{"not_picked":["Armaments","Blood for Blood"],"picked":"Burning Pact","floor":7.0},{"not_picked":["Armaments","Sever Soul"],"picked":"Infernal Blade","floor":10.0},{"not_picked":["Rage","Iron Wave","Second Wind"],"picked":"SKIP","floor":11.0},{"not_picked":["Armaments","Warcry"],"picked":"Flame Barrier","floor":13}],"player_experience":162689,"relics_obtained":[{"floor":9.0,"key":"Bag of Marbles"},{"floor":10.0,"key":"Ancient Tea Set"},{"floor":13,"key":"Oddly Smooth Stone"}],"event_choices":[{"cards_removed":["Strike_R"],"damage_healed":0,"gold_gain":0,"player_choice":"Card Removal","damage_taken":0,"max_hp_gain":0,"max_hp_loss":0,"event_name":"The Cleric","floor":14,"gold_loss":50}],"is_beta":false,"boss_relics":[],"items_purged_floors":[],"is_endless":false,"potions_floor_spawned":[3,4,7,10],"killed_by":"Slime Boss","ascension_level":11}}