{"host":"a7n5dzefz0hsmd08","time":1610992007,"event":{"mods":["2.2 Compatiblity","AchievementEnabler","BaseMod","Minty Spire (QoL Compilation)","Relic Stats","StSLib"],"gold_per_floor":[114,114,129,129,204,242,242,280,280,280,50,50,50,69,69,194,194,213,213,63,82,82,82,82,107,132,132,132,132,170,88,88,213,213,232,232,232,232,232,232,251,101,101,20,20,20,58,0,0,0,0],"floor_reached":50,"language":"ENG","playtime":1237,"items_purged":[],"score":659,"play_id":"3dd6b971-e2c5-40aa-9bb0-7b21aa952e61","local_time":"20210118184647","daily_mods":["Draft","Flight","Lethality"],"is_ascension_mode":false,"campfire_choices":[{"floor":7,"key":"REST"},{"data":"Limit Break","floor":10,"key":"SMITH"},{"data":"Inflame","floor":12,"key":"SMITH"},{"data":"Inflame","floor":13,"key":"SMITH"},{"data":"Warcry","floor":15,"key":"SMITH"},{"data":"J.A.X.","floor":23,"key":"SMITH"},{"data":"Sword Boomerang","floor":27,"key":"SMITH"},{"data":"Heavy Blade","floor":28,"key":"SMITH"},{"data":"Spot Weakness","floor":32,"key":"SMITH"},{"data":"Brutality","floor":40,"key":"SMITH"},{"floor":46,"key":"REST"},{"data":"Flex","floor":49,"key":"SMITH"}],"circlet_count":0,"master_deck":["Rampage","Cleave","Anger","Twin Strike","Sword Boomerang","Inflame+1","Iron Wave","Heavy Blade+1","Thunderclap","Dropkick","Anger","Anger","Flex+1","Bloodletting","Cleave","Cleave","Limit Break+1","Inflame+1","Limit Break+1","Warcry+1","Immolate","Sword Boomerang+1","Cleave+1","Armaments+1","Body Slam+1","Anger+1","J.A.X.+1","Bite","Bite","Bite","Bite","Bite","Pommel Strike","Cleave","Spot Weakness+1","Perfected Strike+1","Armaments+1","Havoc+1","Pommel Strike+1","Flash of Steel","The Bomb","Warcry+1","Whirlwind","Pommel Strike+1"],"relics":["Burning Blood","Golden Idol","Juzu Bracelet","Tiny Chest","Boot","DollysMirror","Sozu","Orrery","Omamori","Happy Flower","Bird Faced Urn","Astrolabe","Darkstone Periapt","Pen Nib","HornCleat","Lantern","Red Mask"],"acts_visited":["Exordium","TheCity","TheBeyond"],"potions_floor_usage":[30,50],"damage_taken":[{"damage":0,"enemies":"Cultist","floor":1,"turns":1},{"damage":0,"enemies":"2 Louse","floor":3,"turns":1},{"damage":21,"enemies":"Lagavulin","floor":6,"turns":3},{"damage":16,"enemies":"Gremlin Nob","floor":8,"turns":3},{"damage":0,"enemies":"Small Slimes","floor":14,"turns":1},{"damage":0,"enemies":"Slime Boss","floor":16,"turns":3},{"damage":13,"enemies":"2 Thieves","floor":18,"turns":2},{"damage":0,"enemies":"Shell Parasite","floor":21,"turns":2},{"damage":13,"enemies":"Book of Stabbing","floor":30,"turns":2},{"damage":22,"enemies":"Champ","floor":33,"turns":5},{"damage":1,"enemies":"3 Shapes","floor":35,"turns":2},{"damage":30,"enemies":"3 Darklings","floor":41,"turns":3},{"damage":8,"enemies":"Nemesis","floor":47,"turns":3},{"damage":61,"enemies":"Awakened One","floor":50,"turns":5}],"seed_played":"-1283480827410872575","potions_obtained":[{"floor":1,"key":"Energy Potion"},{"floor":3,"key":"LiquidBronze"},{"floor":6,"key":"HeartOfIron"}],"is_trial":false,"path_per_floor":["M","$","M","?","?","E","R","E","T","R","$","R","R","M","R","B",null,"M","?","$","M","?","R","?","T","T","R","R","?","E","$","R","B",null,"M","?","$","T","?","R","M","$","T","$","?","R","E","?","R","B"],"character_chosen":"IRONCLAD","items_purchased":["Inflame","DollysMirror","Orrery","Spot Weakness","Pen Nib","Whirlwind"],"campfire_rested":2,"item_purchase_floors":[11,11,20,31,42,44],"current_hp_per_floor":[80,80,80,60,49,34,58,48,48,48,48,48,48,54,54,60,80,73,73,73,79,79,79,56,56,56,56,56,56,51,51,51,46,56,56,56,56,56,51,51,33,33,33,33,33,49,49,49,49,0,0],"gold":0,"neow_bonus":"","is_daily":true,"chose_seed":false,"campfire_upgraded":10,"win_rate":0.0,"timestamp":1610992007,"path_taken":["M","$","?","?","?","E","R","E","T","R","$","R","R","M","R","BOSS","M","?","$","M","?","R","?","?","T","R","R","?","E","$","R","BOSS","M","?","?","?","?","R","M","$","T","$","?","R","E","?","R","BOSS"],"items_purchased_type":["Card","Relic","Relic","Card","Relic","Card"],"build_version":"2020-12-22","purchased_purges":0,"victory":false,"max_hp_per_floor":[80,80,80,80,80,80,80,80,80,80,80,80,80,80,80,80,80,80,80,80,80,80,80,56,56,56,56,56,56,56,56,56,56,56,56,56,56,56,56,56,56,56,56,56,56,56,56,56,56,56,56],"relic_stats":{"Darkstone Periapt":0,"Happy Flower":[6],"counters":[14,36],"Golden Idol":102,"Astrolabe":["Perfected Strike","Armaments","Havoc"],"Pen Nib":[2],"Juzu Bracelet":2,"Boot":[23],"Burning Blood":60,"Sozu":3,"Bird Faced Urn":[12],"Tiny Chest":2,"obtain_stats":[{"Darkstone Periapt":38,"Lantern":47,"Happy Flower":26,"Golden Idol":4,"Astrolabe":34,"Pen Nib":42,"Juzu Bracelet":6,"Omamori":25,"Boot":9,"Burning Blood":0,"Sozu":17,"HornCleat":43,"DollysMirror":11,"Bird Faced Urn":30,"Orrery":20,"Tiny Chest":8,"Red Mask":48},{"Darkstone Periapt":11,"Lantern":13,"Happy Flower":8,"Golden Idol":2,"Astrolabe":10,"Pen Nib":12,"Juzu Bracelet":3,"Omamori":8,"Boot":4,"Burning Blood":0,"Sozu":6,"HornCleat":12,"DollysMirror":4,"Bird Faced Urn":9,"Orrery":7,"Tiny Chest":4,"Red Mask":13},{"Darkstone Periapt":25,"Lantern":31,"Happy Flower":16,"Golden Idol":2,"Astrolabe":23,"Pen Nib":28,"Juzu Bracelet":5,"Omamori":16,"Boot":8,"Burning Blood":0,"Sozu":12,"HornCleat":28,"DollysMirror":8,"Bird Faced Urn":18,"Orrery":14,"Tiny Chest":8,"Red Mask":31}]},"card_choices":[{"not_picked":["Second Wind","True Grit"],"picked":"Rampage","floor":0},{"not_picked":["Metallicize","Feel No Pain"],"picked":"Cleave","floor":0},{"not_picked":["Flex","Hemokinesis"],"picked":"Anger","floor":0},{"not_picked":["Armaments","Clash"],"picked":"Twin Strike","floor":0},{"not_picked":["Hemokinesis","Armaments"],"picked":"Sword Boomerang","floor":0},{"not_picked":["Cleave","Sentinel"],"picked":"Inflame","floor":0},{"not_picked":["Wild Strike","Entrench"],"picked":"Iron Wave","floor":0},{"not_picked":["True Grit","Cleave"],"picked":"Heavy Blade","floor":0},{"not_picked":["Dual Wield","Cleave"],"picked":"Thunderclap","floor":0},{"not_picked":["Flex","Armaments"],"picked":"Dropkick","floor":0},{"not_picked":["True Grit","Feel No Pain"],"picked":"Anger","floor":0},{"not_picked":["Sentinel","Clothesline"],"picked":"Anger","floor":0},{"not_picked":["Armaments","Anger"],"picked":"True Grit","floor":0},{"not_picked":["Wild Strike","Armaments"],"picked":"Flex","floor":0},{"not_picked":["Warcry","Shrug It Off"],"picked":"Bloodletting","floor":0},{"not_picked":["Body Slam","True Grit"],"picked":"Cleave","floor":1},{"not_picked":["Reckless Charge","Clash"],"picked":"Cleave","floor":3},{"not_picked":["Havoc","Heavy Blade"],"picked":"Limit Break","floor":6},{"not_picked":["Barricade","Heavy Blade","True Grit"],"picked":"SKIP","floor":8},{"not_picked":["Perfected Strike","Hemokinesis"],"picked":"Warcry","floor":14},{"not_picked":["Berserk","Impervious"],"picked":"Immolate","floor":16},{"not_picked":["Iron Wave","Fire Breathing"],"picked":"Clash","floor":18},{"not_picked":["Disarm","Anger"],"picked":"Sword Boomerang","floor":20},{"not_picked":["Intimidate","Perfected Strike"],"picked":"Cleave+1","floor":20},{"not_picked":["Combust+1","Clash"],"picked":"Ghostly Armor","floor":20},{"not_picked":["Shrug It Off","Hemokinesis"],"picked":"Armaments+1","floor":20},{"not_picked":["Perfected Strike+1","Ghostly Armor"],"picked":"Body Slam+1","floor":20},{"not_picked":["Exhume","Clothesline+1"],"picked":"Anger+1","floor":21},{"not_picked":["Feel No Pain+1","Impervious"],"picked":"Cleave","floor":30},{"not_picked":["Immolate","Bludgeon"],"picked":"Brutality","floor":33},{"not_picked":["Clash","Sword Boomerang+1"],"picked":"Pommel Strike+1","floor":35},{"not_picked":["Impatience","Panacea"],"picked":"Flash of Steel","floor":39},{"not_picked":["Finesse","Swift Strike"],"picked":"The Bomb","floor":39},{"not_picked":["Clothesline","Thunderclap"],"picked":"Warcry+1","floor":41},{"not_picked":["Clothesline+1","Bludgeon"],"picked":"Pommel Strike+1","floor":47}],"player_experience":169260,"relics_obtained":[{"floor":6,"key":"Juzu Bracelet"},{"floor":8,"key":"Tiny Chest"},{"floor":9,"key":"Boot"},{"floor":25,"key":"Omamori"},{"floor":26,"key":"Happy Flower"},{"floor":30,"key":"Bird Faced Urn"},{"floor":38,"key":"Darkstone Periapt"},{"floor":43,"key":"HornCleat"},{"floor":47,"key":"Lantern"}],"event_choices":[{"damage_healed":0,"gold_gain":0,"player_choice":"Take Damage","damage_taken":20,"relics_obtained":["Golden Idol"],"max_hp_gain":0,"max_hp_loss":0,"event_name":"Golden Idol","floor":4,"gold_loss":0},{"damage_healed":0,"gold_gain":75,"player_choice":"Gather Gold","damage_taken":11,"max_hp_gain":0,"max_hp_loss":0,"event_name":"World of Goop","floor":5,"gold_loss":0},{"damage_healed":0,"gold_gain":0,"player_choice":"Ignored","damage_taken":0,"max_hp_gain":0,"max_hp_loss":0,"event_name":"Beggar","floor":19,"gold_loss":0},{"damage_healed":0,"gold_gain":0,"player_choice":"Obtain J.A.X.","damage_taken":0,"max_hp_gain":0,"max_hp_loss":0,"event_name":"Drug Dealer","floor":22,"gold_loss":0,"cards_obtained":["J.A.X."]},{"damage_healed":0,"gold_gain":0,"player_choice":"Became a vampire","damage_taken":0,"max_hp_gain":0,"max_hp_loss":24,"event_name":"Vampires","floor":24,"gold_loss":0,"cards_obtained":["Bite","Bite","Bite","Bite","Bite"]},{"damage_healed":0,"gold_gain":0,"player_choice":"Read","damage_taken":0,"max_hp_gain":0,"max_hp_loss":0,"event_name":"The Library","floor":29,"gold_loss":0,"cards_obtained":["Pommel Strike"]},{"damage_healed":0,"gold_gain":0,"player_choice":"Ignored","damage_taken":0,"max_hp_gain":0,"max_hp_loss":0,"event_name":"Purifier","floor":36,"gold_loss":0},{"damage_healed":0,"gold_gain":0,"player_choice":"Memory 2","damage_taken":5,"max_hp_gain":0,"max_hp_loss":0,"event_name":"SensoryStone","floor":39,"gold_loss":0},{"cards_removed":["Brutality"],"damage_healed":0,"gold_gain":0,"player_choice":"Removed Power","damage_taken":0,"max_hp_gain":0,"max_hp_loss":0,"event_name":"Falling","floor":45,"gold_loss":0},{"damage_healed":0,"gold_gain":0,"player_choice":"Paid","damage_taken":0,"relics_obtained":["Red Mask"],"max_hp_gain":0,"max_hp_loss":0,"event_name":"Tomb of Lord Red Mask","floor":48,"gold_loss":58}],"is_beta":false,"boss_relics":[{"not_picked":["Runic Dome","Mark of Pain"],"picked":"Sozu"},{"not_picked":["Velvet Choker","Coffee Dripper"],"picked":"Astrolabe"}],"items_purged_floors":[],"is_endless":false,"potions_floor_spawned":[1,3,6,30,33,41],"killed_by":"Awakened One","ascension_level":0}}