{"host":"xc18ixkpjvqrt8st","time":1610942558,"event":{"mods":["Act Like it!","BaseMod","Better Match","Better Third Choice","Conspire","Hallownest","Hermit","Hubris","Infinite Spire","Minty Spire (QoL Compilation)","Replay The Spire","Robot Space Explorer","Shop Mod","Spicy Shops","StSLib","The Animator","The Jungle","The Marked"],"gold_per_floor":[210,210,224,255,15,48,48,60,85,105,105,135,166,183,183,295,295,299,299],"floor_reached":18,"language":"ENG","playtime":1811,"items_purged":[],"score":166,"play_id":"181a687a-db88-46e6-ae85-eb23c02013b3","local_time":"20210117220238","is_ascension_mode":false,"campfire_choices":[{"floor":7,"key":"REST"},{"floor":15,"key":"REST"}],"circlet_count":0,"master_deck":["animator:Strike_Konosuba","animator:Defend_Konosuba","animator:Strike","animator:Strike","animator:Strike","animator:Defend","animator:Defend","animator:Defend","animator:Kazuma","animator:Aqua+1","animator:Shichika","animator:MetalKnight","animator:Raven","animator:ElricEdward","animator:Elsword","animator:Aqua","animator:Chris","animator:Aisha","animator:Konayuki","animator:Elesis"],"relics":["animator:LivingPicture","animator:TheMissingPiece","Paper Crane","hubris:Zylophone"],"acts_visited":["Exordium","TheCity"],"potions_floor_usage":[6,16],"damage_taken":[{"damage":1,"enemies":"2 Louse","floor":1,"turns":4},{"damage":0,"enemies":"Small Slimes","floor":3,"turns":7},{"damage":15,"enemies":"Cultist","floor":4,"turns":6},{"damage":11,"enemies":"Replay:BlueRogue","floor":6,"turns":12},{"damage":12,"enemies":"2 Fungi Beasts","floor":8,"turns":5},{"damage":1,"enemies":"Gremlin Gang","floor":10,"turns":4},{"damage":4,"enemies":"Large Slime","floor":12,"turns":9},{"damage":6,"enemies":"2 Fungi Beasts","floor":13,"turns":4},{"damage":6,"enemies":"Looter","floor":14,"turns":3},{"damage":37,"enemies":"Fading Forest","floor":16,"turns":11},{"damage":18,"enemies":"3 Byrds","floor":18,"turns":4}],"seed_played":"-4981236533022948403","potions_obtained":[{"floor":3,"key":"Energy Potion"},{"floor":4,"key":"ColorlessPotion"},{"floor":10,"key":"Languid Potion"},{"floor":12,"key":"Venom Potion"}],"is_trial":false,"path_per_floor":["M","?","M","M","$","E","R","M","T","M","?","M","M","M","R","B",null,"M"],"character_chosen":"THE_ANIMATOR","items_purchased":["Paper Crane"],"campfire_rested":2,"item_purchase_floors":[5],"current_hp_per_floor":[65,65,66,54,54,46,65,57,57,59,59,60,59,58,67,42,68,52,52],"gold":299,"neow_bonus":"HUNDRED_GOLD","is_daily":false,"chose_seed":false,"campfire_upgraded":0,"win_rate":0.0,"timestamp":1610942558,"path_taken":["M","?","M","M","$","E","R","M","T","M","?","M","M","M","R","BOSS","M"],"items_purchased_type":["Relic"],"build_version":"2020-12-22","purchased_purges":0,"victory":false,"max_hp_per_floor":[66,66,66,66,66,66,66,67,67,67,67,67,67,67,67,68,68,68,68],"card_choices":[{"not_picked":["animator:WinryRockbell","animator:Geryuganshoop"],"picked":"animator:Shichika","floor":1},{"not_picked":["animator:PandorasActor","animator:Ara"],"picked":"animator:MetalKnight","floor":3},{"not_picked":["animator:Gluttony","animator:WinryRockbell"],"picked":"animator:Raven","floor":4},{"not_picked":["animator:WinryRockbell","animator:Sloth"],"picked":"animator:ElricEdward","floor":6},{"not_picked":["animator:ElricAlphonse","animator:ZankiKiguchi"],"picked":"animator:Elsword","floor":8},{"not_picked":["animator:Eve","animator:Vanir"],"picked":"animator:Aqua","floor":10},{"not_picked":["animator:Kazuma","animator:Azekura"],"picked":"animator:Chris","floor":12},{"not_picked":["animator:Raven","animator:Elsword"],"picked":"animator:Aisha","floor":13},{"not_picked":["animator:Sloth","animator:Ara"],"picked":"animator:Konayuki","floor":14},{"not_picked":["animator:Ainz","animator:HigakiRinne"],"picked":"animator:Elesis","floor":16}],"player_experience":534995,"relics_obtained":[{"floor":6,"key":"hubris:Zylophone"}],"event_choices":[{"damage_healed":0,"gold_gain":0,"player_choice":"Grow","damage_taken":0,"max_hp_gain":0,"max_hp_loss":0,"event_name":"Living Wall","floor":2,"gold_loss":0,"cards_upgraded":["animator:Aqua"]},{"damage_healed":0,"gold_gain":0,"player_choice":"Ignored","damage_taken":0,"max_hp_gain":0,"max_hp_loss":0,"event_name":"Purifier","floor":11,"gold_loss":0}],"is_beta":false,"boss_relics":[{"not_picked":["Ectoplasm","Replay:Wanted Poster","hubris:TerracottaHorce"]}],"items_purged_floors":[],"is_endless":false,"potions_floor_spawned":[3,4,10,12,13],"killed_by":"3 Byrds","ascension_level":0}}