{"host":"qksop9n5mnq4zoi8","time":1610990936,"event":{"mods":["Act Like it!","Astrologer","BaseMod","BetterRewards","Conspire","GifTheSpireLib","Highlight Path","Infinite Spire","Lobotomy","Minty Spire (QoL Compilation)","Shop Mod","StSLib","The Alterego","The Cursed","The Factory","The Mystic","The Necromancer","vexMod"],"gold_per_floor":[119,65,84,96,111,111,111],"floor_reached":6,"language":"ENG","playtime":853,"items_purged":[],"score":38,"play_id":"360c6381-7431-4037-a3e4-650dd3bf208b","local_time":"20210118152856","is_ascension_mode":false,"campfire_choices":[],"circlet_count":0,"master_deck":["TheCursedMod:Strike_TheCursed","TheCursedMod:Strike_TheCursed","TheCursedMod:Strike_TheCursed","TheCursedMod:Strike_TheCursed","TheCursedMod:Defend_TheCursed","TheCursedMod:Defend_TheCursed","TheCursedMod:Defend_TheCursed","TheCursedMod:Defend_TheCursed","TheCursedMod:CursedWand","TheCursedMod:CleanUpWorkshop","TheCursedMod:Dregs","UniverseFragment","TheCursedMod:Obscuration","TheCursedMod:CircleOfCorruption","Freischutz","TheCursedMod:SpitefulStrike","PunishingBird","TheCursedMod:ShockAndAwe","CrumblingArmor","TheCursedMod:ReleasedStrength"],"relics":["TheCursedMod:BlackMagic101","CogitoBucket"],"acts_visited":["Exordium"],"potions_floor_usage":[],"damage_taken":[{"damage":1,"enemies":"Cultist","floor":1,"turns":6},{"damage":0,"enemies":"Jaw Worm","floor":3,"turns":4},{"damage":0,"enemies":"Small Slimes","floor":4,"turns":3},{"damage":1,"enemies":"2 Fungi Beasts","floor":5,"turns":2},{"damage":87,"enemies":"Gremlin Nob","floor":6,"turns":1}],"seed_played":"-7130760796134440264","potions_obtained":[{"floor":5,"key":"BlessingOfTheForge"}],"is_trial":false,"path_per_floor":["M","$","M","M","M","E"],"character_chosen":"THE_CURSED","items_purchased":["TheCursedMod:CircleOfCorruption"],"campfire_rested":0,"item_purchase_floors":[2],"current_hp_per_floor":[74,74,74,74,73,0,0],"gold":111,"neow_bonus":"","is_daily":false,"chose_seed":false,"campfire_upgraded":0,"win_rate":0.0,"timestamp":1610990936,"path_taken":["M","$","M","M","M","E"],"items_purchased_type":["Card"],"build_version":"2020-12-22","purchased_purges":0,"victory":false,"max_hp_per_floor":[75,75,75,75,75,75,75],"card_choices":[{"not_picked":["CherryBlossoms","LongBird"],"picked":"UniverseFragment","floor":1},{"not_picked":["TheCursedMod:HellsGateOpen","TheCursedMod:VitalStrike"],"picked":"TheCursedMod:Obscuration","floor":1},{"not_picked":["BeautyBeast","OSAHOGD"],"picked":"Freischutz","floor":3},{"not_picked":["TheCursedMod:EmpowerCircles","TheCursedMod:Obscuration"],"picked":"TheCursedMod:SpitefulStrike","floor":3},{"not_picked":["CrumblingArmor","VoidDream","LongBird"],"picked":"Singing Bowl","floor":4},{"not_picked":["MHz","Yin"],"picked":"PunishingBird","floor":4},{"not_picked":["TheCursedMod:AshesToAshes","TheCursedMod:AbyssShockwave"],"picked":"TheCursedMod:ShockAndAwe","floor":4},{"not_picked":["Bloodbath","Murderer"],"picked":"CrumblingArmor","floor":5},{"not_picked":["TheCursedMod:DoubleShield","TheCursedMod:Stigma"],"picked":"TheCursedMod:ReleasedStrength","floor":5}],"player_experience":177222,"relics_obtained":[],"event_choices":[],"is_beta":false,"boss_relics":[],"items_purged_floors":[],"is_endless":false,"potions_floor_spawned":[5],"killed_by":"Gremlin Nob","ascension_level":0}}