{"host":"dpbezu80jg8zk7un","time":1610971240,"event":{"mods":["BaseMod","Colored Map","Colored Powertips","Custom Start","DeckTracker","Minty Spire (QoL Compilation)","Quick Restart","StSLib","SuperFastMode"],"gold_per_floor":[361,361,373,373,391,391,391,404,404,72,92,117,117,134,134,205,205,223,223,223,223,223,223,242,254,333,349,349,106,133,149,149,227,227,245,245,100,112,131,161,86,86,86,103,103,122,150,150,150,150,150,150,150,62,87,87],"floor_reached":57,"language":"KOR","playtime":2423,"items_purged":["Strike_P","Strike_P","Strike_P","Defend_P","EmptyFist"],"score":2939,"play_id":"9b9d2bce-afe2-4dad-823c-7e67f7593d51","local_time":"20210118210040","is_ascension_mode":true,"campfire_choices":[{"data":"Eruption","floor":7.0,"key":"SMITH"},{"data":"Adaptation","floor":15.0,"key":"SMITH"},{"data":"Meditate","floor":23.0,"key":"SMITH"},{"floor":28.0,"key":"REST"},{"floor":32.0,"key":"REST"},{"data":"MentalFortress","floor":42.0,"key":"SMITH"},{"floor":49.0,"key":"RECALL"},{"data":"Vigilance","floor":53.0,"key":"SMITH"}],"circlet_count":0,"master_deck":["AscendersBane","Eruption+1","Vigilance+1","FlurryOfBlows","FlurryOfBlows","Adaptation+1","Meditate+1","Establishment","SandsOfTime+1","MentalFortress+1","Protect+1","Flash of Steel","EmptyMind+1","Vault+1","InnerPeace+1","DeusExMachina+1"],"relics":["PureWater","Shuriken","Du-Vu Doll","Membership Card","Ornamental Fan","InkBottle","SacredBark","Pantograph","Singing Bowl","Toxic Egg 2","Astrolabe","Bag of Marbles","Gambling Chip","Gremlin Horn","Nunchaku","Akabeko"],"acts_visited":["Exordium","TheCity","TheBeyond","TheEnding"],"potions_floor_usage":[56,56],"damage_taken":[{"damage":0.0,"enemies":"Jaw Worm","floor":1.0,"turns":3.0},{"damage":5.0,"enemies":"Small Slimes","floor":3.0,"turns":4.0},{"damage":1.0,"enemies":"Cultist","floor":5.0,"turns":4.0},{"damage":8.0,"enemies":"Blue Slaver","floor":8.0,"turns":3.0},{"damage":0.0,"enemies":"2 Fungi Beasts","floor":11.0,"turns":3.0},{"damage":8.0,"enemies":"Gremlin Nob","floor":12.0,"turns":3.0},{"damage":2.0,"enemies":"Looter","floor":14.0,"turns":3.0},{"damage":29.0,"enemies":"The Guardian","floor":16.0,"turns":10.0},{"damage":7.0,"enemies":"Shell Parasite","floor":18.0,"turns":3.0},{"damage":0.0,"enemies":"Chosen","floor":24.0,"turns":2.0},{"damage":14.0,"enemies":"Snecko","floor":25.0,"turns":3.0},{"damage":23.0,"enemies":"Shelled Parasite and Fungi","floor":27.0,"turns":5.0},{"damage":13.0,"enemies":"Book of Stabbing","floor":30.0,"turns":5.0},{"damage":4.0,"enemies":"Centurion and Healer","floor":31.0,"turns":4.0},{"damage":2.0,"enemies":"Collector","floor":33.0,"turns":4.0},{"damage":0.0,"enemies":"Orb Walker","floor":35.0,"turns":3.0},{"damage":0.0,"enemies":"3 Darklings","floor":38.0,"turns":3.0},{"damage":4.0,"enemies":"Jaw Worm Horde","floor":39.0,"turns":3.0},{"damage":0.0,"enemies":"Giant Head","floor":40.0,"turns":3.0},{"damage":2.0,"enemies":"Spire Growth","floor":44.0,"turns":4.0},{"damage":0.0,"enemies":"Transient","floor":46.0,"turns":5.0},{"damage":0.0,"enemies":"Nemesis","floor":47.0,"turns":4.0},{"damage":46.0,"enemies":"Time Eater","floor":50.0,"turns":10.0},{"damage":0.0,"enemies":"Awakened One","floor":51.0,"turns":3.0},{"damage":0,"enemies":"Shield and Spear","floor":55,"turns":2},{"damage":33,"enemies":"The Heart","floor":56,"turns":6}],"seed_played":"-5772361609350983755","potions_obtained":[{"floor":1.0,"key":"SpeedPotion"},{"floor":11.0,"key":"SpeedPotion"},{"floor":14.0,"key":"SneckoOil"},{"floor":16.0,"key":"GamblersBrew"},{"floor":24.0,"key":"SteroidPotion"},{"floor":31.0,"key":"BlessingOfTheForge"},{"floor":35.0,"key":"PowerPotion"},{"floor":40.0,"key":"DuplicationPotion"}],"is_trial":false,"path_per_floor":["M","?","M","T","M","?","R","M","T","$","M","E","?","M","R","B",null,"M","?","?","?","?","R","M","M","T","M","R","$","E","M","R","B",null,"M","?","$","M","M","E","$","R","T","M","?","M","E","T","R","B","B",null,"R","$","E","B",null],"character_chosen":"WATCHER","items_purchased":["Membership Card","Ornamental Fan","Flash of Steel","Singing Bowl","Bag of Marbles"],"campfire_rested":2,"item_purchase_floors":[10,10,29,29,37],"current_hp_per_floor":[43,43,38,38,37,37,37,29,29,29,29,21,43,41,41,12,54,47,47,47,47,47,47,47,33,33,10,30,30,19,15,36,59,67,69,69,69,71,69,71,71,71,71,71,71,73,75,75,75,38,63,79,79,79,81,53],"gold":87,"neow_bonus":"TWO_FIFTY_GOLD","is_daily":false,"chose_seed":false,"campfire_upgraded":5,"win_rate":0.0,"timestamp":1610971240,"path_taken":["M","?","M","?","M","?","R","M","T","$","?","E","?","M","R","BOSS","M","?","?","?","?","R","?","M","T","M","R","$","E","M","R","BOSS","M","?","$","?","M","E","?","R","T","M","?","M","E","?","R","BOSS","BOSS","R","$","E","BOSS"],"items_purchased_type":["Relic","Relic","Card","Relic","Relic"],"build_version":"2020-12-22","purchased_purges":5,"victory":true,"max_hp_per_floor":[68,68,68,68,68,68,68,68,68,68,68,68,68,68,68,68,68,68,68,68,68,68,68,68,68,68,68,68,68,70,70,70,70,70,72,72,72,74,76,78,78,78,78,80,80,82,84,84,84,84,84,84,84,84,86,86],"card_choices":[{"not_picked":["ReachHeaven","PathToVictory","BowlingBash"],"picked":"SKIP","floor":1.0},{"not_picked":["WreathOfFlame","Protect","Crescendo"],"picked":"SKIP","floor":3.0},{"not_picked":["ThirdEye","FlyingSleeves"],"picked":"FlurryOfBlows","floor":5.0},{"not_picked":["Indignation","ForeignInfluence"],"picked":"Adaptation","floor":8.0},{"not_picked":["PathToVictory","BowlingBash","SashWhip"],"picked":"SKIP","floor":11.0},{"not_picked":["Blasphemy","Crescendo","PathToVictory"],"picked":"SKIP","floor":12.0},{"not_picked":["FollowUp","Pray"],"picked":"Meditate","floor":14.0},{"not_picked":["Vault","Omniscience"],"picked":"Establishment","floor":16.0},{"not_picked":["Halt","Indignation"],"picked":"SandsOfTime+1","floor":18.0},{"not_picked":["FlyingSleeves","Meditate"],"picked":"EmptyFist","floor":24.0},{"not_picked":["BowlingBash","Halt"],"picked":"Protect+1","floor":25.0},{"not_picked":["WreathOfFlame","CrushJoints","Conclude+1"],"picked":"SKIP","floor":27.0},{"not_picked":["PathToVictory+1","Alpha+1","BowlingBash"],"picked":"Singing Bowl","floor":30.0},{"not_picked":["Tantrum","SignatureMove"],"picked":"EmptyMind+1","floor":31.0},{"not_picked":["Devotion","DeusExMachina+1"],"picked":"Vault+1","floor":33.0},{"not_picked":["WheelKick+1","Wireheading","Evaluate+1"],"picked":"Singing Bowl","floor":35.0},{"not_picked":["ClearTheMind+1","Vengeance+1","EmptyFist"],"picked":"Singing Bowl","floor":38.0},{"not_picked":["InnerPeace+1","LikeWater","JustLucky+1"],"picked":"Singing Bowl","floor":39.0},{"not_picked":["Swivel+1","FlyingSleeves+1","ReachHeaven"],"picked":"Singing Bowl","floor":40.0},{"not_picked":["Protect+1","FlyingSleeves+1","Devotion"],"picked":"Singing Bowl","floor":44.0},{"not_picked":["Halt+1","Wallop","SashWhip+1"],"picked":"Singing Bowl","floor":46.0},{"not_picked":["Consecrate","CutThroughFate+1","Prostrate+1"],"picked":"Singing Bowl","floor":47.0},{"not_picked":["Worship+1","CrushJoints","Conclude"],"picked":"Singing Bowl","floor":55}],"player_experience":2889171,"relics_obtained":[{"floor":4.0,"key":"Shuriken"},{"floor":9.0,"key":"Du-Vu Doll"},{"floor":12.0,"key":"InkBottle"},{"floor":26.0,"key":"Pantograph"},{"floor":30.0,"key":"Toxic Egg 2"},{"floor":40.0,"key":"Gambling Chip"},{"floor":47.0,"key":"Gremlin Horn"},{"floor":48.0,"key":"Nunchaku"},{"floor":55,"key":"Akabeko"}],"event_choices":[{"damage_healed":0.0,"max_hp_gain":0.0,"max_hp_loss":0.0,"gold_gain":0.0,"event_name":"Liars Game","player_choice":"Ignored","floor":2.0,"gold_loss":0.0,"damage_taken":0.0},{"damage_healed":0.0,"max_hp_gain":0.0,"max_hp_loss":0.0,"gold_gain":0.0,"cards_transformed":["Defend_P"],"event_name":"Transmorgrifier","player_choice":"Transformed","floor":6.0,"gold_loss":0.0,"damage_taken":0.0,"cards_obtained":["FlurryOfBlows"]},{"damage_healed":22.0,"max_hp_gain":0.0,"max_hp_loss":0.0,"gold_gain":0.0,"event_name":"Big Fish","player_choice":"Banana","floor":13.0,"gold_loss":0.0,"damage_taken":0.0},{"damage_healed":0.0,"max_hp_gain":0.0,"max_hp_loss":0.0,"gold_gain":0.0,"event_name":"The Library","player_choice":"Read","floor":19.0,"gold_loss":0.0,"damage_taken":0.0,"cards_obtained":["MentalFortress"]},{"damage_healed":0.0,"max_hp_gain":0.0,"max_hp_loss":0.0,"gold_gain":0.0,"event_name":"Vampires","player_choice":"Ignored","floor":20.0,"gold_loss":0.0,"damage_taken":0.0},{"damage_healed":0.0,"max_hp_gain":0.0,"max_hp_loss":0.0,"gold_gain":0.0,"event_name":"Cursed Tome","player_choice":"Ignored","floor":21.0,"gold_loss":0.0,"damage_taken":0.0},{"damage_healed":0.0,"max_hp_gain":0.0,"max_hp_loss":0.0,"gold_gain":0.0,"event_name":"Ghosts","player_choice":"Ignored","floor":22.0,"gold_loss":0.0,"damage_taken":0.0},{"damage_healed":0.0,"max_hp_gain":0.0,"max_hp_loss":0.0,"gold_gain":0.0,"event_name":"SecretPortal","player_choice":"Ignored","floor":36.0,"gold_loss":0.0,"damage_taken":0.0},{"cards_removed":["Devotion"],"damage_healed":0.0,"max_hp_gain":0.0,"max_hp_loss":0.0,"gold_gain":0.0,"event_name":"Falling","player_choice":"Removed Power","floor":45.0,"gold_loss":0.0,"damage_taken":0.0}],"is_beta":false,"boss_relics":[{"not_picked":["Fusion Hammer","Cursed Key"],"picked":"SacredBark"},{"not_picked":["Velvet Choker","Pandora\u0027s Box"],"picked":"Astrolabe"}],"items_purged_floors":[10,29,37,41,54],"is_endless":false,"potions_floor_spawned":[1,11,14,16,24,31,35,38,40,55],"ascension_level":20}}