{"host":"vlqejv0notyktumz","time":1610997047,"event":{"mods":["AchievementEnabler","BaseMod","Colored Map","Colored Powertips","Downfall","Googly Eyes","Minty Spire (QoL Compilation)","StSLib"],"gold_per_floor":[359,374,72,86,103,137,137,137,162,3,17,17,49,49,49,152,152,171,271,285,91,91,91],"floor_reached":22,"language":"ENG","playtime":538,"items_purged":["Defend_B","Parasite","Strike_B"],"score":272,"play_id":"313a82ff-089b-4991-b35a-757db3ff2e75","local_time":"20210118131047","is_ascension_mode":true,"campfire_choices":[{"data":"Redo","floor":7,"key":"SMITH"},{"floor":15,"key":"REST"}],"circlet_count":0,"master_deck":["Strike_B","Strike_B","Strike_B","Defend_B+1","Defend_B+1","Zap+1","Dualcast","Redo+1","Conserve Battery","FTL","Leap","Loop+1","Streamline","FTL","Conserve Battery","Thunder Strike","Hologram+1","Lockon+1","Undo"],"relics":["Cracked Core","War Paint","Ancient Tea Set","MawBank","Lantern","Philosopher\u0027s Stone"],"acts_visited":["Exordium","TheCity"],"potions_floor_usage":[18,18],"damage_taken":[{"damage":3,"enemies":"2 Louse","floor":1,"turns":3},{"damage":0,"enemies":"Small Slimes","floor":2,"turns":3},{"damage":0,"enemies":"Jaw Worm","floor":4,"turns":2},{"damage":3,"enemies":"Blue Slaver","floor":5,"turns":3},{"damage":25,"enemies":"3 Sentries","floor":6,"turns":9},{"damage":6,"enemies":"Lots of Slimes","floor":11,"turns":3},{"damage":16,"enemies":"Lagavulin","floor":13,"turns":5},{"damage":25,"enemies":"The Guardian","floor":16,"turns":10},{"damage":21,"enemies":"3 Byrds","floor":18,"turns":2},{"damage":8,"enemies":"Shell Parasite","floor":20,"turns":4},{"damage":25,"enemies":"Cultist and Chosen","floor":22,"turns":4}],"seed_played":"-6012016944921494791","potions_obtained":[{"floor":1,"key":"SteroidPotion"},{"floor":13,"key":"Ancient Potion"},{"floor":16,"key":"LiquidBronze"},{"floor":20,"key":"sneckomod:MuddlingPotion"}],"is_trial":false,"path_per_floor":["M","M","$","M","M","E","R","?","T","$","M","?","E","?","R","B",null,"M","?","M","$","M"],"character_chosen":"DEFECT","items_purchased":["War Paint","FTL","FTL","Undo"],"campfire_rested":1,"item_purchase_floors":[3,3,10,21],"current_hp_per_floor":[65,65,65,65,62,37,37,54,54,54,48,48,32,19,38,13,52,31,31,23,23,0,0],"gold":91,"neow_bonus":"TWO_FIFTY_GOLD","is_daily":false,"chose_seed":false,"campfire_upgraded":1,"win_rate":0.0,"timestamp":1610997047,"path_taken":["M","M","$","M","M","E","R","?","T","$","M","?","E","?","R","BOSS","M","?","?","$","M"],"items_purchased_type":["Relic","Card","Card","Card"],"build_version":"2020-12-22","purchased_purges":3,"victory":false,"max_hp_per_floor":[68,68,68,68,68,68,68,68,68,65,65,65,65,65,65,65,65,65,65,65,65,65,65],"card_choices":[{"not_picked":["Scrape","Stack"],"picked":"Redo","floor":1},{"not_picked":["Melter","Fusion"],"picked":"Conserve Battery","floor":2},{"not_picked":["Conserve Battery","Doom and Gloom"],"picked":"Leap","floor":4},{"not_picked":["Compile Driver","Steam"],"picked":"Loop","floor":5},{"not_picked":["Fusion","Gash"],"picked":"Streamline","floor":6},{"not_picked":["White Noise","Reboot"],"picked":"Conserve Battery","floor":11},{"not_picked":["Scrape","Skim","Stack"],"picked":"SKIP","floor":13},{"not_picked":["Machine Learning","Hyperbeam"],"picked":"Thunder Strike","floor":16},{"not_picked":["Steam","Heatsinks"],"picked":"Hologram+1","floor":18},{"not_picked":["Recycle","Sweeping Beam"],"picked":"Lockon+1","floor":20}],"player_experience":358037,"relics_obtained":[{"floor":6,"key":"Ancient Tea Set"},{"floor":9,"key":"MawBank"},{"floor":13,"key":"Lantern"}],"event_choices":[{"damage_healed":17,"gold_gain":0,"player_choice":"Healed and dodged fight","damage_taken":0,"max_hp_gain":0,"max_hp_loss":0,"event_name":"Mushrooms","floor":8,"gold_loss":0,"cards_obtained":["Parasite"]},{"cards_removed":["Defend_B"],"damage_healed":0,"gold_gain":0,"player_choice":"Forget","damage_taken":0,"max_hp_gain":0,"max_hp_loss":0,"event_name":"Living Wall","floor":12,"gold_loss":0},{"damage_healed":0,"gold_gain":0,"player_choice":"Entered Light","damage_taken":13,"max_hp_gain":0,"max_hp_loss":0,"event_name":"Shining Light","floor":14,"gold_loss":0,"cards_upgraded":["Loop","Defend_B"]},{"damage_healed":0,"gold_gain":100,"player_choice":"Pray","damage_taken":0,"max_hp_gain":0,"max_hp_loss":0,"event_name":"Golden Shrine","floor":19,"gold_loss":0}],"is_beta":false,"boss_relics":[{"not_picked":["FrozenCore","Ectoplasm"],"picked":"Philosopher\u0027s Stone"}],"items_purged_floors":[3,10,21],"is_endless":false,"potions_floor_spawned":[1,13,16,20],"killed_by":"Cultist and Chosen","ascension_level":8}}