{"host":"y726iemdj1t5bvru","time":1610957222,"event":{"mods":["Act Like it!","BaseMod","HololiveMod","Marisa£®ÏF”Í°°ƒß¿Ì…≥£©","Minty Spire (QoL Compilation)","Reimu£®≤©¿ˆ¡È√Œ£©","Remilia£®¿Ÿ√◊¿Ú—«£©","Replay The Spire","Shop Mod","StSLib","The Servant 0.9.4","Waifu the Spire","Youmu£®ªÍ∆«—˝√Œ£©","[IsaacMod]“‘»ˆº‚À˛"],"gold_per_floor":[111,14,14,14,14,14,34,109,124,124,124,142,142,167,180,200,200,274,274,294,310,310,322,372,419,461,504,516,541,553,14,14,25,25,126,126,120,131,131,131,16,16,0,0,0,52,64,89,89,108,108,92],"floor_reached":53,"language":"ZHS","playtime":3606,"items_purged":["Doubt"],"score":1184,"play_id":"3b0d8291-27be-414c-b272-ac02cadcaaf0","local_time":"20210118160702","is_ascension_mode":true,"campfire_choices":[{"floor":17,"key":"REST"},{"floor":51,"key":"DIG"}],"circlet_count":0,"master_deck":["Strike_S","Strike_S","Strike_S","Defend_S","Defend_S","Defend_S","Defend_S","KidneyShot","Exchange","TrueSight+1","TimeWarp","ReturningBlade","InstantArmor","Read","BottledTime","ShatteredReality","TimeTheft","FloweringNight","Potential","ForgedInTime","BottledTime","Injury","Dilation","Luminosity","ShatteredReality","Barrier","Hololive_RevenueRecovery","FlawlessForm","Luminosity+1","Spin+1","Sadistic Nature","DancingSilver+1","Rewind+1","Decay","Gouge+1","ReturningBlade+1"],"relics":["Uniform","HushsDoor","The Courier","Sundial","Singing Bowl","Juzu Bracelet","HowToJump","Blue Candle","TuHaoJin","Velvet Choker","GuppysHairball","Ring of Greed","ReplayTheSpireMod:Ring of Addiction","MawBank","Membership Card","Chameleon Ring","SacredBark","Replay:Arrowhead","TheBean","Shuriken","Molten Egg 2","MealTicket","Strange Spoon","Centennial Puzzle","Bag of Preparation","ScarletDevilRocket","Lantern","Garlic","Honey Jar","GuppysCollar","Kunai","Red Mask","Replay:Bottled Snecko","GuppysPaw","Mango","Divine Protection","Pear"],"acts_visited":["Exordium","TheCity","TheBeyond"],"potions_floor_usage":[7,12,12,12,14,14,18,25,27,27,27,27,35,35,37,46,46,52,52,52,52],"damage_taken":[{"damage":10,"enemies":"Cultist","floor":1,"turns":5},{"damage":5,"enemies":"Jaw Worm","floor":7,"turns":4},{"damage":7,"enemies":"2 Louse","floor":9,"turns":3},{"damage":4,"enemies":"2 Fungi Beasts","floor":12,"turns":5},{"damage":7,"enemies":"3 Sentries","floor":14,"turns":8},{"damage":9,"enemies":"Exordium Wildlife","floor":15,"turns":5},{"damage":0,"enemies":"Large Slime","floor":16,"turns":5},{"damage":16,"enemies":"The Guardian","floor":18,"turns":21},{"damage":17,"enemies":"Shell Parasite","floor":20,"turns":7},{"damage":7,"enemies":"Spheric Guardian","floor":21,"turns":5},{"damage":2,"enemies":"Snecko","floor":23,"turns":5},{"damage":10,"enemies":"Gremlin Leader","floor":25,"turns":7},{"damage":8,"enemies":"Book of Stabbing","floor":27,"turns":4},{"damage":14,"enemies":"Snake Plant","floor":29,"turns":5},{"damage":21,"enemies":"Sentry and Sphere","floor":33,"turns":6},{"damage":4,"enemies":"Champ","floor":35,"turns":9},{"damage":2,"enemies":"3 Darklings","floor":37,"turns":8},{"damage":18,"enemies":"3 Shapes","floor":38,"turns":4},{"damage":0,"enemies":"2 Orb Walkers","floor":46,"turns":4},{"damage":0,"enemies":"Sphere and 2 Shapes","floor":47,"turns":4},{"damage":0,"enemies":"Nemesis","floor":48,"turns":3},{"damage":0,"enemies":"R_Hoarder","floor":50,"turns":4},{"damage":0,"enemies":"Awakened One","floor":52,"turns":6}],"seed_played":"8833503241941726684","potions_obtained":[{"floor":1,"key":"Strength Potion"},{"floor":7,"key":"ColorlessPotion"},{"floor":15,"key":"Block Potion"},{"floor":24,"key":"Adrenaline Potion"},{"floor":24,"key":"DuplicationPotion"},{"floor":24,"key":"PowerPotion"},{"floor":25,"key":"SpeedPotion"},{"floor":26,"key":"CultistPotion"},{"floor":27,"key":"Fruit Juice"},{"floor":33,"key":"Fire Potion"},{"floor":34,"key":"Strength Potion"},{"floor":34,"key":"Ancient Potion"},{"floor":42,"key":"CultistPotion"},{"floor":42,"key":"GamblersBrew"},{"floor":44,"key":"LiquidBronze"},{"floor":44,"key":"FearPotion"},{"floor":46,"key":"LiquidBronze"},{"floor":47,"key":"FearPotion"},{"floor":48,"key":"LiquidMemories"},{"floor":49,"key":"Doom Potion"},{"floor":49,"key":"SneckoOil"},{"floor":50,"key":"Adrenaline Potion"}],"is_trial":false,"path_per_floor":["M","$","?","$","PTL","PTL","M","?","M","?","T","M","T","E","M","M","R","B",null,"M","M","?","M","?","E","?","E","T","M","?","$","T","M","R","B",null,"M","M","?","?","$","R","?","R","T","?","M","E","R","E","R","B",null],"character_chosen":"THE_SERVANT","items_purchased":["ReturningBlade","Fire Potion","GuppysHairball","Luminosity","ShatteredReality","Molten Egg 2","MealTicket","Strange Spoon","Centennial Puzzle","Bag of Preparation","ScarletDevilRocket","Lantern","GuppysCollar","Kunai","Strength Potion"],"campfire_rested":1,"item_purchase_floors":[2,2,19,31,31,31,31,31,31,31,31,31,36,41,41],"current_hp_per_floor":[49,49,42,42,42,42,37,26,19,19,19,17,17,17,8,8,28,12,46,31,26,26,24,24,14,14,21,21,9,35,35,35,14,14,10,48,46,28,28,28,43,43,43,43,43,45,45,61,61,63,73,73],"gold":92,"neow_bonus":"ONE_RANDOM_RARE_CARD","is_daily":false,"chose_seed":false,"campfire_upgraded":0,"win_rate":0.0,"timestamp":1610957222,"path_taken":["M","$","?","$","PTL","PTL","M","?","M","?","T","M","?","E","M","M","R","BOSS","M","M","?","M","?","E","?","E","T","M","?","$","?","M","R","BOSS","M","M","?","?","$","R","?","R","T","?","M","E","R","E","R","BOSS"],"items_purchased_type":["Card","Potion","Relic","Card","Card","Relic","Relic","Relic","Relic","Relic","Relic","Relic","Relic","Relic","Potion"],"build_version":"2020-12-22","purchased_purges":1,"victory":true,"max_hp_per_floor":[65,65,65,65,65,65,65,65,65,65,65,67,67,67,67,67,67,67,57,59,61,61,61,61,61,61,76,76,78,78,76,76,76,74,74,61,61,61,61,61,59,59,59,57,57,59,59,75,75,75,85,85],"card_choices":[{"not_picked":[],"picked":"ChaosCard","floor":0},{"not_picked":["Starlight","Comet"],"picked":"TimeWarp","floor":1},{"not_picked":["Unruled","Replace"],"picked":"InstantArmor","floor":7},{"not_picked":["Alleviate","Comet"],"picked":"Read","floor":9},{"not_picked":["TrueSight","Foresight","Reset"],"picked":"Singing Bowl","floor":12},{"not_picked":["Collapse","InstantArmor"],"picked":"BottledTime","floor":14},{"not_picked":["Alleviate","Starlight"],"picked":"ShatteredReality","floor":15},{"not_picked":["Revamp","Potential"],"picked":"TimeTheft","floor":16},{"not_picked":["Deny","Initiator"],"picked":"FloweringNight","floor":18},{"not_picked":["Spin+1","RealityMarble","Alleviate"],"picked":"Singing Bowl","floor":20},{"not_picked":["DancingSilver","Defy+1","Starlight"],"picked":"Singing Bowl","floor":21},{"not_picked":["DancingSilver","BottledTime"],"picked":"Potential","floor":23},{"not_picked":["FastForward","Gouge"],"picked":"ForgedInTime","floor":25},{"not_picked":["Unruled","Ricochet"],"picked":"BottledTime","floor":26},{"not_picked":["Unruled","FanOfKnives"],"picked":"Dilation","floor":27},{"not_picked":["Defy","Moondial+1","DoubleEdge"],"picked":"Singing Bowl","floor":29},{"not_picked":["BestPractice+1","Rewind+1"],"picked":"Barrier","floor":33},{"not_picked":["Initiator+1","PendulumOfEternity+1"],"picked":"FlawlessForm","floor":35},{"not_picked":["Shuttle+1","InstantArmor+1","DoubleEdge+1"],"picked":"Luminosity+1","floor":37},{"not_picked":["FastForward+1","SilverBlades+1","Ricochet+1"],"picked":"Spin+1","floor":38},{"not_picked":["Replay:Parry+1","Enlightenment","ReplayTheSpireMod:Private Reserves"],"picked":"Sadistic Nature","floor":39},{"not_picked":["Starlight+1","Barrier","DancingSilver+1","Ricochet+1"],"picked":"Singing Bowl","floor":46},{"not_picked":["Reset","Read+1","Alleviate"],"picked":"Rewind+1","floor":47},{"not_picked":["Potential+1","Gouge+1","Starlight+1","Rewind"],"picked":"Singing Bowl","floor":48},{"not_picked":["Unruled+1","Rewind","ReturningBlade+1","Sabotage+1"],"picked":"Singing Bowl","floor":50}],"player_experience":395779,"relics_obtained":[{"floor":1,"key":"The Courier"},{"floor":7,"key":"Sundial"},{"floor":9,"key":"Singing Bowl"},{"floor":11,"key":"Juzu Bracelet"},{"floor":12,"key":"HowToJump"},{"floor":13,"key":"Blue Candle"},{"floor":14,"key":"TuHaoJin"},{"floor":24,"key":"Ring of Greed"},{"floor":24,"key":"ReplayTheSpireMod:Ring of Addiction"},{"floor":24,"key":"MawBank"},{"floor":24,"key":"Membership Card"},{"floor":24,"key":"Chameleon Ring"},{"floor":24,"key":"SacredBark"},{"floor":25,"key":"Replay:Arrowhead"},{"floor":27,"key":"TheBean"},{"floor":28,"key":"Shuriken"},{"floor":32,"key":"Garlic"},{"floor":45,"key":"Replay:Bottled Snecko"},{"floor":46,"key":"GuppysPaw"},{"floor":48,"key":"Mango"},{"floor":50,"key":"Divine Protection"},{"floor":51,"key":"Pear"}],"event_choices":[{"cards_removed":["Strike_S"],"damage_healed":0,"gold_gain":0,"player_choice":"Card Removal","damage_taken":7,"max_hp_gain":0,"max_hp_loss":0,"event_name":"Golden Wing","floor":3,"gold_loss":0},{"damage_healed":0,"gold_gain":75,"player_choice":"Gather Gold","damage_taken":11,"max_hp_gain":0,"max_hp_loss":0,"event_name":"World of Goop","floor":8,"gold_loss":0},{"damage_healed":0,"gold_gain":0,"player_choice":"Grow","damage_taken":0,"max_hp_gain":0,"max_hp_loss":0,"event_name":"Living Wall","floor":10,"gold_loss":0,"cards_upgraded":["TrueSight"]},{"damage_healed":26,"gold_gain":0,"player_choice":"Heal","damage_taken":0,"max_hp_gain":0,"max_hp_loss":0,"event_name":"The Library","floor":30,"gold_loss":0},{"damage_healed":0,"gold_gain":0,"player_choice":"Memory 1","damage_taken":0,"max_hp_gain":0,"max_hp_loss":0,"event_name":"SensoryStone","floor":39,"gold_loss":0},{"damage_healed":0,"gold_gain":0,"player_choice":"Paid","damage_taken":0,"relics_obtained":["Red Mask"],"max_hp_gain":0,"max_hp_loss":0,"event_name":"Tomb of Lord Red Mask","floor":43,"gold_loss":16},{"damage_healed":0,"gold_gain":0,"player_choice":"Fight","damage_taken":0,"max_hp_gain":0,"max_hp_loss":0,"event_name":"Mysterious Sphere","floor":46,"gold_loss":0}],"is_beta":false,"boss_relics":[{"not_picked":["Sozu","Replay:Ancient Bell"],"picked":"Velvet Choker"},{"not_picked":[]},{"not_picked":["Runic Pyramid","Philosopher\u0027s Stone"],"picked":"Honey Jar"},{"not_picked":[]}],"items_purged_floors":[31],"is_endless":false,"potions_floor_spawned":[1,7,15,25,27,33,46,47,48,50],"ascension_level":7}}