{"host":"cavdxv3q5sroy46w","time":1610943611,"event":{"mods":["AchievementEnabler","BaseMod","Block Reminder","Colored Map","Colored Powertips","Hermit","Minty Spire (QoL Compilation)","Quick Restart","Relic Stats","Replay The Spire","Shop Mod","StSLib","The Bug Knight"],"gold_per_floor":[113,133,58,58,78,96,96,111,138,138,40,54,4,4,4,4,4],"floor_reached":16,"language":"ENG","playtime":505,"items_purged":["hermit:Strike_Hermit"],"score":92,"play_id":"d8eb15e2-e4b5-4252-ba3b-45edda1c217d","local_time":"20210117232011","is_ascension_mode":false,"campfire_choices":[{"data":"hermit:Misfire","floor":7,"key":"SMITH"},{"data":"hermit:Spite","floor":10,"key":"SMITH"},{"floor":15,"key":"REST"}],"circlet_count":0,"master_deck":["hermit:Strike_Hermit","hermit:Strike_Hermit","hermit:Strike_Hermit","hermit:Defend_Hermit","hermit:Defend_Hermit","hermit:Defend_Hermit","hermit:Defend_Hermit","hermit:Snapshot","hermit:Covet","hermit:Misfire+1","hermit:Determination","hermit:Spite+1","Parasite"],"relics":["hermit:Momento","ReplayFunnel","Boot"],"acts_visited":["Exordium"],"potions_floor_usage":[8,12,16],"damage_taken":[{"damage":4,"enemies":"Cultist","floor":1,"turns":4},{"damage":2,"enemies":"2 Louse","floor":2,"turns":3},{"damage":2,"enemies":"Small Slimes","floor":5,"turns":2},{"damage":19,"enemies":"Blue Slaver","floor":6,"turns":4},{"damage":6,"enemies":"Lots of Slimes","floor":8,"turns":4},{"damage":14,"enemies":"2 Fungi Beasts","floor":12,"turns":3},{"damage":69,"enemies":"Hexaghost","floor":16,"turns":9}],"seed_played":"919523127796253204","potions_obtained":[{"floor":1,"key":"Adrenaline Potion"}],"is_trial":false,"path_per_floor":["M","M","$","?","M","M","R","M","T","R","$","M","$","?","R_BF","B"],"character_chosen":"HERMIT","items_purchased":["Fruit Juice","AttackPotion"],"campfire_rested":1,"item_purchase_floors":[11,13],"current_hp_per_floor":[76,74,74,56,54,35,35,29,29,29,29,20,20,41,66,0,0],"gold":4,"neow_bonus":"RANDOM_EVENT","is_daily":false,"chose_seed":false,"campfire_upgraded":2,"win_rate":0.0,"timestamp":1610943611,"path_taken":["M","?","?","?","M","M","R","M","T","R","$","M","$","?","R_BF","BOSS"],"items_purchased_type":["Potion","Potion"],"build_version":"2020-12-22","purchased_purges":1,"victory":false,"max_hp_per_floor":[80,80,80,80,80,80,80,80,80,80,80,85,85,85,85,85,85],"relic_stats":{"counters":[7,29],"Boot":[0],"obtain_stats":[{"ReplayFunnel":4,"Boot":9,"hermit:Momento":0},{"ReplayFunnel":2,"Boot":5,"hermit:Momento":0},{"ReplayFunnel":7,"Boot":17,"hermit:Momento":0}]},"card_choices":[{"not_picked":["hermit:DeadMansHand","hermit:Scavenge"],"picked":"hermit:Misfire","floor":1},{"not_picked":["hermit:SprayPray","hermit:ShadowCloak"],"picked":"hermit:Determination","floor":2},{"not_picked":["hermit:ItchyTrigger","hermit:Desperado","hermit:Manifest"],"picked":"SKIP","floor":5},{"not_picked":["hermit:HighCaliber","hermit:Cheat","hermit:LoneWolf"],"picked":"SKIP","floor":6},{"not_picked":["hermit:Cheat","hermit:Glare"],"picked":"hermit:Spite","floor":8},{"not_picked":["hermit:Ricochet","hermit:Misfire","hermit:TakeCover"],"picked":"SKIP","floor":12}],"player_experience":256967,"relics_obtained":[{"floor":9,"key":"Boot"}],"event_choices":[{"damage_healed":0,"gold_gain":0,"player_choice":"Donut","damage_taken":0,"max_hp_gain":5,"max_hp_loss":0,"event_name":"Big Fish","floor":0,"gold_loss":0},{"damage_healed":0,"gold_gain":0,"player_choice":"Success","damage_taken":18,"relics_obtained":["ReplayFunnel"],"max_hp_gain":0,"max_hp_loss":0,"event_name":"Scrap Ooze","floor":4,"gold_loss":0},{"damage_healed":21,"gold_gain":0,"player_choice":"Healed and dodged fight","damage_taken":0,"max_hp_gain":0,"max_hp_loss":0,"event_name":"Mushrooms","floor":14,"gold_loss":0,"cards_obtained":["Parasite"]}],"is_beta":false,"boss_relics":[],"items_purged_floors":[3],"is_endless":false,"potions_floor_spawned":[1],"killed_by":"Hexaghost","ascension_level":0}}