{"host":"e52c7hvho6xny3hd","time":1610936976,"event":{"mods":["AchievementEnabler","BaseMod","Colored Map","DeckTracker","Minty Spire (QoL Compilation)","Permanent Neow","StSLib"],"gold_per_floor":[18,18,32,47,58,58,70,70,70,70,93,93,18,37,37,37,37],"floor_reached":16,"language":"KOR","playtime":472,"items_purged":["Strike_R"],"score":183,"play_id":"4aa925f6-4563-4b6b-91c0-c7737f431bad","local_time":"20210118112936","is_ascension_mode":true,"campfire_choices":[{"data":"Sword Boomerang","floor":6.0,"key":"SMITH"},{"data":"True Grit","floor":8,"key":"SMITH"},{"data":"Iron Wave","floor":10,"key":"SMITH"},{"data":"Body Slam","floor":15,"key":"SMITH"}],"circlet_count":0,"master_deck":["AscendersBane","Strike_R","Strike_R","Defend_R","Defend_R","Defend_R","Defend_R","Bash","Iron Wave+1","Blood for Blood","Twin Strike","Pommel Strike","Sword Boomerang+1","True Grit+1","Body Slam+1"],"relics":["Burning Blood","FossilizedHelix","CeramicFish"],"acts_visited":["Exordium"],"potions_floor_usage":[],"damage_taken":[{"damage":0.0,"enemies":"Small Slimes","floor":1.0,"turns":4.0},{"damage":0.0,"enemies":"Jaw Worm","floor":3.0,"turns":5.0},{"damage":0.0,"enemies":"2 Louse","floor":4.0,"turns":2.0},{"damage":0.0,"enemies":"2 Fungi Beasts","floor":5.0,"turns":3.0},{"damage":0,"enemies":"Looter","floor":7,"turns":2},{"damage":1,"enemies":"3 Louse","floor":11,"turns":5},{"damage":0,"enemies":"Red Slaver","floor":14,"turns":3},{"damage":5,"enemies":"The Guardian","floor":16,"turns":9}],"seed_played":"2929404023436258386","potions_obtained":[{"floor":1.0,"key":"SmokeBomb"},{"floor":11,"key":"BlessingOfTheForge"}],"is_trial":false,"path_per_floor":["M","?","M","M","M","R","M","R","T","R","M","?","$","M","R","B"],"character_chosen":"IRONCLAD","items_purchased":[],"campfire_rested":0,"item_purchase_floors":[],"current_hp_per_floor":[74,74,75,75,75,75,75,75,75,75,75,68,68,74,74,69,69],"gold":37,"neow_bonus":"ONE_RARE_RELIC","is_daily":false,"chose_seed":false,"campfire_upgraded":4,"win_rate":0.0,"timestamp":1610936976,"path_taken":["M","?","M","M","M","R","M","R","T","R","M","?","$","M","R","BOSS"],"items_purchased_type":[],"build_version":"2020-12-22","purchased_purges":1,"victory":false,"max_hp_per_floor":[75,75,75,75,75,75,75,75,75,75,75,75,75,75,75,75,75],"card_choices":[{"not_picked":["Fire Breathing","Shockwave"],"picked":"Iron Wave","floor":1.0},{"not_picked":["Headbutt","Shockwave"],"picked":"Twin Strike","floor":3.0},{"not_picked":["Warcry","Dual Wield"],"picked":"Pommel Strike","floor":4.0},{"not_picked":["Double Tap","Flex"],"picked":"Sword Boomerang","floor":5.0},{"not_picked":["Rage","Battle Trance"],"picked":"True Grit","floor":7},{"not_picked":["Uppercut","Pommel Strike"],"picked":"Body Slam","floor":11},{"not_picked":["Rupture","Wild Strike","Body Slam"],"picked":"SKIP","floor":14}],"player_experience":686074,"relics_obtained":[{"floor":9,"key":"CeramicFish"}],"event_choices":[{"damage_healed":0.0,"max_hp_gain":0.0,"max_hp_loss":0.0,"gold_gain":0.0,"cards_transformed":["Strike_R"],"event_name":"Living Wall","player_choice":"Change","floor":2.0,"gold_loss":0.0,"damage_taken":0.0,"cards_obtained":["Blood for Blood"]},{"cards_removed":["Strike_R"],"damage_healed":0,"gold_gain":0,"player_choice":"Card Removal","damage_taken":7,"max_hp_gain":0,"max_hp_loss":0,"event_name":"Golden Wing","floor":12,"gold_loss":0}],"is_beta":false,"boss_relics":[],"items_purged_floors":[13],"is_endless":false,"potions_floor_spawned":[1,11],"killed_by":"The Guardian","ascension_level":19}}