{"host":"mal0jdk4f6ubgyb8","time":1610999350,"event":{"mods":["100% Spire Juice","Act Like it!","Arknights The Spire","Aspiration","BaseMod","Gensokyo","Hallownest","Koishi","Luminous","Marisa£®ÏF”Í°°ƒß¿Ì…≥£©","Minty Spire (QoL Compilation)","Quick Restart","Reimu£®≤©¿ˆ¡È√Œ£©","Relic Stats","Remilia£®¿Ÿ√◊¿Ú—«£©","StSLib","The Bug Knight","WarShipGirlsR/’ΩΩ¢…Ÿ≈ÆR mod","Yakumo Yukari mod","Youmu£®ªÍ∆«—˝√Œ£©","Yuri Mod","Yuyuko"],"gold_per_floor":[110,143,143,168,186,186,220,105,152,152,7,36,61,84,84,189,189,212,224,153,165,165,208,260,300,300,300,300,318,338,367,367,477,477,502,502,502],"floor_reached":36,"language":"ZHS","playtime":3053,"items_purged":[],"score":442,"play_id":"d2a063d9-65d8-45c7-b398-2143ec0ab30c","local_time":"20210119034910","is_ascension_mode":true,"campfire_choices":[{"floor":6.0,"key":"RECALL"},{"data":"ats:Soul Absorption","floor":10.0,"key":"SMITH"},{"data":"ats:Emotion Absorption","floor":15.0,"key":"SMITH"},{"data":"ats:Dogmatic Field","floor":28.0,"key":"SMITH"},{"data":"ats:Neurotoxin","floor":32.0,"key":"SMITH"}],"circlet_count":0,"master_deck":["ats:Strike C+1","ats:Strike G","ats:Strike S+1","ats:Strike V","ats:Armor Crushing Shot","ats:Defend","ats:Defend","ats:Defend","ats:Defend","ats:Emotion Absorption+1","ats:Soul Absorption+1","ats:Shell Defense","ats:Assault Order","ats:Chain Hook","ats:Dogmatic Field+1","ats:Shell Defense+1","Hallownest:skillCityofTearsMap","ats:Curse Doll+1","ats:Neurotoxin+1","ats:Thermite Blade+1","ats:Burning Ground","ats:Volcano","ats:Roar Of Ursus","ats:Poison Spread+1"],"relics":["ats:Sanity","aspiration:Nostalgia","Coronal","ats:Originium","Vajra","HollowMod:PaleOreRelic","Odd Mushroom","CeramicFish","Bronze Scales","Bottled Lightning","ats:Hidden Killer","HornCleat","Eternal Feather","Philosopher\u0027s Stone"],"acts_visited":["Exordium","Hallownest:Greenpath","Hallownest:CityofTears"],"potions_floor_usage":[33,33],"damage_taken":[{"damage":5.0,"enemies":"Hallownest:2_MossCreeps","floor":1.0,"turns":6.0},{"damage":29.0,"enemies":"Hallownest:eliteMossKnight","floor":2.0,"turns":10.0},{"damage":0.0,"enemies":"Hallownest:2_Baldur","floor":5.0,"turns":7.0},{"damage":3.0,"enemies":"Hallownest:eliteVengeflyKing","floor":7.0,"turns":6.0},{"damage":13.0,"enemies":"Hallownest:eliteCrystalGuardian","floor":12.0,"turns":6.0},{"damage":0.0,"enemies":"Hallownest:monsterHuskWarrior","floor":13.0,"turns":2.0},{"damage":27.0,"enemies":"Hallownest:1_Ooma_and_2_Uuma","floor":14.0,"turns":7.0},{"damage":13.0,"enemies":"Hallownest:BossFalseKnight","floor":16.0,"turns":10.0},{"damage":80.0,"enemies":"Hallownest:2_Mistakes","floor":18.0,"turns":12.0},{"damage":92.0,"enemies":"Hallownest:Guard_and_Sentry","floor":19.0,"turns":9.0},{"damage":33.0,"enemies":"Hallownest:Warrior_and_Youth","floor":21.0,"turns":7.0},{"damage":102.0,"enemies":"Hallownest:eliteSoulWarrior","floor":23.0,"turns":11.0},{"damage":44.0,"enemies":"Hallownest:Glutton_and_Coward","floor":24.0,"turns":5.0},{"damage":137.0,"enemies":"Hallownest:eliteWatcherKnight","floor":25.0,"turns":16.0},{"damage":117.0,"enemies":"Hallownest:3_Mistakes","floor":29.0,"turns":14.0},{"damage":69.0,"enemies":"Hallownest:2_Flukemon","floor":30.0,"turns":8.0},{"damage":5.0,"enemies":"Hallownest:monsterShrumalOgre","floor":31.0,"turns":4.0},{"damage":61,"enemies":"Hallownest:BossSoulMaster","floor":33,"turns":12},{"damage":32,"enemies":"Hallownest:2_Littles","floor":35,"turns":4},{"damage":18,"enemies":"Hallownest:Shield_Heavy","floor":36,"turns":4}],"seed_played":"-4476597105891974052","potions_obtained":[{"floor":5.0,"key":"Explosive Potion"},{"floor":7.0,"key":"SkillPotion"},{"floor":13.0,"key":"Weak Potion"},{"floor":14.0,"key":"EssenceOfSteel"},{"floor":21.0,"key":"FearPotion"},{"floor":23.0,"key":"LiquidMemories"},{"floor":25.0,"key":"DuplicationPotion"},{"floor":29.0,"key":"Swift Potion"},{"floor":31.0,"key":"BlessingOfTheForge"}],"is_trial":false,"path_per_floor":["M","?","?","T","M","R","E","?","T","R","$","E","M","M","R","B",null,"M","M","?","M","?","E","M","E","T","?","R","M","M","M","R","B",null,"M","M"],"character_chosen":"DOCTOR_CLASS","items_purchased":["Bronze Scales"],"campfire_rested":0,"item_purchase_floors":[11],"current_hp_per_floor":[67,38,38,38,46,46,45,45,45,45,45,34,36,15,15,16,72,63,72,72,72,72,69,72,72,72,72,72,72,72,67,72,19,72,43,27,27],"gold":502,"neow_bonus":"NOSTALGIA","is_daily":false,"chose_seed":false,"campfire_upgraded":4,"win_rate":0.0,"timestamp":1610999350,"path_taken":["M","?","?","?","M","R","E","?","T","R","?","E","M","M","R","BOSS","M","M","?","M","?","E","?","E","T","?","R","?","M","M","R","BOSS","M","M"],"items_purchased_type":["Relic"],"build_version":"2020-12-22","purchased_purges":0,"victory":false,"max_hp_per_floor":[72,72,72,72,72,72,72,72,72,72,72,72,72,72,72,72,72,72,72,72,72,72,72,72,72,72,72,72,72,72,72,72,72,72,72,72,72],"relic_stats":{"counters":[20,160],"CeramicFish":108,"Bronze Scales":[387],"Eternal Feather":5,"obtain_stats":[{"aspiration:Nostalgia":0,"CeramicFish":9,"ats:Hidden Killer":23,"Vajra":2,"Eternal Feather":26,"Odd Mushroom":8,"HornCleat":25,"ats:Originium":2,"Coronal":0,"Bronze Scales":11,"Philosopher\u0027s Stone":34,"ats:Sanity":0,"HollowMod:PaleOreRelic":7,"Bottled Lightning":12},{"aspiration:Nostalgia":0,"CeramicFish":4,"ats:Hidden Killer":12,"Vajra":2,"Eternal Feather":14,"Odd Mushroom":4,"HornCleat":14,"ats:Originium":2,"Coronal":0,"Bronze Scales":4,"Philosopher\u0027s Stone":18,"ats:Sanity":0,"HollowMod:PaleOreRelic":4,"Bottled Lightning":5},{"aspiration:Nostalgia":0,"CeramicFish":29,"ats:Hidden Killer":93,"Vajra":16,"Eternal Feather":114,"Odd Mushroom":29,"HornCleat":114,"ats:Originium":16,"Coronal":0,"Bronze Scales":29,"Philosopher\u0027s Stone":152,"ats:Sanity":0,"HollowMod:PaleOreRelic":29,"Bottled Lightning":35}]},"card_choices":[{"not_picked":["ats:Assault Order","ats:Explosion Area Strengthen"],"picked":"ats:Soul Absorption","floor":1.0},{"not_picked":["ats:Healing Drone","ats:Flexible Camouflage"],"picked":"ats:Shell Defense","floor":2.0},{"not_picked":["ats:Soul Absorption","ats:Curse Doll","ats:Consecutive Shot Auto"],"picked":"SKIP","floor":5.0},{"not_picked":["ats:Cat Scratch","ats:Explosion Area Strengthen","ats:Poison Spread"],"picked":"SKIP","floor":7.0},{"not_picked":["ats:Volcano","ats:Hammer On","ats:Powerful Strike"],"picked":"SKIP","floor":12.0},{"not_picked":["ats:Overload","ats:Cat Scratch"],"picked":"ats:Assault Order","floor":13.0},{"not_picked":["ats:Explosion Area Strengthen","ats:Cat Scratch"],"picked":"ats:Chain Hook","floor":14.0},{"not_picked":["ats:Fractured Body","ats:Wolf Pack"],"picked":"ats:Dogmatic Field","floor":16.0},{"not_picked":["ats:Red Shift","ats:Assault Order"],"picked":"ats:Shell Defense+1","floor":18.0},{"not_picked":["ats:Poison Spread","ats:Cat Scratch","ats:Flexible Camouflage"],"picked":"SKIP","floor":19.0},{"not_picked":["ats:Childhood Dance","ats:Shell Defense","ats:Apocalypse"],"picked":"SKIP","floor":21.0},{"not_picked":["ats:Flexible Camouflage+1","ats:Revitalization"],"picked":"ats:Curse Doll+1","floor":23.0},{"not_picked":["ats:Apocalypse","ats:Nebulous Foxfire"],"picked":"ats:Neurotoxin","floor":24.0},{"not_picked":["ats:Apocalypse","ats:Shell Defense+1"],"picked":"ats:Thermite Blade+1","floor":25.0},{"not_picked":["ats:Curse Doll","ats:Cat Scratch+1","ats:Flame Of Heaven+1"],"picked":"SKIP","floor":29.0},{"not_picked":["ats:Curse Doll+1","ats:Charging Defense"],"picked":"ats:Burning Ground","floor":30.0},{"not_picked":["ats:Ignite","ats:Assault Order"],"picked":"ats:Volcano","floor":31.0},{"not_picked":["ats:Wolf Pack","ats:Durian"],"picked":"ats:Roar Of Ursus","floor":33},{"not_picked":["ats:Cat Scratch","ats:Shell Defense"],"picked":"ats:Poison Spread+1","floor":35}],"player_experience":331354,"relics_obtained":[{"floor":2.0,"key":"ats:Originium"},{"floor":2.0,"key":"Vajra"},{"floor":7.0,"key":"ats:Originium"},{"floor":7.0,"key":"HollowMod:PaleOreRelic"},{"floor":9.0,"key":"CeramicFish"},{"floor":12.0,"key":"ats:Originium"},{"floor":12.0,"key":"Bottled Lightning"},{"floor":23.0,"key":"ats:Hidden Killer"},{"floor":25.0,"key":"HornCleat"},{"floor":26.0,"key":"Eternal Feather"}],"event_choices":[],"is_beta":false,"boss_relics":[{"not_picked":["Velvet Choker","Snecko Eye","Pandora\u0027s Box"]},{"not_picked":["Busted Crown","Fusion Hammer"],"picked":"Philosopher\u0027s Stone"}],"items_purged_floors":[],"is_endless":false,"potions_floor_spawned":[5,7,13,14,21,23,25,29,31],"killed_by":"Hallownest:Shield_Heavy","ascension_level":1}}