{"host":"1a3cjta80tad0aqj","time":1610944580,"event":{"mods":["2.2 Compatiblity","AchievementEnabler","BaseMod","Colored Map","DeckTracker","KOR Keyword Fix","Keyboard Shortcuts","Minty Spire (QoL Compilation)","Permanent Neow","Quick Restart","Random Character Button","StSLib","SuperFastMode","everything is the same but u backflip on backflip"],"gold_per_floor":[112,132,207,224,239,265,265,265,265,265,277,291,291,316,316,393,393,411,411,44,56,66,66,93,93,93,93,93,128,146,164,164,235,235,252,5,22,41,41,41],"floor_reached":39,"language":"KOR","playtime":2040,"items_purged":["Defend_P","Normality"],"score":736,"play_id":"0b03dcf4-c7a2-4948-af15-50e4e77a5e75","local_time":"20210118133620","is_ascension_mode":true,"campfire_choices":[{"floor":8.0,"key":"REST"},{"data":"Judgement","floor":10.0,"key":"SMITH"},{"floor":13.0,"key":"REST"},{"floor":15.0,"key":"REST"},{"floor":23.0,"key":"REST"},{"data":"LessonLearned","floor":25.0,"key":"SMITH"},{"floor":32,"key":"REST"}],"circlet_count":0,"master_deck":["AscendersBane","Strike_P+1","Strike_P","Strike_P+1","Strike_P+1","Defend_P","Defend_P","Defend_P+1","Eruption+1","Vigilance","Meditate","MentalFortress","EmptyBody+1","LessonLearned+1","SashWhip+1","Judgement+1","Trip","TalkToTheHand","BowlingBash","Blasphemy+1","Halt","Impatience+1","ReachHeaven","TalkToTheHand+1","Ragnarok","Wallop+1","CutThroughFate+1"],"relics":["HolyWater","Yang","Pear","StrikeDummy","Cursed Key","Ice Cream","Shovel","Shuriken","Lantern"],"acts_visited":["Exordium","TheCity","TheBeyond"],"potions_floor_usage":[31,33,39],"damage_taken":[{"damage":0.0,"enemies":"2 Louse","floor":1.0,"turns":3.0},{"damage":4.0,"enemies":"Jaw Worm","floor":2.0,"turns":5.0},{"damage":1.0,"enemies":"Cultist","floor":4.0,"turns":3.0},{"damage":6.0,"enemies":"Looter","floor":5.0,"turns":4.0},{"damage":21.0,"enemies":"Gremlin Nob","floor":6.0,"turns":4.0},{"damage":13.0,"enemies":"Gremlin Gang","floor":11.0,"turns":4.0},{"damage":8.0,"enemies":"Blue Slaver","floor":12.0,"turns":6.0},{"damage":20.0,"enemies":"Lagavulin","floor":14.0,"turns":5.0},{"damage":14.0,"enemies":"Hexaghost","floor":16.0,"turns":8.0},{"damage":1.0,"enemies":"Spheric Guardian","floor":18.0,"turns":3.0},{"damage":8.0,"enemies":"Chosen","floor":21.0,"turns":3.0},{"damage":16.0,"enemies":"3 Cultists","floor":22.0,"turns":5.0},{"damage":29.0,"enemies":"Book of Stabbing","floor":24.0,"turns":3.0},{"damage":23,"enemies":"Slavers","floor":29,"turns":4},{"damage":10,"enemies":"Centurion and Healer","floor":30,"turns":9},{"damage":11,"enemies":"Shelled Parasite and Fungi","floor":31,"turns":5},{"damage":12,"enemies":"Collector","floor":33,"turns":7},{"damage":39,"enemies":"3 Darklings","floor":35,"turns":3},{"damage":1,"enemies":"Orb Walker","floor":37,"turns":3},{"damage":5,"enemies":"Sphere and 2 Shapes","floor":38,"turns":4},{"damage":17,"enemies":"4 Shapes","floor":39,"turns":2}],"seed_played":"751715959600462935","potions_obtained":[{"floor":2.0,"key":"Fire Potion"},{"floor":6.0,"key":"BottledMiracle"},{"floor":12.0,"key":"LiquidBronze"},{"floor":16.0,"key":"Regen Potion"},{"floor":18.0,"key":"BottledMiracle"},{"floor":24.0,"key":"Fire Potion"},{"floor":29,"key":"AttackPotion"},{"floor":37,"key":"SmokeBomb"}],"is_trial":false,"path_per_floor":["M","M","?","M","M","E","?","R","T","R","M","M","R","E","R","B",null,"M","?","$","M","M","R","E","R","T","?","T","E","M","M","R","B",null,"M","$","M","M","M"],"character_chosen":"WATCHER","items_purchased":["Ice Cream","Wallop","EssenceOfSteel"],"campfire_rested":5,"item_purchase_floors":[20,36,36],"current_hp_per_floor":[61,57,46,45,39,18,18,38,48,48,35,27,50,30,53,39,68,67,67,67,59,43,66,46,46,46,46,46,23,13,2,25,13,62,23,23,22,17,0,0],"gold":41,"neow_bonus":"UPGRADE_CARD","is_daily":false,"chose_seed":false,"campfire_upgraded":2,"win_rate":0.0,"timestamp":1610944580,"path_taken":["M","M","?","M","M","E","?","R","T","R","M","?","R","E","R","BOSS","M","?","$","M","?","R","E","R","T","?","?","E","M","M","R","BOSS","M","$","M","M","M"],"items_purchased_type":["Relic","Card","Potion"],"build_version":"2020-12-22","purchased_purges":2,"victory":false,"max_hp_per_floor":[68,68,68,68,68,68,68,68,78,78,78,78,78,78,78,78,78,78,78,78,78,78,78,78,78,78,78,78,78,78,78,78,78,78,78,78,78,78,78,78],"card_choices":[{"not_picked":["ThirdEye","Evaluate","Crescendo"],"picked":"SKIP","floor":1.0},{"not_picked":["ReachHeaven","FollowUp"],"picked":"Meditate","floor":2.0},{"not_picked":["SashWhip","Brilliance"],"picked":"MentalFortress","floor":4.0},{"not_picked":["WaveOfTheHand","WreathOfFlame"],"picked":"EmptyBody","floor":5.0},{"not_picked":["Evaluate","Meditate"],"picked":"LessonLearned","floor":6.0},{"not_picked":["EmptyBody","Consecrate","Vengeance"],"picked":"SKIP","floor":11.0},{"not_picked":["CarveReality","ClearTheMind"],"picked":"TalkToTheHand","floor":12.0},{"not_picked":["Establishment","FollowUp"],"picked":"BowlingBash","floor":14.0},{"not_picked":["MasterReality","Wish"],"picked":"Blasphemy","floor":16.0},{"not_picked":["Meditate","SashWhip"],"picked":"Halt","floor":18.0},{"not_picked":["Protect","SashWhip","SignatureMove"],"picked":"SKIP","floor":21.0},{"not_picked":["ThirdEye","BattleHymn"],"picked":"TalkToTheHand+1","floor":22.0},{"not_picked":["Wireheading","SandsOfTime","Meditate"],"picked":"SKIP","floor":24.0},{"not_picked":["Indignation","Prostrate","Wireheading"],"picked":"SKIP","floor":29},{"not_picked":["Crescendo","DeceiveReality","ClearTheMind"],"picked":"SKIP","floor":30},{"not_picked":["CrushJoints","EmptyMind","Collect"],"picked":"SKIP","floor":31},{"not_picked":["ConjureBlade","LessonLearned"],"picked":"Ragnarok","floor":33},{"not_picked":["Pray+1","Worship","Evaluate+1"],"picked":"SKIP","floor":35},{"not_picked":["Fasting2","Prostrate","FlyingSleeves"],"picked":"SKIP","floor":37},{"not_picked":["Consecrate+1","Evaluate+1"],"picked":"CutThroughFate+1","floor":38}],"player_experience":727413,"relics_obtained":[{"floor":6.0,"key":"Yang"},{"floor":9.0,"key":"Pear"},{"floor":14.0,"key":"StrikeDummy"},{"floor":24.0,"key":"Shovel"},{"floor":26.0,"key":"Shuriken"},{"floor":29,"key":"Lantern"}],"event_choices":[{"damage_healed":0.0,"max_hp_gain":0.0,"max_hp_loss":0.0,"gold_gain":75.0,"event_name":"World of Goop","player_choice":"Gather Gold","floor":3.0,"gold_loss":0.0,"damage_taken":11.0},{"damage_healed":0.0,"max_hp_gain":0.0,"max_hp_loss":0.0,"gold_gain":0.0,"event_name":"Match and Keep!","player_choice":"3 cards matched","floor":7.0,"gold_loss":0.0,"damage_taken":0.0,"cards_obtained":["SashWhip","Judgement","Trip"]},{"damage_healed":0.0,"max_hp_gain":0.0,"max_hp_loss":0.0,"gold_gain":0.0,"event_name":"Match and Keep!","player_choice":"2 cards matched","floor":19.0,"gold_loss":0.0,"damage_taken":0.0,"cards_obtained":["Impatience","ReachHeaven"]},{"damage_healed":0.0,"max_hp_gain":0.0,"max_hp_loss":0.0,"gold_gain":0.0,"event_name":"Vampires","player_choice":"Ignored","floor":27.0,"gold_loss":0.0,"damage_taken":0.0}],"is_beta":false,"boss_relics":[{"not_picked":["Astrolabe","Ectoplasm"],"picked":"Cursed Key"},{"not_picked":["Empty Cage","SacredBark"],"picked":"HolyWater"}],"items_purged_floors":[20,36],"is_endless":false,"potions_floor_spawned":[2,6,12,16,18,24,29,37],"killed_by":"4 Shapes","ascension_level":14}}