{"host":"6hzrz31j95f2y1pa","time":1610929893,"event":{"mods":["BaseMod","Colored Map","Downfall","Minty Spire (QoL Compilation)","StSLib"],"gold_per_floor":[99,117,117,102,113,138,138,38,38,57,71,81,81,95,108,213,213,213,224,234,253,46,80,80,80,96,96,110,139,52,52,52,52],"floor_reached":31,"language":"ENG","playtime":1264,"items_purged":[],"score":377,"play_id":"5d7d8e7f-6dbf-420a-b04c-532e944a163f","local_time":"20210117193133","is_ascension_mode":true,"campfire_choices":[{"data":"Guardian:CurlUp","floor":1.0,"key":"SMITH"},{"data":"Guardian:Suspension","floor":8.0,"key":"SMITH"},{"floor":13.0,"key":"REST"},{"data":"Guardian:Orbwalk","floor":18,"key":"SMITH"},{"floor":25,"key":"RECALL"},{"floor":27,"key":"REST"}],"circlet_count":0,"master_deck":["Guardian:Strike_Guardian","Guardian:Strike_Guardian","Guardian:Strike_Guardian","Guardian:Defend_Guardian","Guardian:Defend_Guardian","Guardian:CurlUp+1","Guardian:TwinSlam","Guardian:FloatingOrbs","Guardian:RollAttack","Guardian:Suspension+1","Guardian:ShieldSpikes","Guardian:Orbwalk+1","Guardian:DonusPower","Guardian:SentryBeam+1","Guardian:RevengeProtocol+1","Guardian:StasisStrike+1","Guardian:Gem_Red","Guardian:FuturePlans+1","Guardian:Gem_Yellow","Guardian:Gem_Fragmented","Guardian:Incinerate+1","Guardian:TemporalStrike","Guardian:MultiBeam","expansioncontent:AwakenDeath","Guardian:Incinerate"],"relics":["Guardian:ModeShifter","downfall:ShatteredFragment","Akabeko","Singing Bowl","downfall:HeartBlessingGreen","Astrolabe","Toolbox","Anchor","Matryoshka","Nunchaku","Happy Flower","ClockworkSouvenir"],"acts_visited":["Exordium","TheCity"],"potions_floor_usage":[16,23,23,30],"damage_taken":[{"damage":7.0,"enemies":"Jaw Worm","floor":2.0,"turns":4.0},{"damage":0.0,"enemies":"downfall:FleeingMerchant","floor":4.0,"turns":4.0},{"damage":0.0,"enemies":"Cultist","floor":5.0,"turns":3.0},{"damage":16.0,"enemies":"Gremlin Nob","floor":6.0,"turns":5.0},{"damage":2.0,"enemies":"2 Louse","floor":10.0,"turns":2.0},{"damage":0.0,"enemies":"Lots of Slimes","floor":11.0,"turns":1.0},{"damage":0.0,"enemies":"2 Fungi Beasts","floor":12.0,"turns":3.0},{"damage":5.0,"enemies":"Large Slime","floor":14.0,"turns":4.0},{"damage":0.0,"enemies":"Exordium Thugs","floor":15.0,"turns":6.0},{"damage":24,"enemies":"IC_STATUS_ARCHETYPE","floor":16,"turns":6},{"damage":6,"enemies":"Shell Parasite","floor":19,"turns":3},{"damage":14,"enemies":"Centurion and Healer","floor":20,"turns":5},{"damage":11,"enemies":"Shelled Parasite and Fungi","floor":21,"turns":4},{"damage":0,"enemies":"downfall:FleeingMerchant","floor":22,"turns":4},{"damage":8,"enemies":"Gremlin Leader","floor":23,"turns":6},{"damage":8,"enemies":"3 Cultists","floor":26,"turns":5},{"damage":3,"enemies":"Centurion and Healer","floor":28,"turns":3},{"damage":16,"enemies":"Book of Stabbing","floor":29,"turns":5},{"damage":20,"enemies":"downfall:FleeingMerchant","floor":30,"turns":4},{"damage":12,"enemies":"Snake Plant","floor":31,"turns":2}],"seed_played":"-6567353064805748116","potions_obtained":[{"floor":5.0,"key":"SpeedPotion"},{"floor":9.0,"key":"AttackPotion"},{"floor":9.0,"key":"Ancient Potion"},{"floor":11.0,"key":"Fire Potion"},{"floor":16,"key":"ColorlessPotion"},{"floor":26,"key":"Dexterity Potion"},{"floor":29,"key":"Swift Potion"}],"is_trial":false,"path_per_floor":["R","M","?","$","M","E","T","R","?","M","M","M","R","M","M","B",null,"R","M","M","M","$","E","T","R","M","R","M","E","$","M"],"character_chosen":"GUARDIAN","items_purchased":["Guardian:Gem_Fragmented","Toolbox","Happy Flower","expansioncontent:AwakenDeath","Guardian:Incinerate","ClockworkSouvenir"],"campfire_rested":2,"item_purchase_floors":[22,22,30,30,30,30],"current_hp_per_floor":[72,65,41,41,41,25,25,25,25,25,25,25,49,44,44,20,67,67,61,47,36,36,30,30,30,24,49,46,30,10,0,0,0],"gold":52,"neow_bonus":"THREE_CARDS","is_daily":false,"chose_seed":false,"campfire_upgraded":3,"win_rate":0.0,"timestamp":1610929893,"path_taken":["R","M","?","$","M","E","T","R","?","?","M","?","R","M","M","BOSS","R","M","M","M","$","E","T","R","M","R","M","E","$","M"],"items_purchased_type":["Card","Relic","Relic","Card","Card","Relic"],"build_version":"2020-12-22","purchased_purges":0,"victory":false,"max_hp_per_floor":[80,80,80,80,80,80,80,80,80,82,82,82,82,82,82,82,82,82,82,82,82,82,84,84,84,86,86,86,86,86,86,86,86],"card_choices":[{"not_picked":["Guardian:ChargeCore","Guardian:VentSteam"],"picked":"Guardian:FloatingOrbs","floor":0.0},{"not_picked":["Guardian:PrimingBeam","Guardian:Gem_Lightblue"],"picked":"Guardian:RollAttack","floor":2.0},{"not_picked":["Guardian:StasisStrike","Guardian:BodySlam"],"picked":"Guardian:Gem_Purple","floor":4.0},{"not_picked":["Guardian:EvasiveProtocol","Guardian:BodySlam"],"picked":"Guardian:Suspension","floor":5.0},{"not_picked":["Guardian:WalkerClaw","Guardian:VentSteam"],"picked":"Guardian:Gem_Red","floor":6.0},{"not_picked":["Guardian:SpikerProtocol","Guardian:GuardianWhirl","Guardian:Incinerate"],"picked":"Singing Bowl","floor":10.0},{"not_picked":["Guardian:PiercingHide","Guardian:TemporalShield"],"picked":"Guardian:Gem_Cyan","floor":11.0},{"not_picked":["Guardian:Suspension","Guardian:TimeSifter"],"picked":"Guardian:ShieldSpikes","floor":12.0},{"not_picked":["Guardian:PrimingBeam","Guardian:SentryBeam"],"picked":"Guardian:Orbwalk","floor":14.0},{"not_picked":["Guardian:PiercingHide","Guardian:Planning"],"picked":"Guardian:DonusPower","floor":15.0},{"not_picked":["Guardian:SphericShield","Guardian:RevengeProtocol"],"picked":"Guardian:Gem_Orange","floor":16},{"not_picked":["Guardian:BodySlam+1","Guardian:Harden"],"picked":"Guardian:Gem_Red","floor":19},{"not_picked":["Guardian:BodySlam","Guardian:SentryBeam"],"picked":"Guardian:FuturePlans+1","floor":20},{"not_picked":["Guardian:Gem_Red","Guardian:Gem_Lightblue"],"picked":"Guardian:Gem_Yellow","floor":21},{"not_picked":["Guardian:Reroute+1","Guardian:BodySlam"],"picked":"Guardian:Gem_Yellow","floor":22},{"not_picked":["Guardian:Gem_Cyan","Guardian:TemporalShield","Guardian:ShieldCharger+1"],"picked":"Singing Bowl","floor":23},{"not_picked":["Guardian:ShieldSpikes","Guardian:ChargeCore+1","Guardian:Gem_Lightblue"],"picked":"Singing Bowl","floor":26},{"not_picked":["Guardian:Reroute+1","Guardian:Clone+1"],"picked":"Guardian:Incinerate+1","floor":28},{"not_picked":["Guardian:StasisField","Guardian:PolyBeam"],"picked":"Guardian:TemporalStrike","floor":29},{"not_picked":["Guardian:Suspension+1","Guardian:DecasProtection"],"picked":"Guardian:MultiBeam","floor":30}],"player_experience":1350908,"relics_obtained":[{"floor":6.0,"key":"Akabeko"},{"floor":7.0,"key":"Singing Bowl"},{"floor":23,"key":"Anchor"},{"floor":24,"key":"Matryoshka"},{"floor":29,"key":"Nunchaku"}],"event_choices":[{"damage_healed":0.0,"max_hp_gain":0.0,"max_hp_loss":0.0,"gold_gain":0.0,"event_name":"Lab","player_choice":"Got Potions","floor":9.0,"gold_loss":0.0,"damage_taken":0.0}],"is_beta":false,"boss_relics":[{"not_picked":["Empty Cage","Runic Dome"],"picked":"Astrolabe"}],"items_purged_floors":[],"is_endless":false,"potions_floor_spawned":[5,11,12,15,16,19,26,29],"killed_by":"Snake Plant","ascension_level":7}}