{"host":"vm3f1ccwgbs4oygt","time":1610997538,"event":{"mods":["BaseMod","BetterRewards","Colored Powertips","Minty Spire (QoL Compilation)","Permanent Neow","Shop Mod","StSLib"],"gold_per_floor":[110,130,4,21,34,34,69,82,106,125,125,142,24,40,40,40,40],"floor_reached":16,"language":"ENG","playtime":5030,"items_purged":["Strike_R","Strike_R"],"score":117,"play_id":"4a1d632a-2deb-46de-9786-37618df5a8e0","local_time":"20210118201858","is_ascension_mode":true,"campfire_choices":[{"data":"Heavy Blade","floor":6,"key":"SMITH"},{"floor":11,"key":"REST"},{"floor":15,"key":"REST"}],"circlet_count":0,"master_deck":["Strike_R","Strike_R","Strike_R","Defend_R","Defend_R","Defend_R","Defend_R","Bash","Heavy Blade+1","Cleave","Power Through","Armaments","Flex","Metallicize","Feed"],"relics":["Burning Blood","Smiling Mask","Lantern"],"acts_visited":["Exordium"],"potions_floor_usage":[7,7,7,10],"damage_taken":[{"damage":6,"enemies":"Cultist","floor":1,"turns":4},{"damage":14,"enemies":"Jaw Worm","floor":2,"turns":3},{"damage":0,"enemies":"Small Slimes","floor":4,"turns":3},{"damage":69,"enemies":"Exordium Thugs","floor":5,"turns":7},{"damage":20,"enemies":"3 Sentries","floor":7,"turns":7},{"damage":8,"enemies":"Blue Slaver","floor":8,"turns":4},{"damage":6,"enemies":"Looter","floor":10,"turns":2},{"damage":6,"enemies":"Exordium Wildlife","floor":12,"turns":2},{"damage":7,"enemies":"Lots of Slimes","floor":14,"turns":4},{"damage":69,"enemies":"Slime Boss","floor":16,"turns":14}],"seed_played":"-1781830262673339998","potions_obtained":[{"floor":2,"key":"DistilledChaos"},{"floor":4,"key":"DuplicationPotion"},{"floor":5,"key":"SteroidPotion"},{"floor":8,"key":"AttackPotion"}],"is_trial":false,"path_per_floor":["M","M","$","M","M","R","E","M","T","M","R","M","$","M","R","B"],"character_chosen":"IRONCLAD","items_purchased":["BlessingOfTheForge","Feed"],"campfire_rested":2,"item_purchase_floors":[3,13],"current_hp_per_floor":[88,80,80,86,23,23,9,7,7,7,33,33,33,35,62,0,0],"gold":40,"neow_bonus":"TEN_PERCENT_HP_BONUS","is_daily":false,"chose_seed":false,"campfire_upgraded":1,"win_rate":0.0,"timestamp":1610997538,"path_taken":["M","M","$","M","?","R","E","M","T","M","R","M","$","M","R","BOSS"],"items_purchased_type":["Potion","Card"],"build_version":"2020-12-22","purchased_purges":2,"victory":false,"max_hp_per_floor":[88,88,88,88,88,88,88,88,88,88,88,88,88,91,91,91,91],"card_choices":[{"not_picked":["Headbutt","Thunderclap"],"picked":"Heavy Blade","floor":1},{"not_picked":["Entrench","Sword Boomerang"],"picked":"Cleave","floor":2},{"not_picked":["Bludgeon","Clash","Sword Boomerang"],"picked":"SKIP","floor":4},{"not_picked":["Evolve","Heavy Blade","Second Wind"],"picked":"SKIP","floor":5},{"not_picked":["Flex","Anger"],"picked":"Power Through","floor":7},{"not_picked":["Bloodletting","Twin Strike"],"picked":"Armaments","floor":8},{"not_picked":["Whirlwind","Iron Wave"],"picked":"Flex","floor":10},{"not_picked":["Cleave","Body Slam"],"picked":"Metallicize","floor":12},{"not_picked":["Infernal Blade","Metallicize","Thunderclap"],"picked":"SKIP","floor":14}],"player_experience":526500,"relics_obtained":[{"floor":7,"key":"Smiling Mask"},{"floor":9,"key":"Lantern"}],"event_choices":[],"is_beta":false,"boss_relics":[],"items_purged_floors":[3,13],"is_endless":false,"potions_floor_spawned":[2,4,5,8],"killed_by":"Slime Boss","ascension_level":2}}