{"host":"t7mx8yfj1no5p62f","time":1610947484,"event":{"mods":["BaseMod","Bestiary","Colored Map","Colored Powertips","Minty Spire (QoL Compilation)","Relic Stats","StSLib","ojb\u0027s Info Mod"],"gold_per_floor":[20,34,34,52,70,70,98,98,150,182,201,201,201,219,219,297,297,251,37,54,68,68,95,95,95,95],"floor_reached":25,"language":"ENG","playtime":1111,"items_purged":["Strike_G"],"score":566,"play_id":"969a072b-2c1c-49fc-9b80-b357bc44d731","local_time":"20210118002444","is_ascension_mode":true,"campfire_choices":[{"data":"Quick Slash","floor":6.0,"key":"SMITH"},{"data":"Underhanded Strike","floor":8.0,"key":"SMITH"},{"data":"Noxious Fumes","floor":12.0,"key":"SMITH"},{"data":"Deadly Poison","floor":15.0,"key":"SMITH"}],"circlet_count":0,"master_deck":["AscendersBane","Strike_G","Strike_G","Strike_G","Defend_G","Defend_G","Defend_G","Defend_G","Survivor","Neutralize","Venomology","PiercingWail","Blur","Backstab","Underhanded Strike+1","Quick Slash+1","After Image","Noxious Fumes+1","Deadly Poison+1","Burst","Backflip","Blade Dance","Deflect","Backflip+1"],"relics":["Ring of the Snake","StrikeDummy","Nunchaku","Strawberry","Philosopher\u0027s Stone","Membership Card","MutagenicStrength","Turnip"],"acts_visited":["Exordium","TheCity"],"potions_floor_usage":[16,18,18,20,21,23,23,25,25],"damage_taken":[{"damage":2.0,"enemies":"2 Louse","floor":1.0,"turns":4.0},{"damage":0.0,"enemies":"Small Slimes","floor":2.0,"turns":5.0},{"damage":0.0,"enemies":"Cultist","floor":4.0,"turns":4.0},{"damage":1.0,"enemies":"Looter","floor":5.0,"turns":3.0},{"damage":0.0,"enemies":"3 Sentries","floor":7.0,"turns":9.0},{"damage":9.0,"enemies":"Lagavulin","floor":10.0,"turns":7.0},{"damage":4.0,"enemies":"Exordium Wildlife","floor":11.0,"turns":6.0},{"damage":0.0,"enemies":"Large Slime","floor":14.0,"turns":5.0},{"damage":21,"enemies":"The Guardian","floor":16,"turns":11},{"damage":22,"enemies":"2 Thieves","floor":18,"turns":5},{"damage":14,"enemies":"3 Byrds","floor":20,"turns":6},{"damage":20,"enemies":"Cultist and Chosen","floor":21,"turns":7},{"damage":0,"enemies":"Book of Stabbing","floor":23,"turns":6},{"damage":25,"enemies":"Slavers","floor":25,"turns":6}],"seed_played":"-2783268804795846734","potions_obtained":[{"floor":21,"key":"Weak Potion"}],"is_trial":false,"path_per_floor":["M","M","?","M","M","R","E","R","T","E","M","R","?","M","R","B",null,"M","$","M","M","?","E","?","E"],"character_chosen":"THE_SILENT","items_purchased":["Membership Card","Blade Dance"],"campfire_rested":0,"item_purchase_floors":[19,19],"current_hp_per_floor":[57,57,57,57,56,56,56,56,56,54,50,50,55,55,55,34,67,45,45,46,26,26,26,20,0,0],"gold":95,"neow_bonus":"TRANSFORM_TWO_CARDS","is_daily":false,"chose_seed":false,"campfire_upgraded":4,"win_rate":0.0,"timestamp":1610947484,"path_taken":["M","M","?","M","M","R","E","R","T","E","M","R","?","M","R","BOSS","M","$","M","M","?","E","?","E"],"items_purchased_type":["Relic","Card"],"build_version":"2020-12-22","purchased_purges":1,"victory":false,"max_hp_per_floor":[66,66,66,66,66,66,66,66,66,73,73,73,78,78,78,78,78,78,78,78,78,78,78,78,78,78],"relic_stats":{"Nunchaku":[9],"counters":[14,84],"Turnip":[0],"obtain_stats":[{"Nunchaku":9,"Strawberry":10,"MutagenicStrength":22,"Philosopher\u0027s Stone":17,"Turnip":23,"Membership Card":19,"StrikeDummy":7,"Ring of the Snake":0},{"Nunchaku":5,"Strawberry":6,"MutagenicStrength":12,"Philosopher\u0027s Stone":9,"Turnip":13,"Membership Card":10,"StrikeDummy":5,"Ring of the Snake":0},{"Nunchaku":25,"Strawberry":32,"MutagenicStrength":72,"Philosopher\u0027s Stone":54,"Turnip":78,"Membership Card":59,"StrikeDummy":25,"Ring of the Snake":0}],"Ring of the Snake":[28]},"card_choices":[{"not_picked":["Cloak And Dagger","Outmaneuver"],"picked":"PiercingWail","floor":1.0},{"not_picked":["Infinite Blades","Escape Plan"],"picked":"Blur","floor":2.0},{"not_picked":["Caltrops","Blur"],"picked":"Underhanded Strike","floor":4.0},{"not_picked":["Underhanded Strike","Escape Plan"],"picked":"Quick Slash","floor":5.0},{"not_picked":["Flying Knee","Bane","Underhanded Strike"],"picked":"SKIP","floor":7.0},{"not_picked":["Deflect","Dagger Spray"],"picked":"After Image","floor":10.0},{"not_picked":["Backflip","Outmaneuver"],"picked":"Noxious Fumes","floor":11.0},{"not_picked":["Accuracy","Dodge and Roll"],"picked":"Deadly Poison","floor":14.0},{"not_picked":["Storm of Steel","Malaise"],"picked":"Burst","floor":16},{"not_picked":["Setup","Outmaneuver"],"picked":"Backflip","floor":18},{"not_picked":["Quick Slash","Flechettes","Heel Hook"],"picked":"SKIP","floor":20},{"not_picked":["Backstab","Flying Knee"],"picked":"Deflect","floor":21},{"not_picked":["Prepared","Crippling Poison"],"picked":"Backflip+1","floor":23}],"player_experience":1781992,"relics_obtained":[{"floor":7.0,"key":"StrikeDummy"},{"floor":9.0,"key":"Nunchaku"},{"floor":10.0,"key":"Strawberry"},{"floor":23,"key":"Turnip"}],"event_choices":[{"damage_healed":0.0,"max_hp_gain":0.0,"max_hp_loss":0.0,"gold_gain":0.0,"cards_transformed":["Setup"],"event_name":"Living Wall","player_choice":"Change","floor":3.0,"gold_loss":0.0,"damage_taken":0.0,"cards_obtained":["Backstab"]},{"damage_healed":0.0,"max_hp_gain":5.0,"max_hp_loss":0.0,"gold_gain":0.0,"event_name":"Big Fish","player_choice":"Donut","floor":13.0,"gold_loss":0.0,"damage_taken":0.0},{"damage_healed":0,"gold_gain":0,"player_choice":"Inject Mutagens","damage_taken":0,"relics_obtained":["MutagenicStrength"],"max_hp_gain":0,"max_hp_loss":0,"event_name":"Drug Dealer","floor":22,"gold_loss":0},{"damage_healed":0,"gold_gain":0,"player_choice":"","damage_taken":6,"max_hp_gain":0,"max_hp_loss":0,"event_name":"Knowing Skull","floor":24,"potions_obtained":[],"gold_loss":0,"cards_obtained":[]}],"is_beta":false,"boss_relics":[{"not_picked":["Black Star","Snecko Eye"],"picked":"Philosopher\u0027s Stone"}],"items_purged_floors":[19],"is_endless":false,"potions_floor_spawned":[2,4,11,21],"killed_by":"Slavers","ascension_level":20}}