{"host":"uv231blk40vjdojr","time":1610990550,"event":{"mods":["AchievementEnabler","BaseMod","Bestiary","Minty Spire (QoL Compilation)","Relic Stats"],"gold_per_floor":[117,117,127,127,41,74,74,74,74,84,95,123,140,152,152,152,152],"floor_reached":16,"language":"ENG","playtime":513,"items_purged":[],"score":274,"play_id":"4e0c7d76-c5ca-4a7e-914a-c233b426e684","local_time":"20210118182230","is_ascension_mode":true,"campfire_choices":[{"data":"Defragment","floor":8,"key":"SMITH"},{"floor":15,"key":"REST"}],"circlet_count":0,"master_deck":["AscendersBane","Strike_B","Strike_B","Strike_B","Defend_B","Defend_B+1","Defend_B","Defend_B+1","Zap","Dualcast","Compile Driver+1","Ball Lightning","Capacitor","Defragment+1","Tempest","Auto Shields","Leap","Coolheaded","Coolheaded"],"relics":["Cracked Core","NeowsBlessing","Bird Faced Urn","War Paint","Dream Catcher"],"acts_visited":["Exordium"],"potions_floor_usage":[12,14],"damage_taken":[{"damage":0,"enemies":"Jaw Worm","floor":1,"turns":1},{"damage":0,"enemies":"Cultist","floor":3,"turns":1},{"damage":0,"enemies":"3 Sentries","floor":6,"turns":1},{"damage":0,"enemies":"Small Slimes","floor":10,"turns":2},{"damage":19,"enemies":"Exordium Wildlife","floor":11,"turns":3},{"damage":32,"enemies":"Gremlin Nob","floor":12,"turns":4},{"damage":8,"enemies":"Lots of Slimes","floor":13,"turns":4},{"damage":14,"enemies":"3 Louse","floor":14,"turns":4},{"damage":29,"enemies":"Hexaghost","floor":16,"turns":9}],"seed_played":"-5297026898517378092","potions_obtained":[{"floor":3,"key":"AttackPotion"},{"floor":6,"key":"PowerPotion"},{"floor":13,"key":"Ancient Potion"}],"is_trial":false,"path_per_floor":["M","?","M","?","$","E","$","R","T","M","M","E","M","M","R","B"],"character_chosen":"DEFECT","items_purchased":["Capacitor"],"campfire_rested":1,"item_purchase_floors":[5],"current_hp_per_floor":[64,64,64,64,64,64,64,64,64,64,47,19,13,3,24,0,0],"gold":152,"neow_bonus":"THREE_ENEMY_KILL","is_daily":false,"chose_seed":false,"campfire_upgraded":1,"win_rate":0.0,"timestamp":1610990550,"path_taken":["M","?","M","?","$","E","$","R","T","M","M","E","?","M","R","BOSS"],"items_purchased_type":["Card"],"build_version":"2020-12-22","purchased_purges":0,"victory":false,"max_hp_per_floor":[71,71,71,71,71,71,71,71,71,71,71,71,71,71,71,71,71],"relic_stats":{"Dream Catcher":1,"counters":[9,29],"Bird Faced Urn":[16],"War Paint":["Defend_B","Defend_B"],"obtain_stats":[{"Dream Catcher":12,"NeowsBlessing":0,"Bird Faced Urn":6,"War Paint":9,"Cracked Core":0},{"Dream Catcher":6,"NeowsBlessing":0,"Bird Faced Urn":3,"War Paint":3,"Cracked Core":0},{"Dream Catcher":12,"NeowsBlessing":0,"Bird Faced Urn":3,"War Paint":3,"Cracked Core":0}]},"card_choices":[{"not_picked":["BootSequence","Turbo"],"picked":"Compile Driver","floor":1},{"not_picked":["Gash","Go for the Eyes"],"picked":"Ball Lightning","floor":3},{"not_picked":["Coolheaded","Stack"],"picked":"Defragment","floor":6},{"not_picked":["Leap","Hologram"],"picked":"Tempest","floor":10},{"not_picked":["Melter","Aggregate","Gash"],"picked":"SKIP","floor":11},{"not_picked":["Compile Driver","Steam"],"picked":"Auto Shields","floor":12},{"not_picked":["Hologram","Genetic Algorithm"],"picked":"Leap","floor":13},{"not_picked":["Blizzard","Reprogram"],"picked":"Coolheaded","floor":14},{"not_picked":["Reprogram","Rip and Tear"],"picked":"Coolheaded","floor":15}],"player_experience":698771,"relics_obtained":[{"floor":6,"key":"Bird Faced Urn"},{"floor":9,"key":"War Paint"},{"floor":12,"key":"Dream Catcher"}],"event_choices":[{"damage_healed":0,"gold_gain":0,"player_choice":"Grow","damage_taken":0,"max_hp_gain":0,"max_hp_loss":0,"event_name":"Living Wall","floor":2,"gold_loss":0,"cards_upgraded":["Compile Driver"]},{"cards_removed":["Strike_B"],"damage_healed":0,"gold_gain":0,"player_choice":"Purged","damage_taken":0,"max_hp_gain":0,"max_hp_loss":0,"event_name":"Purifier","floor":4,"gold_loss":0}],"is_beta":false,"boss_relics":[],"items_purged_floors":[],"is_endless":false,"potions_floor_spawned":[3,6,11,13],"killed_by":"Hexaghost","ascension_level":20}}