{"host":"jscggscbx0p7706o","time":1610943094,"event":{"mods":["AchievementEnabler","BaseMod","Block Reminder","Colored Powertips","Filter the Spire","Minty Spire (QoL Compilation)","Permanent Neow","Quick Restart","StSLib"],"gold_per_floor":[118,12,32,32,107,107,107,148,28,51,102,129,129,144,144,183,202,202,293,293,307,307,17,17,30,30,30,30],"floor_reached":27,"language":"ENG","playtime":1006,"items_purged":["Strike_G","Decay"],"score":383,"play_id":"edc416e9-f1f2-4f77-ba31-2aea96316ac0","local_time":"20210118121134","is_ascension_mode":true,"campfire_choices":[{"data":"Predator","floor":7.0,"key":"SMITH"},{"data":"Noxious Fumes","floor":13.0,"key":"SMITH"},{"floor":15.0,"key":"REST"},{"floor":18.0,"key":"REST"},{"floor":26,"key":"RECALL"}],"circlet_count":0,"master_deck":["AscendersBane","Strike_G","Strike_G","Strike_G","Strike_G","Defend_G","Defend_G","Defend_G","Defend_G","Defend_G","Survivor","Neutralize","Backflip","Noxious Fumes+1","Predator+1","PiercingWail","Deadly Poison","Dash","Sucker Punch","Well Laid Plans","Corpse Explosion","Backflip","Deflect"],"relics":["Calling Bell","Juzu Bracelet","Darkstone Periapt","Ginger","Golden Idol","Blood Vial","Dream Catcher","Lantern","Snake Skull","Sozu","Lee\u0027s Waffle"],"acts_visited":["Exordium","TheCity"],"potions_floor_usage":[],"damage_taken":[{"damage":0.0,"enemies":"Cultist","floor":1.0,"turns":4.0},{"damage":0.0,"enemies":"2 Louse","floor":3.0,"turns":3.0},{"damage":25.0,"enemies":"Lagavulin","floor":8.0,"turns":7.0},{"damage":0.0,"enemies":"Jaw Worm","floor":10.0,"turns":3.0},{"damage":11.0,"enemies":"3 Louse","floor":14.0,"turns":4.0},{"damage":22.0,"enemies":"3 Sentries","floor":16.0,"turns":8.0},{"damage":0.0,"enemies":"Exordium Thugs","floor":17.0,"turns":3.0},{"damage":13.0,"enemies":"Hexaghost","floor":19.0,"turns":11.0},{"damage":24,"enemies":"Spheric Guardian","floor":21,"turns":6},{"damage":0,"enemies":"Chosen","floor":25,"turns":5},{"damage":27,"enemies":"Book of Stabbing","floor":27,"turns":6}],"seed_played":"-5126621822612197189","potions_obtained":[{"floor":3.0,"key":"DuplicationPotion"},{"floor":16.0,"key":"EntropicBrew"},{"floor":17.0,"key":"GamblersBrew"}],"is_trial":false,"path_per_floor":["M","$","M","?","?","?","R","E","$","M","T","T","R","M","R","E","M","R","B",null,"M","?","$","?","M","R","E"],"character_chosen":"THE_SILENT","items_purchased":["Noxious Fumes","Predator","Deadly Poison","Lee\u0027s Waffle","Deflect"],"campfire_rested":2,"item_purchase_floors":[2,2,9,23,23],"current_hp_per_floor":[59,59,59,59,48,48,48,23,23,25,25,25,25,16,34,14,16,34,23,51,29,35,73,67,69,69,44,44],"gold":30,"neow_bonus":"BOSS_RELIC","is_daily":false,"chose_seed":false,"campfire_upgraded":2,"win_rate":0.0,"timestamp":1610943094,"path_taken":["M","$","M","?","?","?","R","E","$","M","T","T","R","M","R","E","M","R","BOSS","M","?","$","?","M","R","E"],"items_purchased_type":["Card","Card","Card","Relic","Card"],"build_version":"2020-12-22","purchased_purges":2,"victory":false,"max_hp_per_floor":[66,66,66,66,66,60,60,60,60,60,60,60,60,60,60,60,60,60,60,60,60,66,73,73,73,73,73,73],"card_choices":[{"not_picked":["Escape Plan","Terror"],"picked":"Backflip","floor":1.0},{"not_picked":["Tactician","Finisher","Outmaneuver"],"picked":"SKIP","floor":3.0},{"not_picked":["Outmaneuver","Underhanded Strike"],"picked":"PiercingWail","floor":8.0},{"not_picked":["Flying Knee","Bane","Deadly Poison"],"picked":"SKIP","floor":10.0},{"not_picked":["Underhanded Strike","Deadly Poison","Bane"],"picked":"SKIP","floor":14.0},{"not_picked":["Deadly Poison","Endless Agony"],"picked":"Dash","floor":15.0},{"not_picked":["Malaise","Phantasmal Killer"],"picked":"Sucker Punch","floor":16.0},{"not_picked":["Prepared","Escape Plan"],"picked":"Well Laid Plans","floor":17.0},{"not_picked":["Storm of Steel","Tools of the Trade"],"picked":"Corpse Explosion","floor":19.0},{"not_picked":["Terror","Crippling Poison"],"picked":"Backflip","floor":21},{"not_picked":["Poisoned Stab+1","Prepared","All Out Attack"],"picked":"SKIP","floor":25}],"player_experience":286257,"relics_obtained":[{"floor":0.0,"key":"Juzu Bracelet"},{"floor":0.0,"key":"Darkstone Periapt"},{"floor":0.0,"key":"Ginger"},{"floor":8.0,"key":"Blood Vial"},{"floor":11.0,"key":"Dream Catcher"},{"floor":12.0,"key":"Lantern"},{"floor":16.0,"key":"Snake Skull"}],"event_choices":[{"damage_healed":0.0,"max_hp_gain":0.0,"max_hp_loss":0.0,"gold_gain":0.0,"event_name":"Shining Light","player_choice":"Ignored","floor":4.0,"gold_loss":0.0,"damage_taken":0.0},{"damage_healed":0.0,"max_hp_gain":0.0,"max_hp_loss":0.0,"gold_gain":75.0,"event_name":"World of Goop","player_choice":"Gather Gold","floor":5.0,"gold_loss":0.0,"damage_taken":11.0},{"damage_healed":0.0,"max_hp_gain":0.0,"max_hp_loss":6.0,"gold_gain":0.0,"event_name":"Golden Idol","player_choice":"Lose Max HP","floor":6.0,"gold_loss":0.0,"damage_taken":0.0,"relics_obtained":["Golden Idol"]},{"damage_healed":0,"gold_gain":0,"player_choice":"Cursed","damage_taken":0,"max_hp_gain":0,"max_hp_loss":0,"event_name":"Wheel of Change","floor":22,"gold_loss":0,"cards_obtained":["Decay"]},{"damage_healed":0,"gold_gain":0,"player_choice":"","damage_taken":6,"max_hp_gain":0,"max_hp_loss":0,"event_name":"Knowing Skull","floor":24,"potions_obtained":[],"gold_loss":0,"cards_obtained":[]}],"is_beta":false,"boss_relics":[{"not_picked":["HoveringKite","Snecko Eye"],"picked":"Sozu"}],"items_purged_floors":[9,23],"is_endless":false,"potions_floor_spawned":[3,16,17,25],"killed_by":"Book of Stabbing","ascension_level":15}}