{"host":"fm9e0lfunjlbhzxv","time":1610992977,"event":{"mods":["2.2 Compatiblity","AchievementEnabler","Alarm Clock","BaseMod","Bestiary","Colored Map","Colored Powertips","Key Reminder","Minty Spire (QoL Compilation)","Permanent Neow","Random Character Button","Rare Cards Sparkle","Relic Stats","StSLib","The IronCluck","slay the spire mod where everything is the same but ironclad has a cowboy hat"],"gold_per_floor":[118,118,118,43,63,63,92,92,118,131,131,165,185,218,218,320,320,335,350,159,171,171,171,171],"floor_reached":23,"language":"ENG","playtime":1421,"items_purged":["Strike_P","Defend_P"],"score":240,"play_id":"a389e369-1e05-4625-836b-376ed6a6a46e","local_time":"20210118100257","is_ascension_mode":true,"campfire_choices":[{"data":"Eruption","floor":6,"key":"SMITH"},{"floor":8,"key":"REST"},{"data":"ThirdEye","floor":11,"key":"SMITH"},{"floor":15,"key":"REST"}],"circlet_count":0,"master_deck":["Strike_P","Strike_P","Strike_P+1","Defend_P","Defend_P+1","Defend_P","Eruption+1","Vigilance","FlyingSleeves","Halt","Wireheading","ThirdEye+1","DeusExMachina","Weave","ClearTheMind","Establishment","Wireheading","SashWhip+1","Wireheading","Nirvana","Writhe"],"relics":["VioletLotus","Bag of Marbles","Strawberry","Centennial Puzzle","Mummified Hand","Cursed Key","Toy Ornithopter"],"acts_visited":["Exordium","TheCity"],"potions_floor_usage":[12,12,23,23,23],"damage_taken":[{"damage":2,"enemies":"Cultist","floor":1,"turns":3},{"damage":5,"enemies":"Small Slimes","floor":5,"turns":4},{"damage":44,"enemies":"3 Sentries","floor":7,"turns":10},{"damage":0,"enemies":"Jaw Worm","floor":10,"turns":4},{"damage":7,"enemies":"Lagavulin","floor":12,"turns":7},{"damage":3,"enemies":"Blue Slaver","floor":13,"turns":4},{"damage":23,"enemies":"3 Sentries","floor":14,"turns":9},{"damage":26,"enemies":"Hexaghost","floor":16,"turns":10},{"damage":3,"enemies":"3 Byrds","floor":18,"turns":6},{"damage":38,"enemies":"2 Thieves","floor":19,"turns":5},{"damage":22,"enemies":"3 Cultists","floor":21,"turns":5},{"damage":31,"enemies":"Gremlin Leader","floor":23,"turns":2}],"seed_played":"-6720096720169248323","potions_obtained":[{"floor":5,"key":"Energy Potion"},{"floor":7,"key":"LiquidMemories"},{"floor":19,"key":"Strength Potion"},{"floor":21,"key":"FearPotion"}],"is_trial":false,"path_per_floor":["M","?","?","$","M","R","E","R","T","M","R","E","M","E","R","B",null,"M","M","$","M","?","E"],"character_chosen":"WATCHER","items_purchased":["Wireheading","PowerPotion"],"campfire_rested":2,"item_purchase_floors":[20,20],"current_hp_per_floor":[70,56,72,72,67,67,23,44,51,51,51,44,41,18,41,15,79,76,38,38,16,16,0,0],"gold":171,"neow_bonus":"BOSS_RELIC","is_daily":false,"chose_seed":false,"campfire_upgraded":2,"win_rate":0.0,"timestamp":1610992977,"path_taken":["M","?","?","$","?","R","E","R","T","M","R","E","M","E","R","BOSS","M","M","$","M","?","E"],"items_purchased_type":["Card","Potion"],"build_version":"2020-12-22","purchased_purges":2,"victory":false,"max_hp_per_floor":[72,72,72,72,72,72,72,72,79,79,79,79,79,79,79,79,79,79,79,79,79,79,79,79],"relic_stats":{"Centennial Puzzle":[21],"counters":[12,69],"Mummified Hand":[15],"VioletLotus":[12],"Cursed Key":0,"obtain_stats":[{"Centennial Puzzle":12,"Mummified Hand":14,"Strawberry":9,"VioletLotus":0,"Bag of Marbles":7,"PureWater":0,"Cursed Key":17,"Toy Ornithopter":22},{"Centennial Puzzle":5,"Mummified Hand":7,"Strawberry":3,"VioletLotus":0,"Bag of Marbles":3,"PureWater":0,"Cursed Key":8,"Toy Ornithopter":11},{"Centennial Puzzle":28,"Mummified Hand":41,"Strawberry":17,"VioletLotus":0,"Bag of Marbles":17,"PureWater":0,"Cursed Key":51,"Toy Ornithopter":67}],"Toy Ornithopter":15},"card_choices":[{"not_picked":["CrushJoints","CarveReality"],"picked":"FlyingSleeves","floor":1},{"not_picked":["WaveOfTheHand","Vengeance"],"picked":"Halt","floor":5},{"not_picked":["Consecrate","PathToVictory"],"picked":"Wireheading","floor":7},{"not_picked":["CarveReality","Swivel"],"picked":"ThirdEye","floor":10},{"not_picked":["Conclude","Pray"],"picked":"DeusExMachina","floor":12},{"not_picked":["Protect","Sanctity"],"picked":"Weave","floor":13},{"not_picked":["FlyingSleeves","Crescendo"],"picked":"ClearTheMind","floor":14},{"not_picked":["ConjureBlade","Judgement"],"picked":"Establishment","floor":16},{"not_picked":["PathToVictory","FlurryOfBlows"],"picked":"Wireheading","floor":18},{"not_picked":["FlyingSleeves","Weave"],"picked":"SashWhip+1","floor":19},{"not_picked":["EmptyBody","ClearTheMind+1"],"picked":"Nirvana","floor":21}],"player_experience":425741,"relics_obtained":[{"floor":7,"key":"Bag of Marbles"},{"floor":9,"key":"Strawberry"},{"floor":12,"key":"Centennial Puzzle"},{"floor":14,"key":"Mummified Hand"}],"event_choices":[{"damage_healed":0,"gold_gain":0,"player_choice":"Entered Light","damage_taken":14,"max_hp_gain":0,"max_hp_loss":0,"event_name":"Shining Light","floor":2,"gold_loss":0,"cards_upgraded":["Strike_P","Defend_P"]},{"damage_healed":16,"gold_gain":0,"player_choice":"Full Heal","damage_taken":0,"max_hp_gain":0,"max_hp_loss":0,"event_name":"Wheel of Change","floor":3,"gold_loss":0},{"damage_healed":0,"gold_gain":0,"player_choice":"Opened","damage_taken":0,"relics_obtained":["Toy Ornithopter"],"max_hp_gain":0,"max_hp_loss":0,"event_name":"The Mausoleum","floor":22,"gold_loss":0,"cards_obtained":["Writhe"]}],"is_beta":false,"boss_relics":[{"not_picked":["SlaversCollar","Sozu"],"picked":"Cursed Key"}],"items_purged_floors":[4,20],"is_endless":false,"potions_floor_spawned":[5,7,19,21],"killed_by":"Gremlin Leader","ascension_level":3}}