{"host":"thin","time":1610940167,"event":{"mods":["BaseMod","Colored Powertips","Googly Eyes","Minty Spire (QoL Compilation)","Replay The Spire","Shop Mod","StSLib","The Bug Knight"],"gold_per_floor":[111,32,32,42,42,42,76,76,76,101,120,120,130,162,162,264,264,283,302,302,302,315,359,359,394,406,463,491,523,535,588,600,718,730,761,773,494,529,64,91,91,102,102,135,151,168,168,168],"floor_reached":47,"language":"ZHS","playtime":2353,"items_purged":["HollowMod:RadiancesLament"],"score":878,"play_id":"836d3e62-6d65-4980-9a20-02670cb80502","local_time":"20210118112247","is_ascension_mode":true,"campfire_choices":[{"data":"HollowMod:PogoStrike","floor":6.0,"key":"SMITH"},{"data":"1","floor":8.0,"key":"LIFT"},{"data":"2","floor":15.0,"key":"LIFT"},{"floor":24.0,"key":"REST"},{"data":"3","floor":32.0,"key":"LIFT"},{"floor":41.0,"key":"RECALL"}],"circlet_count":0,"master_deck":["HollowMod:FocusHealStart","HollowMod:PogoStrike+1","HollowMod:SiblingsSouls","HollowMod:SiblingsSouls","HollowMod:Weaversong","HollowMod:theNailsmith","HollowMod:CornifersMapStart","HollowMod:HerrahsAnger","HollowMod:CycloneSlash","HollowMod:DoubleDash","HollowMod:NewLittleFool","HollowMod:QuirrelsAssistance","HollowMod:ElderbugsWisdom","HollowMod:SlysStrikes","HollowMod:NewGlowingWomb","HollowMod:RecoilStrike","HollowMod:DashSlash+1","HollowMod:SoulShaman+1","Bite","Bite","Bite","Bite","Bite","HollowMod:ChannelNail","HollowMod:CloakDash","HollowMod:MidwifesHunger","HollowMod:NewLastStag","HollowMod:ChannelNail+1","Magnetism"],"relics":["HollowMod:VesselMask","CultistMask","Girya","Iron Hammer","Replay:WaspNest","Mango","Bag of Marbles","Pandora\u0027s Box","ReplayTheSpireMod:TigerMarble","CeramicFish","MawBank","Happy Flower","Busted Crown","Kunai","Replay:Bottled Steam","Ancient Tea Set"],"acts_visited":["Exordium","TheCity","TheBeyond"],"potions_floor_usage":[47],"damage_taken":[{"damage":2.0,"enemies":"Jaw Worm","floor":1.0,"turns":4.0},{"damage":1.0,"enemies":"Cultist","floor":4.0,"turns":4.0},{"damage":15.0,"enemies":"3 Sentries","floor":7.0,"turns":6.0},{"damage":0.0,"enemies":"HollowMod:MossKnight","floor":10.0,"turns":3.0},{"damage":0.0,"enemies":"Small Slimes","floor":11.0,"turns":2.0},{"damage":7.0,"enemies":"Gremlin Gang","floor":13.0,"turns":4.0},{"damage":10.0,"enemies":"Replay:BlueRogue","floor":14.0,"turns":5.0},{"damage":56.0,"enemies":"Fading Forest","floor":16.0,"turns":11.0},{"damage":21.0,"enemies":"3 Byrds","floor":18.0,"turns":4.0},{"damage":38.0,"enemies":"Chosen","floor":19.0,"turns":4.0},{"damage":37.0,"enemies":"Snake Plant","floor":22.0,"turns":4.0},{"damage":15.0,"enemies":"Slavers","floor":23.0,"turns":3.0},{"damage":37.0,"enemies":"Book of Stabbing","floor":25.0,"turns":4.0},{"damage":7.0,"enemies":"Snecko","floor":28.0,"turns":3.0},{"damage":17.0,"enemies":"Centurion and Healer","floor":29.0,"turns":8.0},{"damage":43.0,"enemies":"HollowMod:Nosk","floor":31.0,"turns":6.0},{"damage":23.0,"enemies":"Automaton","floor":33.0,"turns":6.0},{"damage":3.0,"enemies":"Orb Walker","floor":35.0,"turns":2.0},{"damage":24.0,"enemies":"3 Darklings","floor":38.0,"turns":4.0},{"damage":24.0,"enemies":"Reptomancer","floor":40.0,"turns":6.0},{"damage":23.0,"enemies":"Sphere and 2 Shapes","floor":42.0,"turns":3.0},{"damage":5.0,"enemies":"Giant Head","floor":44.0,"turns":4.0},{"damage":12.0,"enemies":"Jaw Worm Horde","floor":45.0,"turns":3.0},{"damage":74.0,"enemies":"HollowMod:SlobberingHusk","floor":46.0,"turns":5.0},{"damage":41,"enemies":"Nemesis","floor":47,"turns":2}],"seed_played":"-7417159048472747289","potions_obtained":[{"floor":3.0,"key":"GamblersBrew"},{"floor":3.0,"key":"EntropicBrew"},{"floor":3.0,"key":"GamblersBrew"},{"floor":4.0,"key":"Energy Potion"},{"floor":10.0,"key":"Doom Potion"},{"floor":13.0,"key":"EssenceOfSteel"},{"floor":14.0,"key":"SkillPotion"},{"floor":22.0,"key":"DistilledChaos"},{"floor":25.0,"key":"ColorlessPotion"},{"floor":28.0,"key":"Regen Potion"},{"floor":29.0,"key":"SteroidPotion"},{"floor":40.0,"key":"DistilledChaos"},{"floor":44.0,"key":"PowerPotion"}],"is_trial":false,"path_per_floor":["M","$","?","M","?","R","E","R","T","E","M","?","M","E","R","B",null,"M","M","T","?","M","E","R","E","T","?","M","M","$","E","R","B",null,"M","?","?","M","$","E","R","M","T","E","M","M","E"],"character_chosen":"THE_BUGKNIGHT","items_purchased":["HollowMod:RadiancesLament","Kunai","Magnetism"],"campfire_rested":1,"item_purchase_floors":[2,39,39],"current_hp_per_floor":[75,75,75,75,75,75,66,66,66,72,72,86,79,75,75,35,76,65,27,27,56,37,22,48,27,27,27,31,51,51,28,28,31,75,80,80,80,68,68,54,54,46,46,45,44,19,0,0],"gold":168,"neow_bonus":"RANDOM_EVENT","is_daily":false,"chose_seed":false,"campfire_upgraded":1,"win_rate":0.0,"timestamp":1610940167,"path_taken":["M","$","?","?","?","R","E","R","T","E","?","?","?","E","R","BOSS","M","?","?","?","M","E","R","E","T","?","M","M","$","E","R","BOSS","M","?","?","M","$","E","R","M","T","E","M","?","E"],"items_purchased_type":["Card","Relic","Card"],"build_version":"2020-12-18","purchased_purges":1,"victory":false,"max_hp_per_floor":[75,75,75,75,75,75,75,75,75,75,75,89,89,89,89,89,89,89,89,89,89,89,89,89,89,89,89,89,89,89,89,89,89,89,89,89,89,89,89,89,89,89,89,89,89,89,89,89],"card_choices":[{"not_picked":["HollowMod:VengefulVoid","HollowMod:CoiledNail"],"picked":"HollowMod:SiblingsSouls","floor":1.0},{"not_picked":["HollowMod:TaintedHusks","HollowMod:VengefulVoid"],"picked":"HollowMod:SiblingsSouls","floor":4.0},{"not_picked":["HollowMod:ChannelNail","HollowMod:FastStrike"],"picked":"HollowMod:Weaversong","floor":7.0},{"not_picked":["HollowMod:HowlingWraiths","HollowMod:HeavyBlow"],"picked":"HollowMod:theNailsmith","floor":10.0},{"not_picked":["HollowMod:NewJinnsSoul","HollowMod:DoubleDash"],"picked":"HollowMod:CornifersMapStart","floor":11.0},{"not_picked":["HollowMod:SharpenedNail","HollowMod:LuriensSpire","HollowMod:DescendingDark"],"picked":"SKIP","floor":13.0},{"not_picked":["HollowMod:MonarchWings","HollowMod:HuntersJournal"],"picked":"HollowMod:HerrahsAnger","floor":14.0},{"not_picked":["HollowMod:HeavyBlow","HollowMod:CornifersMapStart","HollowMod:QuirrelsAssistance"],"picked":"SKIP","floor":18.0},{"not_picked":["HollowMod:LifebloodCocoon","HollowMod:ShapeofUnn","HollowMod:ShadowDash"],"picked":"SKIP","floor":19.0},{"not_picked":["HollowMod:SoulStrike+1","HollowMod:HowlingWraiths"],"picked":"HollowMod:DashSlash+1","floor":22.0},{"not_picked":["HollowMod:SiblingsSouls","HollowMod:CloakDash"],"picked":"HollowMod:SoulShaman+1","floor":23.0},{"not_picked":["HollowMod:BlackTendrils","HollowMod:WraithStrike","HollowMod:HeavyBlow"],"picked":"SKIP","floor":25.0},{"not_picked":["HollowMod:GoodIntentions","HollowMod:HeavyBlow","HollowMod:InfectionAssault+1"],"picked":"SKIP","floor":28.0},{"not_picked":["HollowMod:FallenFury","HollowMod:VengefulVoid"],"picked":"HollowMod:ChannelNail","floor":29.0},{"not_picked":["HollowMod:SoulEater","HollowMod:DashSlash+1"],"picked":"HollowMod:CloakDash","floor":31.0},{"not_picked":["HollowMod:HerrahsAnger","HollowMod:PaleKingsBlessing"],"picked":"HollowMod:MidwifesHunger","floor":33.0},{"not_picked":["HollowMod:ShadowDash"],"picked":"SKIP","floor":35.0},{"not_picked":[],"picked":"HollowMod:ChannelNail+1","floor":38.0},{"not_picked":["HollowMod:CycloneSlash+1"],"picked":"SKIP","floor":40.0},{"not_picked":["HollowMod:DashSlash+1"],"picked":"SKIP","floor":42.0},{"not_picked":["HollowMod:CycloneSlash+1"],"picked":"SKIP","floor":44.0},{"not_picked":["HollowMod:InfectedCysts"],"picked":"SKIP","floor":45.0},{"not_picked":["HollowMod:SoulStrike"],"picked":"SKIP","floor":46.0}],"player_experience":944942,"relics_obtained":[{"floor":7.0,"key":"Girya"},{"floor":9.0,"key":"Iron Hammer"},{"floor":10.0,"key":"Replay:WaspNest"},{"floor":14.0,"key":"Bag of Marbles"},{"floor":20.0,"key":"ReplayTheSpireMod:TigerMarble"},{"floor":23.0,"key":"CeramicFish"},{"floor":25.0,"key":"MawBank"},{"floor":26.0,"key":"Blood Vial"},{"floor":31.0,"key":"Happy Flower"},{"floor":40.0,"key":"Replay:Bottled Steam"},{"floor":44.0,"key":"Ancient Tea Set"}],"event_choices":[{"damage_healed":0.0,"max_hp_gain":0.0,"max_hp_loss":0.0,"gold_gain":0.0,"event_name":"Lab","player_choice":"Got Potions","floor":3.0,"gold_loss":0.0,"damage_taken":0.0},{"damage_healed":0.0,"max_hp_gain":0.0,"max_hp_loss":0.0,"gold_gain":0.0,"event_name":"FaceTrader","player_choice":"Trade","floor":5.0,"gold_loss":0.0,"damage_taken":0.0,"relics_obtained":["CultistMask"]},{"damage_healed":0.0,"max_hp_gain":0.0,"max_hp_loss":0.0,"gold_gain":0.0,"event_name":"WeMeetAgain","player_choice":"Gave Potion","floor":12.0,"gold_loss":0.0,"damage_taken":0.0,"relics_obtained":["Mango"]},{"damage_healed":29.0,"max_hp_gain":0.0,"max_hp_loss":0.0,"gold_gain":0.0,"event_name":"The Library","player_choice":"Heal","floor":21.0,"gold_loss":0.0,"damage_taken":0.0},{"damage_healed":0.0,"max_hp_gain":0.0,"max_hp_loss":0.0,"gold_gain":0.0,"event_name":"Vampires","player_choice":"Became a vampire (Vial)","floor":27.0,"relics_lost":["Blood Vial"],"gold_loss":0.0,"damage_taken":0.0,"cards_obtained":["Bite","Bite","Bite","Bite","Bite"]},{"damage_healed":0.0,"max_hp_gain":0.0,"max_hp_loss":0.0,"gold_gain":0.0,"event_name":"Tomb of Lord Red Mask","player_choice":"Ignored","floor":36.0,"gold_loss":0.0,"damage_taken":0.0}],"is_beta":true,"boss_relics":[{"not_picked":["Empty Cage","Calling Bell"],"picked":"Pandora\u0027s Box"},{"not_picked":["Astrolabe","Kintsugi"],"picked":"Busted Crown"}],"items_purged_floors":[39],"is_endless":false,"potions_floor_spawned":[4,10,13,14,22,25,28,29,40,44],"killed_by":"Nemesis","ascension_level":9}}