{"host":"st1kg310ms6sytc5","time":1610984268,"event":{"mods":["Act Like it!","BaseMod","CapriCore","Downfall","Minty Spire (QoL Compilation)","StSLib","SuperFastMode"],"gold_per_floor":[99,109,129,149,168,201,247,274,274,290,311,111,144,158,174,174,174,174],"floor_reached":16,"language":"ZHS","playtime":3564,"items_purged":[],"score":183,"play_id":"91d5bcf9-e02e-414f-921e-6fc59d327f14","local_time":"20210118233748","is_ascension_mode":true,"campfire_choices":[{"data":"hexamod:Float","floor":1.0,"key":"SMITH"},{"data":"hexamod:GhostLash","floor":12,"key":"SMITH"}],"circlet_count":0,"master_deck":["hexamod:Strike+1","hexamod:Strike","hexamod:Strike","hexamod:Defend+1","hexamod:Defend+1","hexamod:Defend","hexamod:Defend","hexamod:Sear","hexamod:Float+1","hexamod:FastForward","hexamod:ThirdSeal","hexamod:FourthSeal","hexamod:GhostLash+1","hexamod:RecurringNightmare","hexamod:GhostLash","hexamod:SecondSeal","hexamod:SixthSeal","hexamod:SoulSteal","hexamod:FirstSeal","hexamod:AdvancingGuard+1","hexamod:SpectersWail","hexamod:GhostLash","hexamod:GhostShield"],"relics":["hexamod:SpiritBrand","Du-Vu Doll","StrikeDummy","Juzu Bracelet","downfall:HeartBlessingBlue","downfall:HeartBlessingGreen","Kunai"],"acts_visited":["Exordium"],"potions_floor_usage":[10,13,14,16,16],"damage_taken":[{"damage":6.0,"enemies":"Small Slimes","floor":2.0,"turns":5.0},{"damage":2.0,"enemies":"Jaw Worm","floor":3.0,"turns":3.0},{"damage":0.0,"enemies":"2 Louse","floor":4.0,"turns":5.0},{"damage":6.0,"enemies":"Blue Slaver","floor":5.0,"turns":5.0},{"damage":17.0,"enemies":"Lagavulin","floor":6.0,"turns":7.0},{"damage":1.0,"enemies":"3 Sentries","floor":8.0,"turns":5.0},{"damage":1,"enemies":"Lots of Slimes","floor":10,"turns":4},{"damage":0,"enemies":"Large Slime","floor":11,"turns":6},{"damage":8,"enemies":"Gremlin Nob","floor":13,"turns":4},{"damage":10,"enemies":"Blue Slaver","floor":14,"turns":4},{"damage":0,"enemies":"Gremlin Gang","floor":15,"turns":3},{"damage":26,"enemies":"IC_STATUS_ARCHETYPE","floor":16,"turns":8}],"seed_played":"6814016390014600050","potions_obtained":[{"floor":2.0,"key":"Weak Potion"},{"floor":5.0,"key":"Weak Potion"},{"floor":5.0,"key":"SkillPotion"},{"floor":6.0,"key":"SpeedPotion"},{"floor":8.0,"key":"ColorlessPotion"},{"floor":8.0,"key":"GamblersBrew"},{"floor":13,"key":"Weak Potion"},{"floor":13,"key":"champ:CounterPotion"},{"floor":14,"key":"Explosive Potion"},{"floor":15,"key":"Ancient Potion"}],"is_trial":false,"path_per_floor":["R","M","M","M","M","E","T","E","?","M","M","R","E","M","M","B"],"character_chosen":"THE_SPIRIT","items_purchased":[],"campfire_rested":0,"item_purchase_floors":[],"current_hp_per_floor":[45,39,37,37,31,14,14,13,13,12,12,22,21,18,25,0,0,0],"gold":174,"neow_bonus":"ONE_RARE_RELIC","is_daily":false,"chose_seed":false,"campfire_upgraded":2,"win_rate":0.0,"timestamp":1610984268,"path_taken":["R","M","M","M","M","E","T","E","?","M","M","R","E","M","M","BOSS"],"items_purchased_type":[],"build_version":"2020-12-22","purchased_purges":0,"victory":false,"max_hp_per_floor":[70,70,70,70,70,70,70,70,70,70,70,80,80,80,80,80,80,80],"card_choices":[{"not_picked":["hexamod:GhostflameBarrier","hexamod:ThermalTransfer"],"picked":"hexamod:FastForward","floor":2.0},{"not_picked":["hexamod:StepThrough","hexamod:Firestarter"],"picked":"hexamod:ThirdSeal","floor":3.0},{"not_picked":["hexamod:ShieldOfDarkness","hexamod:RadiantFlame"],"picked":"hexamod:FourthSeal","floor":4.0},{"not_picked":["hexamod:SuperheatedStrike","hexamod:HauntingEcho","hexamod:BacktrackSmack"],"picked":"SKIP","floor":4.0},{"not_picked":["hexamod:HeatShield","hexamod:Rewind"],"picked":"hexamod:GhostLash","floor":5.0},{"not_picked":["hexamod:ShieldOfDarkness","hexamod:ThermalTransfer","hexamod:EmpoweredFlame"],"picked":"SKIP","floor":5.0},{"not_picked":["hexamod:Incineration","hexamod:HauntingEcho"],"picked":"hexamod:RecurringNightmare","floor":6.0},{"not_picked":["hexamod:StepThrough","hexamod:NightmareStrike"],"picked":"hexamod:GhostLash","floor":6.0},{"not_picked":["hexamod:EtherealExpedition","hexamod:HeatShield"],"picked":"hexamod:SecondSeal","floor":8.0},{"not_picked":["hexamod:Incineration","hexamod:HeatMetal"],"picked":"hexamod:SixthSeal","floor":8.0},{"not_picked":["hexamod:InspiringFlames","hexamod:Firestarter","hexamod:Rewind"],"picked":"SKIP","floor":10},{"not_picked":["hexamod:ThirdSeal","hexamod:InspiringFlames"],"picked":"hexamod:SoulSteal","floor":11},{"not_picked":["hexamod:Hexaguard","hexamod:ThermalTransfer"],"picked":"hexamod:FirstSeal","floor":11},{"not_picked":["hexamod:AdvancingGuard","hexamod:SuperheatedStrike","hexamod:BacktrackSmack"],"picked":"SKIP","floor":13},{"not_picked":["hexamod:CatchUp","hexamod:HexaLevel","hexamod:SoulSteal"],"picked":"SKIP","floor":13},{"not_picked":["hexamod:SuperheatedStrike","hexamod:BacktrackSmack"],"picked":"hexamod:AdvancingGuard","floor":13},{"not_picked":["hexamod:CatchUp","hexamod:HexaLevel","hexamod:SoulSteal"],"picked":"SKIP","floor":13},{"not_picked":["hexamod:BacktrackSmack","hexamod:SwordOfDarkness"],"picked":"hexamod:SpectersWail","floor":14},{"not_picked":["hexamod:HeatCrush","hexamod:Rewind"],"picked":"hexamod:GhostLash","floor":14},{"not_picked":["hexamod:AdvancingGuard","hexamod:SwordOfDarkness"],"picked":"hexamod:GhostShield","floor":15},{"not_picked":["hexamod:SuperheatedStrike","hexamod:InspiringFlames","hexamod:BurningTouch"],"picked":"SKIP","floor":15}],"player_experience":1556178,"relics_obtained":[{"floor":6.0,"key":"StrikeDummy"},{"floor":8.0,"key":"Juzu Bracelet"},{"floor":13,"key":"Kunai"}],"event_choices":[{"cards_removed":["hexamod:Strike"],"damage_healed":0.0,"max_hp_gain":0.0,"max_hp_loss":0.0,"gold_gain":0.0,"event_name":"Living Wall","player_choice":"Forget","floor":9.0,"gold_loss":0.0,"damage_taken":0.0}],"is_beta":false,"boss_relics":[],"items_purged_floors":[],"is_endless":false,"potions_floor_spawned":[2,5,6,8,13],"killed_by":"IC_STATUS_ARCHETYPE","ascension_level":9}}