{"host":"l4bxlkn39ih8kz7u","time":1610982181,"event":{"mods":["100% Spire Juice","AchievementEnabler","Act Like it!","Ascension Unlocker","BaseMod","Better Third Choice","CapriCore","Custom Start","Elementarium","Gensokyo","GifTheSpireLib","HololiveMod","KinomotoSakuraMod(????)","KomeijiMod","Minty Spire (QoL Compilation)","Quick Restart","Railgun Mod","Random Character Button","Random Character Mod","Shop Mod","StSLib","SuperFastMode","The Alterego","The Immortal","The Servant 0.9.4","Waifu the Spire","WarShipGirlsR/????R mod","Yuri Mod"],"gold_per_floor":[109,109,109,119,119,149,4,4,31,66,78,78,78,96,96,191,191,210,220,220,233,233,259,259,279,357,374,393,294,294,10,10,111,111,125,142,154,1,16,16,16,32,32,32,32,32,7,27,27,27],"floor_reached":51,"language":"RUS","playtime":3316,"items_purged":[],"score":702,"play_id":"a0de8b84-9ab2-4e11-a111-99a84fdde7da","local_time":"20210118180301","is_ascension_mode":false,"campfire_choices":[{"data":"Moonworks:IndiscriminateFireSupport","floor":8.0,"key":"SMITH"},{"floor":15.0,"key":"REST"},{"data":"Moonworks:MetallicMonocoque","floor":30.0,"key":"SMITH"},{"floor":32.0,"key":"REST"},{"data":"Moonworks:MetallicMonocoque","floor":40.0,"key":"SMITH"},{"floor":44.0,"key":"REST"},{"data":"Moonworks:MetallicMonocoque","floor":46.0,"key":"SMITH"},{"floor":49.0,"key":"REST"}],"circlet_count":0,"master_deck":["Moonworks:Strike","Moonworks:Strike","Moonworks:Strike","Moonworks:Strike","Moonworks:Defend+1","Moonworks:Defend","Moonworks:Defend","Moonworks:Defend","Moonworks:Ambush","Moonworks:LongDistanceShot+1","Moonworks:EvilSpyWorkPreparation","Moonworks:IndiscriminateFireSupport+1","Moonworks:TacticalRetreat","Moonworks:GoAway","Moonworks:AwakeningOfTalent","Moonworks:MetallicMonocoque+1","CurseOfTheBell","Moonworks:ForcedRevival","Moonworks:RagingMadness","Moonworks:FinalSurgery+1","Moonworks:MetallicMonocoque+1","Moonworks:AngelHand+1","Moonworks:StarBlastingFuse","Moonworks:MetallicMonocoque+1","Moonworks:RedAndBlue+1","Moonworks:RagingMadness+1","Moonworks:EvilSpyWorkPreparation","Moonworks:EvilSpyWorkPreparation","Moonworks:SealedMemories"],"relics":["Moonworks:BrokenBomb","Moonworks:Homemark","NeowsBlessing","Vajra","Unceasing Top","Toy Ornithopter","Happy Flower","Bag of Preparation","InkBottle","Calling Bell","Nunchaku","Pear","Incense Burner","Pen Nib","Shuriken","TungstenRod","Sling","Sozu","Ancient Tea Set","Letter Opener"],"acts_visited":["Exordium","TheCity","TheBeyond"],"potions_floor_usage":[],"damage_taken":[{"damage":0.0,"enemies":"Jaw Worm","floor":1.0,"turns":1.0},{"damage":0.0,"enemies":"2 Louse","floor":4.0,"turns":1.0},{"damage":0.0,"enemies":"Lagavulin","floor":6.0,"turns":1.0},{"damage":16.0,"enemies":"Gremlin Nob","floor":10.0,"turns":3.0},{"damage":0.0,"enemies":"Cultist","floor":11.0,"turns":1.0},{"damage":0.0,"enemies":"2 Fungi Beasts","floor":14.0,"turns":2.0},{"damage":12.0,"enemies":"The Guardian","floor":16.0,"turns":11.0},{"damage":0.0,"enemies":"Chosen","floor":18.0,"turns":4.0},{"damage":0.0,"enemies":"Spheric Guardian","floor":19.0,"turns":3.0},{"damage":14.0,"enemies":"Centurion and Healer","floor":21.0,"turns":9.0},{"damage":0.0,"enemies":"Gremlin Leader","floor":23.0,"turns":7.0},{"damage":13.0,"enemies":"Shelled Parasite and Fungi","floor":25.0,"turns":5.0},{"damage":22.0,"enemies":"Snake Plant","floor":27.0,"turns":4.0},{"damage":1.0,"enemies":"Cultist and Chosen","floor":28.0,"turns":7.0},{"damage":37.0,"enemies":"Collector","floor":33.0,"turns":8.0},{"damage":0.0,"enemies":"Orb Walker","floor":35.0,"turns":4.0},{"damage":5.0,"enemies":"3 Shapes","floor":36.0,"turns":4.0},{"damage":22.0,"enemies":"Spire Growth","floor":37.0,"turns":6.0},{"damage":15.0,"enemies":"Sphere and 2 Shapes","floor":39.0,"turns":3.0},{"damage":11.0,"enemies":"4 Shapes","floor":42.0,"turns":2.0},{"damage":1.0,"enemies":"Spire Growth","floor":48.0,"turns":5.0},{"damage":72,"enemies":"Time Eater","floor":50,"turns":12}],"seed_played":"-8359755286493886915","potions_obtained":[{"floor":1.0,"key":"SmokeBomb"},{"floor":4.0,"key":"Ancient Potion"},{"floor":11.0,"key":"Block Potion"},{"floor":18.0,"key":"Regen Potion"},{"floor":25.0,"key":"Energy Potion"}],"is_trial":false,"path_per_floor":["M","?","?","M","T","E","$","R","T","E","M","?","$","M","R","B",null,"M","M","?","M","$","E","?","M","T","M","M","?","R","$","R","B",null,"M","M","M","$","M","R","$","M","T","R","?","R","$","M","R","B",null],"character_chosen":"THE_STARBREAKER","items_purchased":["Happy Flower","Sling","Moonworks:StarBlastingFuse","Ancient Tea Set","Moonworks:EvilSpyWorkPreparation"],"campfire_rested":4,"item_purchase_floors":[7,31,31,38,47],"current_hp_per_floor":[60,48,48,48,48,48,48,48,48,32,32,20,20,20,38,26,70,70,70,70,61,61,66,66,53,53,31,35,35,35,35,56,29,70,70,65,48,48,33,33,33,37,37,58,58,58,58,57,70,3],"gold":27,"neow_bonus":"THREE_ENEMY_KILL","is_daily":false,"chose_seed":false,"campfire_upgraded":4,"win_rate":0.0,"timestamp":1610982181,"path_taken":["M","?","?","M","?","E","?","R","T","E","M","?","$","M","R","BOSS","M","M","?","?","$","E","?","?","T","M","M","?","R","$","R","BOSS","M","?","M","?","?","R","$","M","T","R","?","R","$","M","R","BOSS"],"items_purchased_type":["Relic","Relic","Card","Relic","Card"],"build_version":"2020-12-22","purchased_purges":0,"victory":true,"max_hp_per_floor":[60,60,60,60,60,60,60,60,60,60,60,60,60,60,60,60,70,70,70,70,70,70,70,70,70,70,70,70,70,70,70,70,70,70,70,70,70,70,70,70,70,70,70,70,70,70,70,70,70,70],"card_choices":[{"not_picked":["Moonworks:CastOff","Moonworks:LulusLuckyEgg"],"picked":"Moonworks:EvilSpyWorkPreparation","floor":1.0},{"not_picked":["Moonworks:Dinner","Moonworks:SakisCookie"],"picked":"Moonworks:IndiscriminateFireSupport","floor":4.0},{"not_picked":["Moonworks:WindyEnchantment","Moonworks:Flamethrower"],"picked":"Moonworks:TacticalRetreat","floor":6.0},{"not_picked":["Moonworks:Assault","Moonworks:SakisCookie"],"picked":"Moonworks:GoAway","floor":10.0},{"not_picked":["Moonworks:ImOnFire","Moonworks:BigMagnum","Moonworks:NicePresent"],"picked":"SKIP","floor":11.0},{"not_picked":["Moonworks:BindingChains","Moonworks:CookingTime"],"picked":"Moonworks:AwakeningOfTalent","floor":14.0},{"not_picked":["Moonworks:ReflectiveShell","Moonworks:SubspaceTunnel"],"picked":"Moonworks:MetallicMonocoque","floor":16.0},{"not_picked":["Moonworks:SakisCookie+1","Moonworks:EvilSpyWorkPreparation+1"],"picked":"Moonworks:ForcedRevival","floor":18.0},{"not_picked":["Moonworks:Bloodlust","Moonworks:JonathanRush+1"],"picked":"Moonworks:RagingMadness","floor":19.0},{"not_picked":["Moonworks:SelfDestruct+1","Moonworks:NicePresent","Moonworks:BigMagnum"],"picked":"SKIP","floor":21.0},{"not_picked":["Moonworks:JonathanRush","Moonworks:BigMagnum"],"picked":"Moonworks:FinalSurgery+1","floor":23.0},{"not_picked":["Moonworks:BigMagnum","Moonworks:ImOnFire","Moonworks:DeployBits"],"picked":"SKIP","floor":25.0},{"not_picked":["Moonworks:CloudOfSeagulls","Moonworks:DevilHand","Moonworks:DeployBits"],"picked":"SKIP","floor":27.0},{"not_picked":["Moonworks:CastOff","Moonworks:ScrambledEve+1"],"picked":"Moonworks:AngelHand+1","floor":28.0},{"not_picked":["Moonworks:ReflectiveShell","Moonworks:PlushieMaster"],"picked":"Moonworks:MetallicMonocoque","floor":33.0},{"not_picked":["Moonworks:DeployBits+1","Moonworks:LulusLuckyEgg"],"picked":"Moonworks:RedAndBlue+1","floor":35.0},{"not_picked":["Moonworks:EvilSpyWorkPreparation","Moonworks:CloudOfSeagulls+1"],"picked":"Moonworks:RagingMadness+1","floor":36.0},{"not_picked":["Moonworks:DeployBits+1","Moonworks:IndiscriminateFireSupport+1","Moonworks:EvilSpyWorkPreparation"],"picked":"SKIP","floor":37.0},{"not_picked":["Moonworks:DeployBits+1","Moonworks:IndiscriminateFireSupport+1"],"picked":"Moonworks:EvilSpyWorkPreparation","floor":37.0},{"not_picked":["Moonworks:Heat300Percent","Moonworks:SakisCookie","Moonworks:ImOnFire"],"picked":"SKIP","floor":39.0},{"not_picked":["Moonworks:Assault","Moonworks:x16BigRocket","Moonworks:MiracleRedBeanIceCream+1"],"picked":"SKIP","floor":42.0},{"not_picked":["Moonworks:LulusLuckyEgg+1","Moonworks:Bloodlust"],"picked":"Moonworks:SealedMemories","floor":48.0}],"player_experience":155742,"relics_obtained":[{"floor":5.0,"key":"Unceasing Top"},{"floor":6.0,"key":"Toy Ornithopter"},{"floor":9.0,"key":"Bag of Preparation"},{"floor":10.0,"key":"InkBottle"},{"floor":17.0,"key":"Nunchaku"},{"floor":17.0,"key":"Pear"},{"floor":17.0,"key":"Incense Burner"},{"floor":23.0,"key":"Pen Nib"},{"floor":26.0,"key":"Shuriken"},{"floor":43.0,"key":"Letter Opener"}],"event_choices":[{"damage_healed":0.0,"max_hp_gain":0.0,"max_hp_loss":0.0,"gold_gain":0.0,"event_name":"betterThird:BetterScrap","player_choice":"Relic ","floor":2.0,"gold_loss":0.0,"damage_taken":12.0,"cards_obtained":["Masterful Stab"]},{"damage_healed":0.0,"max_hp_gain":0.0,"max_hp_loss":0.0,"gold_gain":0.0,"event_name":"Golden Wing","player_choice":"Ignored","floor":3.0,"gold_loss":0.0,"damage_taken":0.0},{"damage_healed":32.0,"max_hp_gain":0.0,"max_hp_loss":60.0,"gold_gain":0.0,"event_name":"betterThird:BetterShining","player_choice":"Upgrade","floor":12.0,"gold_loss":0.0,"damage_taken":12.0,"cards_upgraded":["Moonworks:Defend","Moonworks:LongDistanceShot"]},{"damage_healed":0.0,"max_hp_gain":0.0,"max_hp_loss":0.0,"gold_gain":0.0,"event_name":"FaceTrader","player_choice":"Leave","floor":20.0,"gold_loss":0.0,"damage_taken":0.0},{"damage_healed":0.0,"max_hp_gain":0.0,"max_hp_loss":0.0,"gold_gain":0.0,"event_name":"Duplicator","player_choice":"Copied","floor":24.0,"gold_loss":0.0,"damage_taken":0.0,"cards_obtained":["Moonworks:MetallicMonocoque"]},{"damage_healed":0.0,"max_hp_gain":0.0,"max_hp_loss":0.0,"gold_gain":0.0,"event_name":"WeMeetAgain","player_choice":"Paid Gold","floor":29.0,"gold_loss":99.0,"damage_taken":0.0,"relics_obtained":["TungstenRod"]},{"damage_healed":0.0,"max_hp_gain":0.0,"max_hp_loss":0.0,"gold_gain":0.0,"event_name":"Mysterious Sphere","player_choice":"Ignored","floor":45.0,"gold_loss":0.0,"damage_taken":0.0}],"is_beta":false,"boss_relics":[{"not_picked":["Snecko Eye","Busted Crown"],"picked":"Calling Bell"},{"not_picked":["SacredBark","Runic Pyramid"],"picked":"Sozu"}],"items_purged_floors":[],"is_endless":false,"potions_floor_spawned":[1,4,11,18,19,23,25,28,39,48],"ascension_level":0}}