{"host":"0qlrtuw7bw78ucw4","time":1610948964,"event":{"mods":["BaseMod","Downfall","Minty Spire (QoL Compilation)","StSLib"],"gold_per_floor":[349,362,362,190,210,229,229,229,229,242,271,299,296,318,340,352,352,352],"floor_reached":16,"language":"ENG","playtime":1343,"items_purged":["champ:Strike"],"score":120,"play_id":"9178163a-9c70-4629-9d0f-5aac2da8fb16","local_time":"20210118164924","is_ascension_mode":true,"campfire_choices":[{"data":"champ:Taunt","floor":1,"key":"SMITH"},{"data":"champ:GladiatorForm","floor":8,"key":"SMITH"}],"circlet_count":0,"master_deck":["champ:Strike","champ:Strike","champ:Defend","champ:Defend","champ:Defend","champ:Defend","champ:Execute","champ:Taunt+1","champ:GutPunch","champ:GladiatorForm+1","champ:TornadoPunch","champ:Duel","champ:DefensiveStyle","champ:EnchantShield","champ:HeartStrike","champ:BringItOn","champ:RageSigil","champ:Lariat"],"relics":["champ:ChampionCrown","Ornamental Fan","MawBank"],"acts_visited":["Exordium"],"potions_floor_usage":[11],"damage_taken":[{"damage":10,"enemies":"2 Louse","floor":2,"turns":3},{"damage":20,"enemies":"downfall:FleeingMerchant","floor":4,"turns":4},{"damage":21,"enemies":"Cultist","floor":5,"turns":4},{"damage":21,"enemies":"Jaw Worm","floor":6,"turns":7},{"damage":10,"enemies":"Exordium Wildlife","floor":10,"turns":3},{"damage":30,"enemies":"3 Sentries","floor":11,"turns":4},{"damage":26,"enemies":"2 Fungi Beasts","floor":12,"turns":5},{"damage":10,"enemies":"downfall:FleeingMerchant","floor":13,"turns":4},{"damage":11,"enemies":"Lots of Slimes","floor":14,"turns":4},{"damage":19,"enemies":"Exordium Thugs","floor":15,"turns":6},{"damage":22,"enemies":"WA_ARCHETYPE_RETAIN","floor":16,"turns":4}],"seed_played":"7080273199958655996","potions_obtained":[{"floor":6,"key":"champ:CounterPotion"},{"floor":10,"key":"Ancient Potion"},{"floor":11,"key":"Dexterity Potion"},{"floor":12,"key":"champ:OpenerPotion"}],"is_trial":false,"path_per_floor":["R","M","?","$","M","M","T","R","?","M","E","M","$","M","M","B"],"character_chosen":"THE_CHAMP","items_purchased":["champ:Duel"],"campfire_rested":0,"item_purchase_floors":[4],"current_hp_per_floor":[63,63,63,63,62,61,61,61,61,61,41,30,30,24,20,0,0,0],"gold":352,"neow_bonus":"TWO_FIFTY_GOLD","is_daily":false,"chose_seed":false,"campfire_upgraded":2,"win_rate":0.0,"timestamp":1610948964,"path_taken":["R","M","?","?","M","M","T","R","?","?","E","M","$","M","M","BOSS"],"items_purchased_type":["Card"],"build_version":"2020-12-22","purchased_purges":1,"victory":false,"max_hp_per_floor":[90,90,90,90,90,90,90,90,90,90,90,90,90,90,90,90,90,90],"card_choices":[{"not_picked":["champ:CrownThrow","champ:Shatter"],"picked":"champ:GutPunch","floor":2},{"not_picked":["champ:Haymaker","champ:BladeFlurry"],"picked":"champ:TornadoPunch","floor":4},{"not_picked":["champ:StanceDance","champ:Duel","champ:PerfectedStrike"],"picked":"SKIP","floor":5},{"not_picked":["champ:CrownThrow","champ:Shatter"],"picked":"champ:DefensiveStyle","floor":6},{"not_picked":["champ:BerserkersShout","champ:CrownThrow","champ:Backstep"],"picked":"SKIP","floor":10},{"not_picked":["champ:AdrenalArmor","champ:BladeFlurry"],"picked":"champ:EnchantShield","floor":11},{"not_picked":["champ:RapidStrikes","champ:BladeFlurry"],"picked":"champ:HeartStrike","floor":12},{"not_picked":["champ:BladeFlurry","champ:FanOfKnives"],"picked":"champ:BringItOn","floor":13},{"not_picked":["champ:StanceDance","champ:RisingSlash"],"picked":"champ:RageSigil","floor":14},{"not_picked":["champ:DefensiveShout","champ:StanceDance"],"picked":"champ:Lariat","floor":15}],"player_experience":874966,"relics_obtained":[{"floor":7,"key":"Ornamental Fan"},{"floor":11,"key":"MawBank"}],"event_choices":[],"is_beta":false,"boss_relics":[],"items_purged_floors":[4],"is_endless":false,"potions_floor_spawned":[6,10,11,12,14],"killed_by":"WA_ARCHETYPE_RETAIN","ascension_level":3}}