{"host":"3twtdwjpiqhvvn5s","time":1610993509,"event":{"mods":["AchievementEnabler","Act Like it!","Aspiration","BaseMod","BetterRewards","Colored Map","Colored Powertips","Downfall","Duelist Mod","Friendly Minions","GifTheSpireLib","Hallownest","Hermit","Hubris","Infinite Spire","Jorbs\u0027s Wanderer Trilogy","Koishi","KomeijiMod","Marisa????????","Minty Spire (QoL Compilation)","Random Character Mod","Rare Cards Sparkle","Shop Mod","StSLib","Td1madao Mod","The Administrix","The Animator","The Bug Knight","The Caster","The Cursed","The Disciple","The Hierophant","The Necromancer","The Poker Player","The Runesmith","The Servant 0.9.4","TheFirefly"],"gold_per_floor":[110,110,140,140,159,159,159,6,6,6,26,38,56,56,56,56,56],"floor_reached":16,"language":"ENG","playtime":2711,"items_purged":[],"score":90,"play_id":"b21902ab-c47a-4ed5-aa1e-77abd8b2782f","local_time":"20210118121149","daily_mods":["Chimera","Diverse","downfall:Enraging"],"is_ascension_mode":false,"campfire_choices":[{"data":"hierophant:Martyrdom","floor":6,"key":"SMITH"},{"data":"PokerPlayerMod:Fold","floor":10,"key":"SMITH"},{"floor":15,"key":"REST"}],"circlet_count":0,"master_deck":["Bash","Survivor","Zap","Eruption","Strike_R","Strike_G","Strike_B","Defend_R","Defend_G","Defend_P","hierophant:Martyrdom+1","PokerPlayerMod:Fold+1","PokerPlayerMod:CardBurn","Defy","animator:ChlammyZell"],"relics":["TheCursedMod:BlackMagic101","TungstenRod","Hallownest:DreamNailRelic","HoshigumaDish","aspiration:ChemicalBlood","Hallownest:SalubrasBlessingRelic"],"acts_visited":["Hallownest:Greenpath"],"potions_floor_usage":[12,12,13,16,16],"damage_taken":[{"damage":5,"enemies":"Hallownest:2_Baldur","floor":1,"turns":5},{"damage":5,"enemies":"2_ Uuma","floor":5,"turns":6},{"damage":6,"enemies":"Hallownest:2_Tiktiks_and_1_Crawlid","floor":11,"turns":5},{"damage":18,"enemies":"Hallownest:1_Ooma_and_2_Uuma","floor":12,"turns":8},{"damage":13,"enemies":"Hallownest:Wandering_and_Horned","floor":13,"turns":6},{"damage":112,"enemies":"Hallownest:BossHornet","floor":16,"turns":10}],"seed_played":"288647614230556433","potions_obtained":[{"floor":5,"key":"LiquidBronze"},{"floor":12,"key":"BlessingOfTheForge"}],"is_trial":true,"path_per_floor":["M","$","?","T","M","R","?","$","T","R","M","M","M","?","R","B"],"character_chosen":"THE_CURSED","items_purchased":["HoshigumaDish"],"campfire_rested":1,"item_purchase_floors":[8],"current_hp_per_floor":[70,70,70,70,65,65,65,65,65,65,59,41,28,28,52,0,0],"gold":56,"neow_bonus":"","is_daily":false,"chose_seed":false,"campfire_upgraded":2,"win_rate":0.0,"timestamp":1610993509,"path_taken":["M","$","?","?","M","R","?","$","T","R","M","?","M","?","R","BOSS"],"items_purchased_type":["Relic"],"build_version":"2020-12-22","purchased_purges":0,"victory":false,"max_hp_per_floor":[75,75,75,75,75,75,75,75,75,75,75,75,75,75,77,77,77],"card_choices":[{"not_picked":["thefirefly:HyperFocus","DoubleSpark"],"picked":"hierophant:Martyrdom","floor":1},{"not_picked":["Blood_Whip","animator:DolaSchwi"],"picked":"PokerPlayerMod:Fold","floor":5},{"not_picked":["stsjorbsmod:FracturedMind","bronze:OilSpill"],"picked":"PokerPlayerMod:CardBurn","floor":11},{"not_picked":["animator:Demiurge","stsjorbsmod:UnseenServant"],"picked":"Defy","floor":12},{"not_picked":["Runesmith:RunicBlueprint","Koishi:ReleaseOfTheId"],"picked":"animator:ChlammyZell","floor":13}],"player_experience":1848942,"relics_obtained":[{"floor":4,"key":"TungstenRod"},{"floor":9,"key":"aspiration:ChemicalBlood"}],"event_choices":[],"is_beta":false,"boss_relics":[],"items_purged_floors":[],"is_endless":false,"potions_floor_spawned":[5,12],"killed_by":"Hallownest:BossHornet","ascension_level":0}}