{"host":"8d3fefv2347kqkpz","time":1610997949,"event":{"mods":["100% Spire Juice","AchievementEnabler","Act Like it!","Aspiration","BaseMod","Better Vampires","Colored Map","Colored Powertips","Conspire","GifTheSpireLib","Highlight Path","Mimic Mod","Minty Spire (QoL Compilation)","Quick Restart","Reimu£®≤©¿ˆ¡È√Œ£©","Relic Stats","Remilia£®¿Ÿ√◊¿Ú—«£©","Replay The Spire","Spicy Shops","StSLib","The Gatherer","The Jungle","The Senshi","The Servant 0.9.4","Waifu the Spire","vexMod"],"gold_per_floor":[117,117,156,10,20,20,20,20],"floor_reached":7,"language":"ZHS","playtime":208,"items_purged":["Strike_B"],"score":39,"play_id":"a23bcca4-b5c3-45d6-993c-ea44daf8d299","local_time":"20210119032549","is_ascension_mode":false,"campfire_choices":[{"data":"Self Repair","floor":6,"key":"SMITH"}],"circlet_count":0,"master_deck":["Strike_B","Strike_B","Strike_B","Defend_B","Defend_B","Defend_B","Defend_B","Zap","Dualcast","Capacitor","Self Repair+1"],"relics":["Cracked Core","Blue Candle"],"acts_visited":["Exordium"],"potions_floor_usage":[],"damage_taken":[{"damage":5,"enemies":"2 Louse","floor":1,"turns":3},{"damage":27,"enemies":"conspire:MimicChest","floor":3,"turns":6},{"damage":5,"enemies":"Jaw Worm","floor":5,"turns":4},{"damage":0,"enemies":"Lagavulin","floor":7,"turns":3}],"seed_played":"-1626658514316242525","potions_obtained":[{"floor":1,"key":"Strength Potion"},{"floor":5,"key":"Adrenaline Potion"}],"is_trial":false,"path_per_floor":["M","?","?","$","M","R","E"],"character_chosen":"DEFECT","items_purchased":["Self Repair"],"campfire_rested":0,"item_purchase_floors":[4],"current_hp_per_floor":[77,77,50,50,52,52,52,52],"gold":20,"neow_bonus":"TEN_PERCENT_HP_BONUS","is_daily":false,"chose_seed":false,"campfire_upgraded":1,"win_rate":0.0,"timestamp":1610997949,"path_taken":["M","?","?","$","?","R","E"],"items_purchased_type":["Card"],"build_version":"2020-12-22","purchased_purges":1,"victory":false,"max_hp_per_floor":[82,82,82,82,82,82,82,82],"relic_stats":{"counters":[4,16],"Blue Candle":[0],"obtain_stats":[{"Blue Candle":3,"Cracked Core":0},{"Blue Candle":2,"Cracked Core":0},{"Blue Candle":9,"Cracked Core":0}]},"card_choices":[{"not_picked":["conspire:SharedLibrary","Beam Cell"],"picked":"Capacitor","floor":1},{"not_picked":["BasicCrystalCard","ReplaySolidLightProjector","Compile Driver"],"picked":"SKIP","floor":5}],"player_experience":98501,"relics_obtained":[{"floor":3,"key":"Blue Candle"}],"event_choices":[{"damage_healed":0,"gold_gain":0,"player_choice":"Ignored","damage_taken":0,"max_hp_gain":0,"max_hp_loss":0,"event_name":"Shining Light","floor":2,"gold_loss":0}],"is_beta":false,"boss_relics":[],"items_purged_floors":[4],"is_endless":false,"potions_floor_spawned":[1,5],"killed_by":"Lagavulin","ascension_level":0}}