{"host":"prbesmsd58qkujmx","time":1610961276,"event":{"mods":["2.2 Compatiblity","AchievementEnabler","BaseMod","Colored Map","DeckTracker","Highlight Path","Keyboard Shortcuts","Minty Spire (QoL Compilation)","Permanent Neow","Quick Restart","Random Character Button","StSLib","SuperFastMode","everything is the same but u backflip on backflip"],"gold_per_floor":[119,137,15,25,44,44,61,61,61,61,61,61,77,89,89,192,192,205,218,230,230,250,282,292,304,327,227,28,38,70,90,90,193,193,211,211,86,136,136,136,167,182,232,2,29,47,61,71,71,71],"floor_reached":51,"language":"KOR","playtime":2944,"items_purged":["Strike_G","Strike_G","Strike_G"],"score":870,"play_id":"d45cc13d-43d7-4543-b1d4-215178aea457","local_time":"20210118181436","is_ascension_mode":false,"campfire_choices":[{"data":"Deadly Poison","floor":6,"key":"SMITH"},{"data":"Crippling Poison","floor":8,"key":"SMITH"},{"data":"Catalyst","floor":11,"key":"SMITH"},{"data":"Malaise","floor":15,"key":"SMITH"},{"data":"Bouncing Flask","floor":32,"key":"SMITH"},{"data":"Outmaneuver","floor":40,"key":"SMITH"},{"data":"Catalyst","floor":49,"key":"SMITH"}],"circlet_count":0,"master_deck":["Strike_G","Strike_G","Defend_G","Defend_G","Defend_G","Defend_G","Survivor","Neutralize","Bandage Up","Blur","Eviscerate","Backflip","Catalyst+1","Deadly Poison+1","Crippling Poison+1","Malaise+1","After Image","PiercingWail","Deflect+1","Deadly Poison","Escape Plan","Deadly Poison","Bouncing Flask+1","Poisoned Stab","Bullet Time","Choke+1","Malaise","Noxious Fumes","Outmaneuver+1","Deflect","Catalyst+1","Bullet Time","Blur+1","Outmaneuver","Backflip"],"relics":["Ring of the Snake","Paper Crane","SlaversCollar","Bronze Scales","Calipers","Bag of Preparation","Sundial","Runic Pyramid","Unceasing Top","StoneCalendar","Oddly Smooth Stone","DollysMirror","Ornamental Fan"],"acts_visited":["Exordium","TheCity","TheBeyond"],"potions_floor_usage":[24,29,33,45,50,50,50],"damage_taken":[{"damage":0,"enemies":"2 Louse","floor":1,"turns":4},{"damage":1,"enemies":"Jaw Worm","floor":2,"turns":5},{"damage":0,"enemies":"Cultist","floor":4,"turns":4},{"damage":9,"enemies":"Exordium Wildlife","floor":5,"turns":10},{"damage":12,"enemies":"Exordium Thugs","floor":7,"turns":4},{"damage":4,"enemies":"Blue Slaver","floor":13,"turns":3},{"damage":11,"enemies":"3 Louse","floor":14,"turns":4},{"damage":0,"enemies":"Hexaghost","floor":16,"turns":10},{"damage":4,"enemies":"Chosen","floor":18,"turns":4},{"damage":7,"enemies":"Spheric Guardian","floor":19,"turns":5},{"damage":3,"enemies":"Snake Plant","floor":20,"turns":6},{"damage":3,"enemies":"Sentry and Sphere","floor":22,"turns":7},{"damage":6,"enemies":"Gremlin Leader","floor":23,"turns":6},{"damage":12,"enemies":"Snecko","floor":24,"turns":7},{"damage":4,"enemies":"Centurion and Healer","floor":25,"turns":7},{"damage":10,"enemies":"Cultist and Chosen","floor":29,"turns":8},{"damage":6,"enemies":"Book of Stabbing","floor":30,"turns":4},{"damage":16,"enemies":"Snake Plant","floor":31,"turns":3},{"damage":39,"enemies":"Champ","floor":33,"turns":9},{"damage":1,"enemies":"3 Darklings","floor":35,"turns":10},{"damage":8,"enemies":"Mind Bloom Boss Battle","floor":38,"turns":5},{"damage":0,"enemies":"Nemesis","floor":41,"turns":5},{"damage":6,"enemies":"3 Shapes","floor":42,"turns":5},{"damage":0,"enemies":"Giant Head","floor":45,"turns":7},{"damage":3,"enemies":"Jaw Worm Horde","floor":46,"turns":2},{"damage":7,"enemies":"Spire Growth","floor":47,"turns":5},{"damage":6,"enemies":"Writhing Mass","floor":48,"turns":4},{"damage":23,"enemies":"Awakened One","floor":50,"turns":10}],"seed_played":"7159409391090151952","potions_obtained":[{"floor":1,"key":"FearPotion"},{"floor":2,"key":"Poison Potion"},{"floor":7,"key":"SteroidPotion"},{"floor":14,"key":"Block Potion"},{"floor":19,"key":"PowerPotion"},{"floor":22,"key":"Ancient Potion"},{"floor":25,"key":"Regen Potion"},{"floor":31,"key":"LiquidBronze"},{"floor":41,"key":"SkillPotion"},{"floor":46,"key":"Weak Potion"},{"floor":47,"key":"Energy Potion"}],"is_trial":false,"path_per_floor":["M","M","$","M","M","R","M","R","T","?","R","$","M","M","R","B",null,"M","M","M","?","M","E","M","M","T","$","$","M","E","M","R","B",null,"M","?","$","?","?","R","E","M","T","$","E","M","M","M","R","B",null],"character_chosen":"THE_SILENT","items_purchased":["Backflip","Bouncing Flask","Noxious Fumes","Outmaneuver","Catalyst","DollysMirror"],"campfire_rested":0,"item_purchase_floors":[3,28,37,37,44,44],"current_hp_per_floor":[70,70,70,70,62,62,54,54,54,59,59,59,59,52,52,56,75,71,68,69,69,70,68,56,56,56,56,56,65,63,51,51,16,75,74,74,74,70,70,70,74,72,72,72,75,75,72,70,70,51],"gold":71,"neow_bonus":"RANDOM_COLORLESS","is_daily":false,"chose_seed":false,"campfire_upgraded":7,"win_rate":0.0,"timestamp":1610961276,"path_taken":["M","M","$","M","M","R","M","R","T","?","R","$","M","M","R","BOSS","M","M","M","?","M","E","M","M","T","?","$","M","E","M","R","BOSS","M","?","$","?","?","R","E","M","T","$","E","M","M","M","R","BOSS"],"items_purchased_type":["Card","Card","Card","Card","Card","Relic"],"build_version":"2020-12-22","purchased_purges":3,"victory":true,"max_hp_per_floor":[70,70,70,70,70,70,70,70,70,75,75,75,75,75,75,75,75,75,75,75,75,75,75,75,75,75,75,75,75,75,75,75,75,75,75,75,75,75,75,75,75,75,75,75,75,75,75,75,75,75],"card_choices":[{"not_picked":["Madness","PanicButton"],"picked":"Bandage Up","floor":0},{"not_picked":["Leg Sweep","Bane"],"picked":"Blur","floor":1},{"not_picked":["All Out Attack","Prepared"],"picked":"Eviscerate","floor":2},{"not_picked":["Prepared","Dagger Spray"],"picked":"Catalyst","floor":4},{"not_picked":["Underhanded Strike","Masterful Stab"],"picked":"Deadly Poison","floor":5},{"not_picked":["Dagger Throw","Prepared"],"picked":"Crippling Poison","floor":7},{"not_picked":["Bane","Dagger Throw","Backstab"],"picked":"SKIP","floor":13},{"not_picked":["PiercingWail","Dagger Spray"],"picked":"Malaise","floor":14},{"not_picked":["Glass Knife","Wraith Form v2"],"picked":"After Image","floor":16},{"not_picked":["Outmaneuver","Sucker Punch","Finisher"],"picked":"SKIP","floor":18},{"not_picked":["Dash","Well Laid Plans"],"picked":"PiercingWail","floor":19},{"not_picked":["Outmaneuver","Flying Knee"],"picked":"Deflect+1","floor":20},{"not_picked":["Poisoned Stab","Outmaneuver"],"picked":"Deadly Poison","floor":22},{"not_picked":["Prepared","Choke+1","Riddle With Holes"],"picked":"SKIP","floor":23},{"not_picked":["Reflex","Blur"],"picked":"Escape Plan","floor":24},{"not_picked":["Endless Agony+1","A Thousand Cuts"],"picked":"Deadly Poison","floor":25},{"not_picked":["Finisher","Backstab"],"picked":"Poisoned Stab","floor":29},{"not_picked":["Dodge and Roll","Slice","Predator"],"picked":"SKIP","floor":30},{"not_picked":["All Out Attack","Well Laid Plans+1","Acrobatics"],"picked":"SKIP","floor":31},{"not_picked":["Glass Knife","A Thousand Cuts"],"picked":"Bullet Time","floor":33},{"not_picked":["Flying Knee","Backflip"],"picked":"Choke+1","floor":35},{"not_picked":["Riddle With Holes+1","Terror"],"picked":"Outmaneuver","floor":38},{"not_picked":["Dagger Spray","Prepared+1"],"picked":"Deflect","floor":41},{"not_picked":["Bane","Deflect","Quick Slash"],"picked":"SKIP","floor":42},{"not_picked":["Tactician+1","Malaise"],"picked":"Blur+1","floor":45},{"not_picked":["Eviscerate","Dodge and Roll","Dagger Throw"],"picked":"SKIP","floor":46},{"not_picked":["Flechettes+1","Leg Sweep"],"picked":"Outmaneuver","floor":47},{"not_picked":["PiercingWail","Quick Slash+1"],"picked":"Backflip","floor":48}],"player_experience":102990,"relics_obtained":[{"floor":9,"key":"Paper Crane"},{"floor":23,"key":"Calipers"},{"floor":26,"key":"Bag of Preparation"},{"floor":30,"key":"Sundial"},{"floor":38,"key":"Unceasing Top"},{"floor":41,"key":"StoneCalendar"},{"floor":43,"key":"Oddly Smooth Stone"},{"floor":45,"key":"Ornamental Fan"}],"event_choices":[{"damage_healed":0,"gold_gain":0,"player_choice":"Donut","damage_taken":0,"max_hp_gain":5,"max_hp_loss":0,"event_name":"Big Fish","floor":10,"gold_loss":0},{"damage_healed":0,"gold_gain":0,"player_choice":"Gave Potion","damage_taken":0,"relics_obtained":["Bronze Scales"],"max_hp_gain":0,"max_hp_loss":0,"event_name":"WeMeetAgain","floor":21,"gold_loss":0},{"damage_healed":0,"gold_gain":0,"cards_transformed":["Defend_G"],"player_choice":"Transformed","damage_taken":0,"max_hp_gain":0,"max_hp_loss":0,"event_name":"Transmorgrifier","floor":36,"gold_loss":0,"cards_obtained":["Malaise"]},{"damage_healed":0,"gold_gain":0,"player_choice":"Fight","damage_taken":0,"max_hp_gain":0,"max_hp_loss":0,"event_name":"MindBloom","floor":38,"gold_loss":0},{"cards_removed":["Outmaneuver"],"damage_healed":0,"gold_gain":0,"player_choice":"Removed Skill","damage_taken":0,"max_hp_gain":0,"max_hp_loss":0,"event_name":"Falling","floor":39,"gold_loss":0}],"is_beta":false,"boss_relics":[{"not_picked":["Cursed Key","SacredBark"],"picked":"SlaversCollar"},{"not_picked":["Calling Bell","WristBlade"],"picked":"Runic Pyramid"}],"items_purged_floors":[3,27,28],"is_endless":false,"potions_floor_spawned":[1,2,7,14,19,22,23,25,31,41,42,46,47],"ascension_level":0}}