{"host":"tkinv8gv6hgcc58b","time":1610954568,"event":{"mods":["AchievementEnabler","BaseMod","Colored Map","Downfall","Duelist Mod","GifTheSpireLib","Googly Eyes","Hermit","Minty Spire (QoL Compilation)","READ ME - Guardian Mod","Rare Cards Sparkle","Relic Filter","Shop Mod","StSLib","The Cursed","The Disciple"],"gold_per_floor":[99,111,128,128,128,128,154,154,167,185,185,211,224,251,265,365,365,265,278,291,291,304,304,304,332,346,346,372,272,306,321,335,437,437,437,455,466,43,54,54,54,73,73,85,115,140,149,180,199,199],"floor_reached":51,"language":"ENG","playtime":4245,"items_purged":[],"score":822,"play_id":"051ace22-d0b6-46dc-a42b-017f8f00369b","local_time":"20210118022248","is_ascension_mode":true,"campfire_choices":[{"data":"bronze:Goto","floor":1,"key":"SMITH"},{"data":"bronze:Deprecate","floor":6,"key":"SMITH"},{"data":"bronze:ChosenStrike","floor":8,"key":"SMITH"},{"data":"bronze:Assembly","floor":11,"key":"SMITH"},{"data":"bronze:BurnOut","floor":18,"key":"SMITH"},{"floor":23,"key":"RECALL"},{"floor":29,"key":"REST"},{"data":"bronze:ChosenStrike","floor":35,"key":"SMITH"},{"data":"expansioncontent:DashGenerateEvil","floor":40,"key":"SMITH"},{"floor":43,"key":"REST"}],"circlet_count":0,"master_deck":["bronze:Strike","bronze:Strike","bronze:Strike","bronze:Defend","bronze:Defend","bronze:Defend","bronze:Defend","bronze:Replicate","bronze:Goto+1","bronze:ChosenStrike+1","bronze:Deprecate+1","bronze:Goto","bronze:Constructor","bronze:Assembly+1","bronze:Constructor","bronze:CutThrough","bronze:Safeguard","bronze:ForLoop","bronze:BurnOut+1","bronze:Shield+1","bronze:BronzeArmor","bronze:ChosenStrike+1","bronze:ForceShield","expansioncontent:DashGenerateEvil+1","bronze:Philosophize","bronze:GetLatest","bronze:ClassDefault","bronze:Refactor+1","bronze:ChosenStrike+1"],"relics":["Philosopher\u0027s Stone","Potion Belt","Orichalcum","Matryoshka","Busted Crown","downfall:HeartBlessingGreen","Bottled Flame","Mercury Hourglass","Ginger","Blue Candle","downfall:HeartBlessingRed","Strawberry","Runic Pyramid","TheAbacus","Vajra","Kunai","CeramicFish","Letter Opener"],"acts_visited":["Exordium","TheCity","TheBeyond"],"potions_floor_usage":[16,42,50,50,50,50],"damage_taken":[{"damage":0,"enemies":"Small Slimes","floor":2,"turns":3},{"damage":3,"enemies":"2 Louse","floor":3,"turns":2},{"damage":0,"enemies":"Cultist","floor":9,"turns":2},{"damage":0,"enemies":"Exordium Wildlife","floor":10,"turns":3},{"damage":2,"enemies":"Gremlin Nob","floor":12,"turns":4},{"damage":11,"enemies":"3 Louse","floor":13,"turns":3},{"damage":2,"enemies":"3 Sentries","floor":14,"turns":6},{"damage":6,"enemies":"Exordium Thugs","floor":15,"turns":4},{"damage":42,"enemies":"IC_STATUS_ARCHETYPE","floor":16,"turns":11},{"damage":2,"enemies":"Shell Parasite","floor":19,"turns":7},{"damage":0,"enemies":"3 Byrds","floor":20,"turns":6},{"damage":0,"enemies":"Snake Plant","floor":22,"turns":3},{"damage":6,"enemies":"Gremlin Leader","floor":25,"turns":7},{"damage":10,"enemies":"Snecko","floor":26,"turns":4},{"damage":23,"enemies":"Slavers","floor":28,"turns":4},{"damage":0,"enemies":"Book of Stabbing","floor":30,"turns":5},{"damage":0,"enemies":"Centurion and Healer","floor":31,"turns":3},{"damage":0,"enemies":"Snake Plant","floor":32,"turns":2},{"damage":43,"enemies":"DF_ARCHETYPE_CLAW","floor":33,"turns":9},{"damage":10,"enemies":"Orb Walker","floor":36,"turns":2},{"damage":0,"enemies":"3 Shapes","floor":37,"turns":2},{"damage":0,"enemies":"downfall:FleeingMerchant","floor":38,"turns":4},{"damage":0,"enemies":"Maw","floor":39,"turns":5},{"damage":17,"enemies":"Writhing Mass","floor":42,"turns":4},{"damage":0,"enemies":"4 Shapes","floor":44,"turns":2},{"damage":0,"enemies":"Nemesis","floor":45,"turns":3},{"damage":3,"enemies":"Jaw Worm Horde","floor":46,"turns":2},{"damage":1,"enemies":"Giant Head","floor":48,"turns":6},{"damage":0,"enemies":"Maw","floor":49,"turns":4},{"damage":13,"enemies":"SI_POISON_ARCHETYPE","floor":50,"turns":6}],"seed_played":"8190148178550018968","potions_obtained":[{"floor":2,"key":"SteroidPotion"},{"floor":3,"key":"bronze:CleanCodePotion"},{"floor":5,"key":"Slimebound:ThreeZeroPotion"},{"floor":5,"key":"PowerPotion"},{"floor":14,"key":"hexamod:SoulburnPotion"},{"floor":22,"key":"GamblersBrew"},{"floor":25,"key":"bronze:FreeFunctionsPotion"},{"floor":45,"key":"bronze:BurnAndBuffPotion"},{"floor":46,"key":"Strength Potion"}],"is_trial":false,"path_per_floor":["R","M","M","?","?","R","T","R","M","M","R","E","M","E","M","B",null,"R","M","M","?","M","R","T","E","M","?","E","R","E","M","M","B",null,"R","M","M","$","M","R","T","M","R","M","E","M","?","E","M","B",null],"character_chosen":"THE_AUTOMATON","items_purchased":["TheAbacus","expansioncontent:DashGenerateEvil","bronze:Philosophize"],"campfire_rested":2,"item_purchase_floors":[38,38,38],"current_hp_per_floor":[70,70,67,67,67,67,67,67,67,67,67,65,54,52,46,4,70,70,68,68,68,68,68,68,62,52,52,29,50,57,57,57,14,77,77,67,67,67,67,67,67,50,73,73,73,70,70,69,69,56],"gold":199,"neow_bonus":"BOSS_RELIC","is_daily":false,"chose_seed":false,"campfire_upgraded":7,"win_rate":0.0,"timestamp":1610954568,"path_taken":["R","M","M","?","?","R","T","R","?","M","R","E","M","E","M","BOSS","R","M","M","?","M","R","T","E","M","?","E","R","E","M","M","BOSS","R","M","M","$","M","R","T","M","R","M","E","M","?","E","M","BOSS"],"items_purchased_type":["Relic","Card","Card"],"build_version":"2020-12-22","purchased_purges":0,"victory":true,"max_hp_per_floor":[70,70,70,70,70,70,70,70,70,70,70,70,70,70,70,70,70,70,70,70,70,70,70,70,70,70,70,70,70,77,77,77,77,77,77,77,77,77,77,77,77,77,77,77,77,77,77,77,77,77],"card_choices":[{"not_picked":["bronze:ForLoop","bronze:Flail"],"picked":"bronze:ChosenStrike","floor":2},{"not_picked":["bronze:DelayedGuard","bronze:FineTuning"],"picked":"bronze:Deprecate","floor":3},{"not_picked":["bronze:WhirlingStrike","bronze:CutThrough"],"picked":"bronze:Constructor","floor":9},{"not_picked":["bronze:Safeguard","bronze:Branch"],"picked":"bronze:Assembly","floor":10},{"not_picked":["bronze:WhirlingStrike","bronze:DelayedSlice"],"picked":"bronze:Constructor","floor":12},{"not_picked":["bronze:CloningBeam","bronze:Deprecate"],"picked":"bronze:CutThrough","floor":13},{"not_picked":["bronze:ForLoop","bronze:DelayedSlice"],"picked":"bronze:Safeguard","floor":14},{"not_picked":["bronze:Fortify","bronze:ChildClass"],"picked":"bronze:ForLoop","floor":15},{"not_picked":["bronze:CleanCode","bronze:ThunderWave"],"picked":"bronze:BurnOut","floor":16},{"not_picked":[],"picked":"bronze:Shield+1","floor":19},{"not_picked":["bronze:BugBarrage+1"],"picked":"SKIP","floor":20},{"not_picked":[],"picked":"bronze:BronzeArmor","floor":22},{"not_picked":["bronze:InfiniteBeams"],"picked":"SKIP","floor":25},{"not_picked":[],"picked":"bronze:ChosenStrike","floor":26},{"not_picked":[],"picked":"bronze:ForceShield","floor":28},{"not_picked":["bronze:Repulsor+1"],"picked":"SKIP","floor":30},{"not_picked":["bronze:Turbo"],"picked":"SKIP","floor":31},{"not_picked":["bronze:WildBeam"],"picked":"SKIP","floor":32},{"not_picked":["bronze:BugBarrage+1"],"picked":"SKIP","floor":36},{"not_picked":["bronze:Overheat+1"],"picked":"SKIP","floor":37},{"not_picked":["bronze:DelayedSlice"],"picked":"SKIP","floor":38},{"not_picked":[],"picked":"bronze:GetLatest","floor":39},{"not_picked":[],"picked":"bronze:ClassDefault","floor":42},{"not_picked":["bronze:CutThrough"],"picked":"SKIP","floor":44},{"not_picked":["bronze:Safeguard"],"picked":"SKIP","floor":45},{"not_picked":[],"picked":"bronze:Refactor+1","floor":46},{"not_picked":["bronze:BurnOut"],"picked":"SKIP","floor":48},{"not_picked":["bronze:WildBeam+1"],"picked":"SKIP","floor":49}],"player_experience":1034631,"relics_obtained":[{"floor":7,"key":"Potion Belt"},{"floor":12,"key":"Orichalcum"},{"floor":14,"key":"Matryoshka"},{"floor":24,"key":"Bottled Flame"},{"floor":24,"key":"Mercury Hourglass"},{"floor":25,"key":"Ginger"},{"floor":28,"key":"Blue Candle"},{"floor":30,"key":"Strawberry"},{"floor":41,"key":"Vajra"},{"floor":41,"key":"Kunai"},{"floor":45,"key":"CeramicFish"},{"floor":48,"key":"Letter Opener"}],"event_choices":[{"damage_healed":0,"gold_gain":0,"player_choice":"Got Potions","damage_taken":0,"max_hp_gain":0,"max_hp_loss":0,"event_name":"Lab","floor":5,"gold_loss":0}],"is_beta":false,"boss_relics":[{"not_picked":["Cursed Key","Ectoplasm"],"picked":"Busted Crown"},{"not_picked":["Sozu","Black Star"],"picked":"Runic Pyramid"}],"items_purged_floors":[],"is_endless":false,"potions_floor_spawned":[2,3,14,22,25,26,32,36,39,45,46,49],"ascension_level":1}}