{"host":"6pgtslebjnyv5xmi","time":1610985962,"event":{"mods":["AchievementEnabler","BaseMod","Colored Map","Minty Spire (QoL Compilation)","Rare Cards Sparkle","StSLib","SuperFastMode","The Cursed","everything is the same but u backflip on backflip"],"gold_per_floor":[112,122,141,141,141,141,141,141,141,157,178,202,220,185,185,314,314,338,338,338,356,281,322,322,322],"floor_reached":24,"language":"KOR","playtime":811,"items_purged":["Pain"],"score":302,"play_id":"fc861433-578b-4adf-8c28-cf35ac5919d3","local_time":"20210119010602","is_ascension_mode":true,"campfire_choices":[{"data":"Sunder","floor":6,"key":"SMITH"},{"data":"Zap","floor":8,"key":"SMITH"},{"data":"Thunder Strike","floor":15,"key":"SMITH"}],"circlet_count":0,"master_deck":["Strike_B","Defend_B","Defend_B","Defend_B","Defend_B","Zap+1","Dualcast","Sunder+1","Rip and Tear","Capacitor","Rebound","Loop","Thunder Strike+1","Reboot","Double Energy","Necronomicurse","Seek"],"relics":["Cracked Core","Golden Idol","Anchor","HornCleat","Snecko Eye","Necronomicon","WarpedTongs","The Courier"],"acts_visited":["Exordium","TheCity"],"potions_floor_usage":[16,23,23],"damage_taken":[{"damage":0,"enemies":"Cultist","floor":1,"turns":2},{"damage":4,"enemies":"Small Slimes","floor":2,"turns":3},{"damage":0,"enemies":"2 Louse","floor":3,"turns":1},{"damage":3,"enemies":"Large Slime","floor":10,"turns":5},{"damage":0,"enemies":"Lots of Slimes","floor":11,"turns":3},{"damage":1,"enemies":"Looter","floor":12,"turns":2},{"damage":4,"enemies":"Exordium Thugs","floor":13,"turns":4},{"damage":44,"enemies":"Slime Boss","floor":16,"turns":9},{"damage":0,"enemies":"Shell Parasite","floor":18,"turns":3},{"damage":5,"enemies":"Chosen","floor":21,"turns":2},{"damage":28,"enemies":"Slavers","floor":23,"turns":8},{"damage":4,"enemies":"Centurion and Healer","floor":24,"turns":1}],"seed_played":"-6120558250188300277","potions_obtained":[{"floor":2,"key":"DistilledChaos"},{"floor":13,"key":"SpeedPotion"},{"floor":16,"key":"EssenceOfSteel"},{"floor":21,"key":"Block Potion"},{"floor":23,"key":"PowerPotion"}],"is_trial":false,"path_per_floor":["M","M","M","?","?","R","?","R","T","M","M","M","M","?","R","B",null,"M","?","?","M","$","E","M"],"character_chosen":"DEFECT","items_purchased":[],"campfire_rested":0,"item_purchase_floors":[],"current_hp_per_floor":[50,46,46,39,39,39,39,39,39,36,36,35,31,48,48,4,53,53,37,37,32,32,4,0,0],"gold":322,"neow_bonus":"TRANSFORM_TWO_CARDS","is_daily":false,"chose_seed":false,"campfire_upgraded":3,"win_rate":0.0,"timestamp":1610985962,"path_taken":["M","M","?","?","?","R","?","R","T","M","M","?","M","?","R","BOSS","M","?","?","?","$","E","M"],"items_purchased_type":[],"build_version":"2020-12-22","purchased_purges":1,"victory":false,"max_hp_per_floor":[75,75,75,75,69,69,69,69,69,69,69,69,69,69,69,69,69,69,69,69,69,69,69,69,69],"card_choices":[{"not_picked":["Compile Driver","Barrage","Turbo"],"picked":"SKIP","floor":1},{"not_picked":["Cold Snap","Go for the Eyes"],"picked":"Capacitor","floor":2},{"not_picked":["Compile Driver","Aggregate","Stack"],"picked":"SKIP","floor":3},{"not_picked":["Streamline","Coolheaded"],"picked":"Rebound","floor":10},{"not_picked":["Chill","Beam Cell"],"picked":"Loop","floor":11},{"not_picked":["Streamline","Stack"],"picked":"Thunder Strike","floor":12},{"not_picked":["Steam Power","Compile Driver","Steam"],"picked":"SKIP","floor":13},{"not_picked":["Fission","Thunder Strike"],"picked":"Reboot","floor":16},{"not_picked":["Hologram","BootSequence"],"picked":"Double Energy","floor":18},{"not_picked":["Compile Driver","Conserve Battery","Gash"],"picked":"SKIP","floor":21},{"not_picked":["Conserve Battery","Gash"],"picked":"Seek","floor":23}],"player_experience":974599,"relics_obtained":[{"floor":9,"key":"HornCleat"},{"floor":19,"key":"Necronomicon"},{"floor":23,"key":"The Courier"}],"event_choices":[{"cards_removed":["Strike_B"],"damage_healed":0,"gold_gain":0,"player_choice":"Card Removal","damage_taken":7,"max_hp_gain":0,"max_hp_loss":0,"event_name":"Golden Wing","floor":4,"gold_loss":0},{"damage_healed":0,"gold_gain":0,"player_choice":"Lose Max HP","damage_taken":0,"relics_obtained":["Golden Idol"],"max_hp_gain":0,"max_hp_loss":6,"event_name":"Golden Idol","floor":5,"gold_loss":0},{"damage_healed":0,"gold_gain":0,"player_choice":"Gave Potion","damage_taken":0,"relics_obtained":["Anchor"],"max_hp_gain":0,"max_hp_loss":0,"event_name":"WeMeetAgain","floor":7,"gold_loss":0},{"damage_healed":17,"gold_gain":0,"player_choice":"Healed","damage_taken":0,"max_hp_gain":0,"max_hp_loss":0,"event_name":"The Cleric","floor":14,"gold_loss":35},{"damage_healed":0,"gold_gain":0,"player_choice":"Obtained Book","damage_taken":16,"max_hp_gain":0,"max_hp_loss":0,"event_name":"Cursed Tome","floor":19,"gold_loss":0},{"damage_healed":0,"gold_gain":0,"player_choice":"Rummage","damage_taken":0,"relics_obtained":["WarpedTongs"],"max_hp_gain":0,"max_hp_loss":0,"event_name":"Accursed Blacksmith","floor":20,"gold_loss":0,"cards_obtained":["Pain"]}],"is_beta":false,"boss_relics":[{"not_picked":["Tiny House","Coffee Dripper"],"picked":"Snecko Eye"}],"items_purged_floors":[22],"is_endless":false,"potions_floor_spawned":[2,13,16,21,23],"killed_by":"Centurion and Healer","ascension_level":9}}