{"host":"amu9ywnm0ttsp1dk","time":1610972443,"event":{"mods":["Act Like it!","Arknights The Spire","BaseMod","ChefMod","Chen","Downfall","Gensokyo","Marisa£®ÏF”Í°°ƒß¿Ì…≥£©","Minty Spire (QoL Compilation)","Rare Cards Sparkle","Reimu£®≤©¿ˆ¡È√Œ£©","Robot Space Explorer","StSLib","The Edgeheg","The Marked","Yakumo Yukari mod","Youmu£®ªÍ∆«—˝√Œ£©"],"gold_per_floor":[117,117,117,137,35,67,67,86,86,105,105,105,105,118,118,223,223,241,256,355,366,366,366,366,366,366,395,38,54,74,88,88,191,191,202,202,202],"floor_reached":36,"language":"ZHS","playtime":2297,"items_purged":["Poor:ReiMu","chefmod:Defend"],"score":409,"play_id":"5cf1b0db-171a-4423-ad45-ad7570f85cf1","local_time":"20210118202043","is_ascension_mode":false,"campfire_choices":[{"data":"chefmod:CayenneCloud","floor":11,"key":"SMITH"},{"data":"chefmod:LocoMoco","floor":15,"key":"SMITH"},{"data":"chefmod:QuickChop","floor":23,"key":"SMITH"},{"data":"chefmod:FrozenTuna","floor":25,"key":"SMITH"},{"data":"chefmod:AllYouCanEat","floor":32,"key":"SMITH"}],"circlet_count":0,"master_deck":["chefmod:Strike","chefmod:Strike","chefmod:Strike","chefmod:Strike+1","chefmod:QuickThaw","chefmod:Defend","chefmod:Defend","chefmod:Defend+1","chefmod:TodaysSpecial","chefmod:LocoMoco+1","chefmod:CayenneCloud+1","chefmod:HotSoup","chefmod:Sorbet","chefmod:SaveForLater","chefmod:FrozenTuna+1","chefmod:CayenneCloud+1","chefmod:QuickChop+1","chefmod:QuickChop+1","chefmod:NewMenu+1","chefmod:AllYouCanEat+1","chefmod:FrozenTuna","chefmod:RisingDough","chefmod:KnifeFlurry+1"],"relics":["chefmod:TrustyPot","NeowsBlessing","YidongShenshe:ReiMu","Meat on the Bone","Boot","chefmod:PepperMill","Letter Opener","Bag of Preparation","Pantograph","RedLine:ReiMu"],"acts_visited":["Exordium","TheCity","TheBeyond"],"potions_floor_usage":[14,18,27,36],"damage_taken":[{"damage":0,"enemies":"Small Slimes","floor":1,"turns":2},{"damage":0,"enemies":"2 Louse","floor":4,"turns":1},{"damage":0,"enemies":"Gremlin Nob","floor":6,"turns":1},{"damage":1,"enemies":"Jaw Worm","floor":8,"turns":2},{"damage":1,"enemies":"3 Louse","floor":10,"turns":3},{"damage":1,"enemies":"Exordium Wildlife","floor":14,"turns":2},{"damage":25,"enemies":"Slime Boss","floor":16,"turns":11},{"damage":11,"enemies":"2 Thieves","floor":18,"turns":3},{"damage":19,"enemies":"Spheric Guardian","floor":19,"turns":4},{"damage":9,"enemies":"Shelled Parasite and Fungi","floor":21,"turns":6},{"damage":22,"enemies":"Slavers","floor":27,"turns":3},{"damage":17,"enemies":"Centurion and Healer","floor":29,"turns":3},{"damage":1,"enemies":"Snake Plant","floor":30,"turns":2},{"damage":4,"enemies":"Cultist and Chosen","floor":31,"turns":3},{"damage":22,"enemies":"Collector","floor":33,"turns":4},{"damage":1,"enemies":"3 Shapes","floor":35,"turns":1},{"damage":79,"enemies":"Orin","floor":36,"turns":7}],"seed_played":"-1071562078022233350","potions_obtained":[{"floor":1,"key":"Strength Potion"},{"floor":6,"key":"chefmod:AntifreezePotion"},{"floor":8,"key":"champ:CounterPotion"},{"floor":21,"key":"Ancient Potion"},{"floor":27,"key":"Weak Potion"},{"floor":33,"key":"LiquidBronze"},{"floor":35,"key":"DuplicationPotion"}],"is_trial":false,"path_per_floor":["M","?","?","M","$","E","?","M","T","M","R","?","?","M","R","B",null,"M","M","?","M","?","R","?","R","T","E","$","M","M","M","R","B",null,"M","?"],"character_chosen":"THE_CHEF","items_purchased":["chefmod:HotSoup","Pantograph"],"campfire_rested":0,"item_purchase_floors":[5,28],"current_hp_per_floor":[76,76,76,76,76,76,73,72,72,71,71,71,56,55,55,42,76,65,46,46,49,49,49,49,49,49,39,39,38,49,45,45,52,76,75,0,0],"gold":202,"neow_bonus":"THREE_ENEMY_KILL","is_daily":false,"chose_seed":false,"campfire_upgraded":5,"win_rate":0.0,"timestamp":1610972443,"path_taken":["M","?","?","M","?","E","?","M","T","?","R","?","?","M","R","BOSS","M","M","?","M","?","R","?","R","T","E","$","M","M","?","R","BOSS","M","?"],"items_purchased_type":["Card","Relic"],"build_version":"2020-12-22","purchased_purges":2,"victory":false,"max_hp_per_floor":[76,76,76,76,76,76,76,76,76,76,76,76,76,76,76,76,76,76,76,76,76,76,76,76,76,76,76,76,76,76,76,76,76,76,76,76,76],"card_choices":[{"not_picked":["chefmod:DoubleChop","chefmod:AlooGobi"],"picked":"chefmod:LocoMoco","floor":1},{"not_picked":["chefmod:ColdSteel","chefmod:Defrost"],"picked":"chefmod:CayenneCloud","floor":4},{"not_picked":["chefmod:IcePick","chefmod:Chop","chefmod:DinoKale"],"picked":"SKIP","floor":6},{"not_picked":["chefmod:FireUp","chefmod:BaoBuns"],"picked":"chefmod:Sorbet","floor":8},{"not_picked":["chefmod:SliceAndDice","chefmod:Chop"],"picked":"chefmod:SaveForLater","floor":10},{"not_picked":["chefmod:FiveAlarmChili","chefmod:LocoMoco","chefmod:FreezerBurn"],"picked":"SKIP","floor":14},{"not_picked":["chefmod:FullCourseMeal","chefmod:RaidPantry"],"picked":"chefmod:FrozenTuna","floor":16},{"not_picked":["chefmod:FireUp","chefmod:Bruschetta","chefmod:Sorbet"],"picked":"SKIP","floor":18},{"not_picked":["chefmod:Leftovers+1","chefmod:FireUp"],"picked":"chefmod:CayenneCloud+1","floor":19},{"not_picked":["chefmod:SliceAndDice+1","chefmod:Defrost+1"],"picked":"chefmod:QuickChop","floor":21},{"not_picked":["chefmod:FireUp","chefmod:Fillet+1"],"picked":"chefmod:NewMenu+1","floor":27},{"not_picked":["chefmod:ZaruSoba","chefmod:Sorbet+1"],"picked":"chefmod:AllYouCanEat","floor":29},{"not_picked":["chefmod:IcePick","chefmod:Julienne"],"picked":"chefmod:FrozenTuna","floor":30},{"not_picked":["chefmod:FireUp","chefmod:BaoBuns","chefmod:ZaruSoba"],"picked":"SKIP","floor":31},{"not_picked":["chefmod:RaidPantry","chefmod:Canape"],"picked":"chefmod:RisingDough","floor":33},{"not_picked":["chefmod:ColdSteel+1","chefmod:IcePick"],"picked":"chefmod:KnifeFlurry+1","floor":35}],"player_experience":1595288,"relics_obtained":[{"floor":6,"key":"Meat on the Bone"},{"floor":26,"key":"Letter Opener"},{"floor":27,"key":"Bag of Preparation"}],"event_choices":[{"damage_healed":0,"gold_gain":0,"player_choice":"Ignored","damage_taken":0,"max_hp_gain":0,"max_hp_loss":0,"event_name":"Liars Game","floor":2,"gold_loss":0},{"damage_healed":0,"gold_gain":0,"player_choice":"¥¯◊ﬂ…Ò…Á","damage_taken":0,"relics_obtained":["YidongShenshe:ReiMu"],"max_hp_gain":0,"max_hp_loss":0,"event_name":"yidonshenshe","floor":3,"gold_loss":0,"cards_obtained":["Poor:ReiMu"]},{"damage_healed":0,"gold_gain":0,"player_choice":"Success","damage_taken":3,"relics_obtained":["Boot"],"max_hp_gain":0,"max_hp_loss":0,"event_name":"Scrap Ooze","floor":7,"gold_loss":0},{"damage_healed":0,"gold_gain":0,"player_choice":"Entered Light","damage_taken":15,"max_hp_gain":0,"max_hp_loss":0,"event_name":"Shining Light","floor":13,"gold_loss":0,"cards_upgraded":["chefmod:Defend","chefmod:Strike"]},{"damage_healed":0,"gold_gain":99,"player_choice":"Stole From Cult","damage_taken":0,"max_hp_gain":0,"max_hp_loss":0,"event_name":"Nest","floor":20,"gold_loss":0},{"damage_healed":0,"gold_gain":0,"player_choice":"Ignored","damage_taken":0,"max_hp_gain":0,"max_hp_loss":0,"event_name":"Ghosts","floor":22,"gold_loss":0},{"damage_healed":0,"gold_gain":0,"player_choice":"Copied","damage_taken":0,"max_hp_gain":0,"max_hp_loss":0,"event_name":"Duplicator","floor":24,"gold_loss":0,"cards_obtained":["chefmod:QuickChop"]},{"damage_healed":0,"gold_gain":0,"player_choice":"Fight","damage_taken":0,"max_hp_gain":0,"max_hp_loss":0,"event_name":"OrinTheCat","floor":36,"gold_loss":0}],"is_beta":false,"boss_relics":[{"not_picked":["chefmod:OldKettle","Ectoplasm"],"picked":"chefmod:PepperMill"},{"not_picked":["Pandora\u0027s Box","Runic Pyramid"],"picked":"RedLine:ReiMu"}],"items_purged_floors":[5,28],"is_endless":false,"potions_floor_spawned":[1,6,8,21,27,33,35],"killed_by":"Orin","ascension_level":0}}