{"host":"0z6l31g9ps0v9zzp","time":1610992306,"event":{"mods":["Act Like it!","BaseMod","CapriCore","HololiveMod","Minty Spire (QoL Compilation)","StSLib"],"gold_per_floor":[77,77,77,95,95,128,165,177,213,225,265,277,289,331,343,454,466,498,510,539,565,310,336,364,389,389,420,439,439,439,8,8,107,157,185,185,95,113,134,171,171,220,220,220,243,243,243,124,124,154,154,154,30,85,117],"floor_reached":56,"language":"ZHS","playtime":1925,"items_purged":["Hololive_Strike"],"score":1855,"play_id":"b24793dc-0eb0-406a-8d01-5e48ca3e16bd","local_time":"20210119015146","daily_mods":["Heirloom","Flight"],"is_ascension_mode":false,"campfire_choices":[{"data":"Hololive_CallDoris","floor":8.0,"key":"SMITH"},{"data":"Hololive_CallRoboco","floor":10.0,"key":"SMITH"},{"data":"Hololive_CallOkamiMio","floor":12.0,"key":"SMITH"},{"data":"Hololive_CallMoonaHoshinova","floor":15.0,"key":"SMITH"},{"data":"Hololive_CallCivia","floor":29.0,"key":"SMITH"},{"data":"Hololive_Rebirth","floor":32,"key":"SMITH"},{"data":"Hololive_CallInugamiKorone","floor":41,"key":"SMITH"},{"data":"Hololive_CallMinatoAqua","floor":44,"key":"SMITH"},{"data":"Hololive_CallYuzukiChoco","floor":47,"key":"SMITH"},{"floor":49,"key":"RECALL"},{"data":"Hololive_StrengthChampion","floor":52,"key":"SMITH"}],"circlet_count":0,"master_deck":["Hololive_Defend","Hololive_StrengthChampion+2","Hololive_CallRoboco+1","Hololive_CallMinatoAqua+1","Hololive_CallMurasakiShion+1","Hololive_CallNatsuiroMatsuri","Hololive_CallAZKi","Hololive_CallDoris+1","Hololive_CallOkamiMio+1","Hololive_FlyingPonyTail","Hololive_CallMoonaHoshinova+1","Hololive_Rebirth+1","Hololive_CallAmaneKanata+1","Hololive_CallInugamiKorone+1","Hololive_CallYuzukiChoco+1","Hololive_CallUsadaPekora+1","Hololive_CallHoshimachiSuisei+1","Hololive_CallCivia+1","Hololive_CallSpadeEcho","Hololive_CallSakuraMiko+1","Hololive_CallUruhaRushia+1","Hololive_Thief","Hololive_CallAkaiHaato+1","Hololive_CandyCastle+1","Hololive_CallArtia+1","Hololive_CallAyundaRisu+1","Hololive_CallNakiriAyame+1","Hololive_RevenueBasedLive+1","Hololive_CandyCastle"],"relics":["Hololive_TheStar","Ice Cream","Meat on the Bone","Letter Opener","MawBank","Happy Flower","Ancient Tea Set","Toy Ornithopter","Regal Pillow","Blue Candle","Velvet Choker","CultistMask","Orichalcum","InkBottle","Art of War","Pen Nib","Matryoshka","Mercury Hourglass","Frozen Egg 2","Omamori","Tiny House","The Courier","Darkstone Periapt","Potion Belt","Unceasing Top","Orrery","Whetstone","Bag of Marbles"],"acts_visited":["Exordium","TheCity","TheBeyond","TheEnding"],"potions_floor_usage":[50,50,55],"damage_taken":[{"damage":0.0,"enemies":"Small Slimes","floor":1.0,"turns":2.0},{"damage":0.0,"enemies":"Jaw Worm","floor":4.0,"turns":2.0},{"damage":0.0,"enemies":"3 Sentries","floor":6.0,"turns":4.0},{"damage":0.0,"enemies":"Lagavulin","floor":7.0,"turns":3.0},{"damage":0.0,"enemies":"Gremlin Nob","floor":11.0,"turns":3.0},{"damage":0.0,"enemies":"3 Sentries","floor":14.0,"turns":4.0},{"damage":0.0,"enemies":"Slime Boss","floor":16.0,"turns":3.0},{"damage":0.0,"enemies":"2 Thieves","floor":18.0,"turns":2.0},{"damage":0.0,"enemies":"Spheric Guardian","floor":20.0,"turns":3.0},{"damage":0.0,"enemies":"Centurion and Healer","floor":21.0,"turns":3.0},{"damage":0.0,"enemies":"Book of Stabbing","floor":23.0,"turns":3.0},{"damage":0.0,"enemies":"Slavers","floor":24.0,"turns":5.0},{"damage":0.0,"enemies":"Book of Stabbing","floor":25.0,"turns":3.0},{"damage":0.0,"enemies":"Gremlin Leader","floor":27.0,"turns":5.0},{"damage":0.0,"enemies":"Snecko","floor":28.0,"turns":3.0},{"damage":0,"enemies":"Collector","floor":33,"turns":6},{"damage":0,"enemies":"Orb Walker","floor":35,"turns":2},{"damage":1,"enemies":"3 Shapes","floor":38,"turns":3},{"damage":0,"enemies":"Sphere and 2 Shapes","floor":39,"turns":3},{"damage":0,"enemies":"Reptomancer","floor":40,"turns":5},{"damage":0,"enemies":"Giant Head","floor":42,"turns":7},{"damage":0,"enemies":"Spire Growth","floor":45,"turns":4},{"damage":18,"enemies":"Awakened One","floor":50,"turns":11},{"damage":0,"enemies":"Shield and Spear","floor":54,"turns":6},{"damage":0,"enemies":"The Heart","floor":55,"turns":10}],"seed_played":"-3416546717318587651","potions_obtained":[{"floor":4.0,"key":"CultistPotion"},{"floor":6.0,"key":"BlessingOfTheForge"},{"floor":11.0,"key":"Dexterity Potion"},{"floor":34,"key":"LiquidMemories"},{"floor":45,"key":"GamblersBrew"},{"floor":54,"key":"DistilledChaos"}],"is_trial":true,"path_per_floor":["M","?","T","M","?","E","E","R","T","R","E","R","?","E","R","B",null,"M","?","M","M","$","E","E","E","T","E","M","R","T","$","R","B",null,"M","?","?","M","M","E","R","E","T","R","M","?","R","$","R","B",null,"R","$","E","B",null],"character_chosen":"Hololive_HololiveCharacter","items_purchased":["Hololive_CallInugamiKorone","Orichalcum","Hololive_CallSpadeEcho","Frozen Egg 2","Omamori","Orrery","Whetstone"],"campfire_rested":0,"item_purchase_floors":[22,22,31,31,31,48,53],"current_hp_per_floor":[35,28,28,28,28,28,28,28,28,28,28,28,28,28,28,28,35,35,35,35,35,35,35,35,35,35,35,35,35,35,35,35,35,40,40,40,40,39,39,39,39,39,39,39,39,39,39,39,39,22,40,40,40,40,40],"gold":117,"neow_bonus":"","is_daily":false,"chose_seed":false,"campfire_upgraded":10,"win_rate":0.0,"timestamp":1610992306,"path_taken":["M","?","?","?","?","E","E","R","T","R","E","R","?","E","R","BOSS","M","?","?","M","$","E","E","E","T","E","?","R","?","$","R","BOSS","M","?","?","M","?","E","R","E","T","R","?","?","R","$","R","BOSS","R","$","E","BOSS"],"items_purchased_type":["Card","Relic","Card","Relic","Relic","Relic","Relic"],"build_version":"2020-12-22","purchased_purges":1,"victory":true,"max_hp_per_floor":[35,35,35,35,35,35,35,35,35,35,35,35,35,35,35,35,35,35,35,35,35,35,35,35,35,35,35,35,35,35,35,35,35,40,40,40,40,40,40,40,40,40,40,40,40,40,40,40,40,40,40,40,40,40,40],"card_choices":[{"not_picked":["Hololive_Drill","Hololive_Trident","Hololive_CallAiraniIofifteen"],"picked":"Hololive_CallAZKi","floor":1.0},{"not_picked":["Hololive_CallHoshimachiSuisei","Hololive_OvertimeWork","Hololive_Trident"],"picked":"Hololive_CallDoris","floor":4.0},{"not_picked":["Hololive_StarCraft","Hololive_Rebound","Hololive_Teleport"],"picked":"Hololive_CocoNews","floor":6.0},{"not_picked":["Hololive_LuckPotion","Hololive_Thief","Hololive_RevenueBasedLive"],"picked":"Hololive_CallOkamiMio","floor":7.0},{"not_picked":["Hololive_StrengthChampion","Hololive_CallAZKi","Hololive_Nanodesu"],"picked":"Hololive_FlyingPonyTail","floor":11.0},{"not_picked":["Hololive_CallAiraniIofifteen","Hololive_CallUruhaRushia","Hololive_CocoNews"],"picked":"Hololive_CallMoonaHoshinova","floor":14.0},{"not_picked":["Hololive_DDD","Hololive_Nanodesu","Hololive_DiamondStrike"],"picked":"Hololive_Rebirth","floor":16.0},{"not_picked":["Hololive_Drill","Hololive_OvertimeWork","Hololive_Rebound+1"],"picked":"Hololive_CallAmaneKanata","floor":18.0},{"not_picked":["Hololive_FlyingPonyTail+1","Hololive_OvertimeWork","Hololive_Rebound","Hololive_LuckPotion+1"],"picked":"SKIP","floor":20.0},{"not_picked":["Hololive_HuntDinosaur","Hololive_Drill","Hololive_FlyingPonyTail+1","Hololive_OvertimeWork"],"picked":"SKIP","floor":21.0},{"not_picked":["Hololive_FlareMind","Hololive_Breathe+1","Hololive_Psychosis"],"picked":"Hololive_CallYuzukiChoco","floor":23.0},{"not_picked":["Hololive_OvertimeWork","Hololive_Sequa","Hololive_CallMoonaHoshinova","Hololive_Drill"],"picked":"SKIP","floor":24.0},{"not_picked":["Hololive_CocoNews","Hololive_OvertimeWork","Hololive_DiamondStrike"],"picked":"Hololive_CallUsadaPekora+1","floor":25.0},{"not_picked":["Hololive_Sequa","Hololive_CocoNews","Hololive_LuckPotion"],"picked":"Hololive_CallHoshimachiSuisei+1","floor":27.0},{"not_picked":["Hololive_Drill","Hololive_HuntDinosaur","Hololive_Psychosis"],"picked":"Hololive_CallCivia","floor":28.0},{"not_picked":["Hololive_CallAiraniIofifteen+1","Hololive_CallYuzukiChoco+1","Hololive_Psychosis+1"],"picked":"Hololive_CallSakuraMiko+1","floor":35},{"not_picked":["Hololive_LuckPotion","Hololive_Trident+1","Hololive_Drill","Hololive_SummonFox+1"],"picked":"SKIP","floor":38},{"not_picked":["Hololive_Psychosis","Hololive_Yoholoon+1","Hololive_OvertimeWork"],"picked":"Hololive_CallUruhaRushia+1","floor":39},{"not_picked":["Hololive_Drill+1","Hololive_Breathe","Hololive_Trident+1","Hololive_CallUruhaRushia+1"],"picked":"SKIP","floor":40},{"not_picked":["Hololive_Psychosis+1","Hololive_CallHoshimachiSuisei+1","Hololive_Drill+1"],"picked":"Hololive_Thief","floor":42},{"not_picked":["Hololive_CallRoboco+1","Hololive_Drill+1","Hololive_CallMomosuzuNene+1"],"picked":"Hololive_CallAkaiHaato+1","floor":45},{"not_picked":["Hololive_BringToTrial","Hololive_Trident","Hololive_Spy+1"],"picked":"Hololive_CandyCastle+1","floor":48},{"not_picked":["Hololive_Drill","Hololive_OvertimeWork","Hololive_CallAkaiHaato+1"],"picked":"Hololive_CallArtia+1","floor":48},{"not_picked":["Hololive_CallMinatoAqua+1","Hololive_StrengthChampion+1","Hololive_DurableLive"],"picked":"Hololive_CallAyundaRisu+1","floor":48},{"not_picked":["Hololive_CallUruhaRushia+1","Hololive_Rebound+1","Hololive_Sequa+1"],"picked":"Hololive_CallNakiriAyame+1","floor":48},{"not_picked":["Hololive_Sequa+1","Hololive_ASMR","Hololive_StrengthChampion+1"],"picked":"Hololive_RevenueBasedLive+1","floor":48},{"not_picked":["Hololive_OvertimeWork","Hololive_BeCareful","Hololive_RevenueBasedLive"],"picked":"Hololive_CandyCastle","floor":54}],"player_experience":329889,"relics_obtained":[{"floor":3.0,"key":"Letter Opener"},{"floor":6.0,"key":"MawBank"},{"floor":7.0,"key":"Happy Flower"},{"floor":9.0,"key":"Ancient Tea Set"},{"floor":11.0,"key":"Toy Ornithopter"},{"floor":14.0,"key":"Blue Candle"},{"floor":23.0,"key":"InkBottle"},{"floor":24.0,"key":"Art of War"},{"floor":25.0,"key":"Pen Nib"},{"floor":26.0,"key":"Matryoshka"},{"floor":27.0,"key":"Mercury Hourglass"},{"floor":40,"key":"The Courier"},{"floor":42,"key":"Darkstone Periapt"},{"floor":43,"key":"Potion Belt"},{"floor":43,"key":"Unceasing Top"},{"floor":54,"key":"Bag of Marbles"}],"event_choices":[{"damage_healed":0.0,"max_hp_gain":0.0,"max_hp_loss":0.0,"gold_gain":0.0,"event_name":"Scrap Ooze","player_choice":"Success","floor":2.0,"gold_loss":0.0,"damage_taken":7.0,"relics_obtained":["Meat on the Bone"]},{"cards_removed":["Hololive_Strike"],"damage_healed":0.0,"max_hp_gain":0.0,"max_hp_loss":0.0,"gold_gain":0.0,"event_name":"Living Wall","player_choice":"Forget","floor":5.0,"gold_loss":0.0,"damage_taken":0.0},{"cards_removed":["Hololive_CallMinatoAqua"],"damage_healed":0.0,"max_hp_gain":0.0,"max_hp_loss":0.0,"gold_gain":0.0,"event_name":"WeMeetAgain","player_choice":"Gave Card","floor":13.0,"gold_loss":0.0,"damage_taken":0.0,"relics_obtained":["Regal Pillow"]},{"damage_healed":0.0,"max_hp_gain":0.0,"max_hp_loss":0.0,"gold_gain":0.0,"event_name":"FaceTrader","player_choice":"Trade","floor":19.0,"gold_loss":0.0,"damage_taken":0.0,"relics_obtained":["CultistMask"]},{"cards_removed":["Hololive_CocoNews"],"damage_healed":0,"gold_gain":0,"player_choice":"Removed Attack","damage_taken":0,"max_hp_gain":0,"max_hp_loss":0,"event_name":"Falling","floor":36,"gold_loss":0},{"cards_removed":["Hololive_Defend"],"damage_healed":0,"gold_gain":0,"player_choice":"Upgrade and Remove","damage_taken":0,"max_hp_gain":0,"max_hp_loss":0,"event_name":"Designer","floor":37,"gold_loss":90,"cards_upgraded":["Hololive_CallMurasakiShion"]},{"damage_healed":0,"gold_gain":0,"player_choice":"Memory 1","damage_taken":0,"max_hp_gain":0,"max_hp_loss":0,"event_name":"SensoryStone","floor":46,"gold_loss":0}],"is_beta":false,"boss_relics":[{"not_picked":["Hololive_TopUpMoneyS","Fusion Hammer"],"picked":"Velvet Choker"},{"not_picked":["Snecko Eye","Hololive_Finger"],"picked":"Tiny House"}],"items_purged_floors":[22],"is_endless":false,"potions_floor_spawned":[4,6,11,20,23,24,28,33,38,40,42,45,54],"ascension_level":0}}