{"host":"7qoz5gmva6til3yp","time":1610991617,"event":{"mods":["AchievementEnabler","BaseMod","Minty Spire (QoL Compilation)","StSLib","SuperFastMode"],"gold_per_floor":[119,44,60,75,75,75,90,90,172,191,210,91,91,111,111,216,216,236,248,265,140,140,140,140],"floor_reached":23,"language":"KOR","playtime":631,"items_purged":["Strike_B","Defend_B","Defend_B"],"score":268,"play_id":"0fd25187-dc47-41f0-9e4b-0d4fa6683fc8","local_time":"20210119024017","is_ascension_mode":true,"campfire_choices":[{"data":"Zap","floor":6.0,"key":"SMITH"},{"data":"Loop","floor":13,"key":"SMITH"},{"floor":15,"key":"REST"}],"circlet_count":0,"master_deck":["Strike_B","Strike_B","Defend_B","Defend_B","Zap+1","Dualcast","Cold Snap","Sweeping Beam","Defragment+1","Hologram","Coolheaded","Loop+1","Turbo","Buffer","Rebound","Aggregate+1"],"relics":["Cracked Core","InkBottle","OrangePellets","Black Star"],"acts_visited":["Exordium","TheCity"],"potions_floor_usage":[16,16,23,23,23],"damage_taken":[{"damage":9.0,"enemies":"2 Louse","floor":1.0,"turns":4.0},{"damage":5.0,"enemies":"Jaw Worm","floor":3.0,"turns":3.0},{"damage":0.0,"enemies":"Cultist","floor":4.0,"turns":3.0},{"damage":12.0,"enemies":"Red Slaver","floor":7.0,"turns":3.0},{"damage":4.0,"enemies":"3 Louse","floor":10.0,"turns":3.0},{"damage":2.0,"enemies":"Looter","floor":11.0,"turns":3.0},{"damage":8,"enemies":"2 Fungi Beasts","floor":14,"turns":2},{"damage":17,"enemies":"Slime Boss","floor":16,"turns":10},{"damage":0,"enemies":"Shell Parasite","floor":18,"turns":8},{"damage":29,"enemies":"2 Thieves","floor":19,"turns":5},{"damage":21,"enemies":"Snake Plant","floor":20,"turns":6},{"damage":10,"enemies":"Gremlin Leader","floor":23,"turns":2}],"seed_played":"8256483670668693675","potions_obtained":[{"floor":1.0,"key":"CultistPotion"},{"floor":3.0,"key":"DistilledChaos"},{"floor":4.0,"key":"SkillPotion"},{"floor":10.0,"key":"Swift Potion"},{"floor":16,"key":"Dexterity Potion"},{"floor":18,"key":"PotionOfCapacity"}],"is_trial":false,"path_per_floor":["M","$","M","M","?","R","M","?","T","M","M","$","R","M","R","B",null,"M","M","M","$","?","E"],"character_chosen":"DEFECT","items_purchased":["Loop","OrangePellets"],"campfire_rested":1,"item_purchase_floors":[12,12],"current_hp_per_floor":[66,66,61,61,54,54,42,42,42,38,36,36,36,28,52,35,70,70,41,20,20,4,0,0],"gold":140,"neow_bonus":"TEN_PERCENT_HP_BONUS","is_daily":false,"chose_seed":false,"campfire_upgraded":2,"win_rate":0.0,"timestamp":1610991617,"path_taken":["M","$","M","M","?","R","M","?","T","?","M","?","R","M","R","BOSS","M","M","M","$","?","E"],"items_purchased_type":["Card","Relic"],"build_version":"2020-12-22","purchased_purges":3,"victory":false,"max_hp_per_floor":[82,82,82,82,82,82,82,82,82,82,82,82,82,82,82,82,82,82,82,82,82,87,87,87],"card_choices":[{"not_picked":["Skim","Barrage"],"picked":"Cold Snap","floor":1.0},{"not_picked":["Reinforced Body","Heatsinks","BootSequence"],"picked":"SKIP","floor":3.0},{"not_picked":["Reprogram","Self Repair"],"picked":"Sweeping Beam","floor":4.0},{"not_picked":["Recycle","Static Discharge"],"picked":"Defragment","floor":7.0},{"not_picked":["White Noise","Sweeping Beam"],"picked":"Hologram","floor":10.0},{"not_picked":["Conserve Battery","Barrage"],"picked":"Coolheaded","floor":11.0},{"not_picked":["Beam Cell","Go for the Eyes"],"picked":"Turbo","floor":14},{"not_picked":["Meteor Strike","Hyperbeam"],"picked":"Buffer","floor":16},{"not_picked":["Hologram","Leap+1"],"picked":"Rebound","floor":18},{"not_picked":["Coolheaded","Cold Snap+1"],"picked":"Aggregate+1","floor":19},{"not_picked":["Stack+1","Steam+1","Turbo"],"picked":"SKIP","floor":20}],"player_experience":393464,"relics_obtained":[{"floor":9.0,"key":"InkBottle"}],"event_choices":[{"cards_removed":["Strike_B"],"damage_healed":0.0,"max_hp_gain":0.0,"max_hp_loss":0.0,"gold_gain":0.0,"event_name":"Golden Wing","player_choice":"Card Removal","floor":5.0,"gold_loss":0.0,"damage_taken":7.0},{"damage_healed":0.0,"max_hp_gain":0.0,"max_hp_loss":0.0,"gold_gain":0.0,"event_name":"Upgrade Shrine","player_choice":"Upgraded","floor":8.0,"gold_loss":0.0,"damage_taken":0.0,"cards_upgraded":["Defragment"]},{"damage_healed":0,"gold_gain":0,"player_choice":"Shed Blood","damage_taken":21,"max_hp_gain":5,"max_hp_loss":0,"event_name":"Forgotten Altar","floor":22,"gold_loss":0}],"is_beta":false,"boss_relics":[{"not_picked":["Tiny House","Cursed Key"],"picked":"Black Star"}],"items_purged_floors":[2,12,21],"is_endless":false,"potions_floor_spawned":[1,3,4,10,16,18,20],"killed_by":"Gremlin Leader","ascension_level":9}}