{"host":"f5gffvlv6a66yqkd","time":1610996379,"event":{"mods":["2.2 Compatiblity","Alarm Clock","BaseMod","Colored Map","Custom Start","DeckTracker","Keyboard Shortcuts","Minty Spire (QoL Compilation)","Permanent Neow","Quick Restart","Relic Stats","StSLib","SuperFastMode"],"gold_per_floor":[117,117,117,42,59,59,85,101,127,127,146,146,158,169,169,242,242,255,255,255,266,166,166,186,200,223,257,257,271,271,146,146,146,146],"floor_reached":33,"language":"KOR","playtime":687,"items_purged":["Defend_G","Strike_G","Strike_G"],"score":584,"play_id":"5b07aa77-11cc-4115-acbe-4c2ad7234f5d","local_time":"20210119035939","is_ascension_mode":true,"campfire_choices":[{"data":"Bouncing Flask","floor":6.0,"key":"SMITH"},{"data":"Phantasmal Killer","floor":10.0,"key":"SMITH"},{"floor":12.0,"key":"REST"},{"data":"Dagger Spray","floor":15.0,"key":"SMITH"},{"data":"Concentrate","floor":23,"key":"SMITH"},{"data":"Prepared","floor":28,"key":"SMITH"},{"floor":30,"key":"REST"},{"data":"Reflex","floor":32,"key":"SMITH"}],"circlet_count":0,"master_deck":["AscendersBane","Strike_G","Strike_G","Defend_G","Defend_G","Defend_G","Defend_G","Survivor","Neutralize","Bouncing Flask+1","Deflect","Phantasmal Killer+1","Blur","Dagger Spray+1","Adrenaline","Deadly Poison","Corpse Explosion","Reflex+1","Concentrate+1","Prepared+1","PiercingWail","Backflip+1"],"relics":["Ring of the Snake","Letter Opener","Bag of Preparation","Centennial Puzzle","Sozu","Mercury Hourglass","Boot","PreservedInsect"],"acts_visited":["Exordium","TheCity"],"potions_floor_usage":[16,16],"damage_taken":[{"damage":0.0,"enemies":"Cultist","floor":1.0,"turns":3.0},{"damage":7.0,"enemies":"Jaw Worm","floor":5.0,"turns":4.0},{"damage":26.0,"enemies":"Gremlin Nob","floor":7.0,"turns":4.0},{"damage":0.0,"enemies":"2 Louse","floor":8.0,"turns":2.0},{"damage":2.0,"enemies":"Exordium Wildlife","floor":11.0,"turns":3.0},{"damage":0.0,"enemies":"Red Slaver","floor":13.0,"turns":3.0},{"damage":0.0,"enemies":"3 Louse","floor":14.0,"turns":2.0},{"damage":20,"enemies":"Slime Boss","floor":16,"turns":5},{"damage":14,"enemies":"2 Thieves","floor":18,"turns":3},{"damage":8,"enemies":"Shell Parasite","floor":21,"turns":4},{"damage":5,"enemies":"Centurion and Healer","floor":24,"turns":3},{"damage":0,"enemies":"Cultist and Chosen","floor":25,"turns":2},{"damage":0,"enemies":"Gremlin Leader","floor":27,"turns":5},{"damage":18,"enemies":"Snecko","floor":29,"turns":3},{"damage":55,"enemies":"Automaton","floor":33,"turns":6}],"seed_played":"8440057079997669723","potions_obtained":[{"floor":5.0,"key":"LiquidBronze"},{"floor":8.0,"key":"ColorlessPotion"},{"floor":11.0,"key":"Regen Potion"},{"floor":14.0,"key":"SkillPotion"}],"is_trial":false,"path_per_floor":["M","?","T","$","M","R","E","M","T","R","M","R","M","M","R","B",null,"M","T","?","M","$","R","M","M","T","E","R","M","R","$","R","B"],"character_chosen":"THE_SILENT","items_purchased":[],"campfire_rested":2,"item_purchase_floors":[],"current_hp_per_floor":[59,59,59,59,52,52,26,26,26,26,24,43,43,43,43,23,55,41,41,41,33,33,33,28,28,28,28,28,10,29,29,29,0,0],"gold":146,"neow_bonus":"THREE_CARDS","is_daily":false,"chose_seed":false,"campfire_upgraded":6,"win_rate":0.0,"timestamp":1610996379,"path_taken":["M","?","?","$","M","R","E","M","T","R","M","R","M","M","R","BOSS","M","?","?","M","?","R","M","M","T","E","R","?","R","$","R","BOSS"],"items_purchased_type":[],"build_version":"2020-12-22","purchased_purges":3,"victory":false,"max_hp_per_floor":[66,66,66,66,66,66,66,66,66,66,66,66,66,66,66,66,66,66,66,66,66,66,66,66,66,66,66,66,66,66,66,66,66,66],"relic_stats":{"Sozu":3,"Centennial Puzzle":[21],"counters":[15,52],"PreservedInsect":0,"Bag of Preparation":[24],"Letter Opener":[205],"Boot":[11],"obtain_stats":[{"Sozu":17,"Centennial Puzzle":9,"PreservedInsect":27,"Bag of Preparation":7,"Letter Opener":3,"Boot":26,"Ring of the Snake":0,"Mercury Hourglass":19},{"Sozu":8,"Centennial Puzzle":4,"PreservedInsect":13,"Bag of Preparation":3,"Letter Opener":1,"Boot":12,"Ring of the Snake":0,"Mercury Hourglass":9},{"Sozu":26,"Centennial Puzzle":13,"PreservedInsect":43,"Bag of Preparation":11,"Letter Opener":3,"Boot":38,"Ring of the Snake":0,"Mercury Hourglass":29}],"Ring of the Snake":[30],"Mercury Hourglass":[99]},"card_choices":[{"not_picked":["Eviscerate","Prepared"],"picked":"Bouncing Flask","floor":0.0},{"not_picked":["Backflip","Prepared"],"picked":"Deflect","floor":1.0},{"not_picked":["Flechettes","Predator"],"picked":"Blur","floor":5.0},{"not_picked":["Backflip","Deflect"],"picked":"Dagger Spray","floor":7.0},{"not_picked":["Prepared","Caltrops","Eviscerate"],"picked":"SKIP","floor":8.0},{"not_picked":["Outmaneuver","Dagger Throw"],"picked":"Adrenaline","floor":11.0},{"not_picked":["Prepared","Choke"],"picked":"Deadly Poison","floor":13.0},{"not_picked":["Flying Knee","Backflip","Quick Slash"],"picked":"SKIP","floor":14.0},{"not_picked":["Bullet Time","Storm of Steel"],"picked":"Corpse Explosion","floor":16},{"not_picked":["Dagger Spray","Poisoned Stab"],"picked":"Reflex","floor":18},{"not_picked":["Accuracy+1","Setup","Heel Hook"],"picked":"SKIP","floor":21},{"not_picked":["Flying Knee","Backflip","All Out Attack"],"picked":"SKIP","floor":24},{"not_picked":["Dodge and Roll","Masterful Stab"],"picked":"Prepared","floor":25},{"not_picked":["Storm of Steel","Deflect"],"picked":"PiercingWail","floor":27},{"not_picked":["Sucker Punch+1","Noxious Fumes"],"picked":"Backflip+1","floor":29}],"player_experience":1598134,"relics_obtained":[{"floor":3.0,"key":"Letter Opener"},{"floor":7.0,"key":"Bag of Preparation"},{"floor":9.0,"key":"Centennial Puzzle"},{"floor":19,"key":"Mercury Hourglass"},{"floor":26,"key":"Boot"},{"floor":27,"key":"PreservedInsect"}],"event_choices":[{"damage_healed":0.0,"max_hp_gain":0.0,"max_hp_loss":0.0,"gold_gain":0.0,"cards_transformed":["Strike_G"],"event_name":"Living Wall","player_choice":"Change","floor":2.0,"gold_loss":0.0,"damage_taken":0.0,"cards_obtained":["Phantasmal Killer"]},{"damage_healed":0,"gold_gain":0,"player_choice":"Read","damage_taken":0,"max_hp_gain":0,"max_hp_loss":0,"event_name":"The Library","floor":20,"gold_loss":0,"cards_obtained":["Concentrate"]}],"is_beta":false,"boss_relics":[{"not_picked":["Philosopher\u0027s Stone","Tiny House"],"picked":"Sozu"}],"items_purged_floors":[4,22,31],"is_endless":false,"potions_floor_spawned":[5,8,11,13,14,25,27,29],"killed_by":"Automaton","ascension_level":20}}