{"host":"4zd9qxtdu4r42b0n","time":1610999979,"event":{"mods":["100% Spire Juice","Act Like it!","BaseMod","Beaked The Cultist","Better Third Choice","BetterRewards","ChefMod","Colored Map","Dota2Spire","Elementarium","Hermit","Hubris","Infinite Spire","Jorbs\u0027s Wanderer Trilogy","Koishi","Marisa????????","Menagerie","Minty Spire (QoL Compilation)","Potionbrewer","Rare Cards Sparkle","Relic Stats","Replay The Spire","Robot Space Explorer","Shade Mod","Spicy Shops","StSLib","The Animator","The Caster","The Clintock","The Construct","The Cursed","The Dragon Tamer","The Fake Hero","The Gatherer","The Hayseed","The Jungle","The Marked","The Mystic","The Necromancer","The Runesmith","The Servant 0.9.4","The Spell Scribe","TheFirefly","Wandering Minibosses","thorton","??????REMEMod"],"gold_per_floor":[113,113,113,113,113,144,144,177,248,260,31,46,65,94,94,195,195,206,99,116,165,177,203,203,215,215,88,100,100,39,54,54,54,54],"floor_reached":33,"language":"ENG","playtime":1906,"items_purged":[],"score":339,"play_id":"e1dbb781-3019-4281-98dd-70594942ee57","local_time":"20210118145939","is_ascension_mode":false,"campfire_choices":[{"data":"Moonworks:Ambush","floor":7.0,"key":"SMITH"},{"floor":15.0,"key":"REST"},{"floor":24,"key":"REST"},{"floor":29,"key":"RECALL"},{"data":"RobotSpaceExplorer:Explosion","floor":32,"key":"SMITH"}],"circlet_count":0,"master_deck":["Moonworks:Strike","Moonworks:Strike","Moonworks:Strike","Moonworks:Strike","Moonworks:Defend","Moonworks:Defend","Moonworks:Defend","Moonworks:Defend","Moonworks:Ambush+1","Moonworks:LongDistanceShot","RobotSpaceExplorer:Explosion+1","Moonworks:UnluckyCharm+1","Moonworks:Assault","Moonworks:LulusLuckyEgg","Moonworks:GoAway","Moonworks:CookingTime","Moonworks:DeployBits","Moonworks:JonathanRush","Moonworks:ShieldCounter","Moonworks:EvilSpyWorkPreparation","Moonworks:AccelHyper","Moonworks:CloudOfSeagulls","Moonworks:SakisCookie","Moonworks:WindyEnchantment","ReplayTheSpireMod:Splinters","Moonworks:JonathanRush","Moonworks:CrystalBarrier","Moonworks:WindyEnchantment","Moonworks:Dinner","Moonworks:JonathanRush","Shame","Writhe","Moonworks:AwakeningOfTalent"],"relics":["Moonworks:BrokenBomb","Moonworks:Homemark","REME_ComplimentaryCards","NeowsBlessing","Dream Catcher","Onion Ring","infinitespire:WardingShard","Moonworks:LittleGull","Dota2Spire:CrimsonGuard","ChewingGum","Replay:Bottled Snecko","Dota2Spire:ArmletOfMordiggian","Regal Pillow","potionbrewer:Keyblade","wanderingMiniBosses:Inkheart"],"acts_visited":["Exordium","Exordium"],"potions_floor_usage":[16,16,22,23,31,31,33],"damage_taken":[{"damage":0.0,"enemies":"Small Slimes","floor":1.0,"turns":1.0},{"damage":9.0,"enemies":"3 Sentries","floor":6.0,"turns":2.0},{"damage":0.0,"enemies":"Lagavulin","floor":8.0,"turns":1.0},{"damage":0.0,"enemies":"2 Louse","floor":10.0,"turns":2.0},{"damage":6.0,"enemies":"Jaw Worm","floor":11.0,"turns":3.0},{"damage":0.0,"enemies":"Red Slaver","floor":12.0,"turns":3.0},{"damage":0.0,"enemies":"3 Louse","floor":13.0,"turns":2.0},{"damage":0.0,"enemies":"Gremlin Nob","floor":14.0,"turns":3.0},{"damage":18,"enemies":"Fading Forest","floor":16,"turns":11},{"damage":2,"enemies":"Shell Parasite","floor":18,"turns":4},{"damage":10,"enemies":"theJungle:GiantWrat","floor":19,"turns":4},{"damage":37,"enemies":"theJungle:SlimyTreeVines","floor":20,"turns":9},{"damage":14,"enemies":"Snake Plant","floor":22,"turns":2},{"damage":2,"enemies":"theJungle:2_Phrogs","floor":23,"turns":5},{"damage":2,"enemies":"theJungle:JungleHuntersEncounter","floor":25,"turns":4},{"damage":0,"enemies":"theJungle:2_Snecko_Cultists","floor":28,"turns":3},{"damage":21,"enemies":"theJungle:SlimyTreeVines","floor":31,"turns":7},{"damage":50,"enemies":"theJungle:TotemBoss","floor":33,"turns":6}],"seed_played":"-5219393421986367291","potions_obtained":[{"floor":1.0,"key":"Dota2Spire:HealingSalve"},{"floor":8.0,"key":"potionbrewer:MidasPotion"},{"floor":10.0,"key":"PowerPotion"},{"floor":13.0,"key":"CultistPotion"},{"floor":20,"key":"Flashbang"},{"floor":21,"key":"Swift Potion"},{"floor":22,"key":"Energy Potion"},{"floor":23,"key":"construct:ShiftPotion"},{"floor":25,"key":"Venom Potion"}],"is_trial":false,"path_per_floor":["M","?","?","$","?","E","R","E","T","M","M","M","M","E","R","B",null,"M","M","M","?","M","E","R","M","T","$","M","R","$","M","R","B"],"character_chosen":"THE_STARBREAKER","items_purchased":["Moonworks:JonathanRush","Regal Pillow","potionbrewer:Keyblade"],"campfire_rested":2,"item_purchase_floors":[27,27,30],"current_hp_per_floor":[60,60,60,60,60,51,51,51,51,51,45,45,45,45,60,52,60,60,52,31,31,17,35,53,51,51,51,51,51,51,49,49,0,0],"gold":54,"neow_bonus":"THREE_ENEMY_KILL","is_daily":false,"chose_seed":false,"campfire_upgraded":2,"win_rate":0.0,"timestamp":1610999979,"path_taken":["M","?","?","$","?","E","R","E","T","M","M","M","M","E","R","BOSS","M","M","M","?","M","E","R","M","T","$","M","R","?","M","R","BOSS"],"items_purchased_type":["Card","Relic","Relic"],"build_version":"2020-12-22","purchased_purges":0,"victory":false,"max_hp_per_floor":[60,60,60,60,60,60,60,60,60,60,60,60,60,60,60,60,60,60,60,60,60,60,60,60,60,60,60,60,60,60,60,60,60,60],"relic_stats":{"Dream Catcher":2,"Regal Pillow":0,"counters":[18,70],"obtain_stats":[{"Regal Pillow":27,"NeowsBlessing":0,"Moonworks:LittleGull":9,"Dota2Spire:ArmletOfMordiggian":23,"Dream Catcher":2,"infinitespire:WardingShard":8,"Dota2Spire:CrimsonGuard":14,"Moonworks:Homemark":0,"Onion Ring":6,"ChewingGum":17,"Replay:Bottled Snecko":21,"potionbrewer:Keyblade":30,"wanderingMiniBosses:Inkheart":31,"Moonworks:BrokenBomb":0,"REME_ComplimentaryCards":0},{"Regal Pillow":15,"NeowsBlessing":0,"Moonworks:LittleGull":3,"Dota2Spire:ArmletOfMordiggian":14,"Dream Catcher":1,"infinitespire:WardingShard":3,"Dota2Spire:CrimsonGuard":8,"Moonworks:Homemark":0,"Onion Ring":2,"ChewingGum":9,"Replay:Bottled Snecko":12,"potionbrewer:Keyblade":16,"wanderingMiniBosses:Inkheart":17,"Moonworks:BrokenBomb":0,"REME_ComplimentaryCards":0},{"Regal Pillow":54,"NeowsBlessing":0,"Moonworks:LittleGull":4,"Dota2Spire:ArmletOfMordiggian":50,"Dream Catcher":1,"infinitespire:WardingShard":4,"Dota2Spire:CrimsonGuard":15,"Moonworks:Homemark":0,"Onion Ring":3,"ChewingGum":26,"Replay:Bottled Snecko":43,"potionbrewer:Keyblade":57,"wanderingMiniBosses:Inkheart":64,"Moonworks:BrokenBomb":0,"REME_ComplimentaryCards":0}]},"card_choices":[{"not_picked":["Moonworks:Assault","Moonworks:IndiscriminateFireSupport"],"picked":"Moonworks:UnluckyCharm","floor":1.0},{"not_picked":["Moonworks:EvilSpyWorkPreparation","Moonworks:BigMagnum"],"picked":"Moonworks:Assault","floor":6.0},{"not_picked":["Moonworks:UnluckyCharm","Moonworks:NicePresent"],"picked":"Moonworks:LulusLuckyEgg","floor":8.0},{"not_picked":["Moonworks:BindingChains","Moonworks:NicePresent"],"picked":"Moonworks:GoAway","floor":10.0},{"not_picked":["Moonworks:LuckyCharm","Moonworks:DeployBits"],"picked":"Moonworks:CookingTime","floor":11.0},{"not_picked":["Moonworks:BigMagnum","Moonworks:ImOnFire"],"picked":"Moonworks:DeployBits","floor":12.0},{"not_picked":["Moonworks:CastOff","Moonworks:DeployBits"],"picked":"Moonworks:JonathanRush","floor":13.0},{"not_picked":["Moonworks:TacticalRetreat","Moonworks:ScrambledEve"],"picked":"Moonworks:ShieldCounter","floor":14.0},{"not_picked":["Moonworks:BeyondHell","Moonworks:BigMagnum"],"picked":"Moonworks:EvilSpyWorkPreparation","floor":15.0},{"not_picked":["Moonworks:Encore","Moonworks:LeapThroughSpace"],"picked":"Moonworks:AccelHyper","floor":16},{"not_picked":["Moonworks:DeployBits","Moonworks:ImmovableObject"],"picked":"Moonworks:CloudOfSeagulls","floor":18},{"not_picked":["Moonworks:MixPhenomenon","Moonworks:BigMagnum+1"],"picked":"Moonworks:SakisCookie","floor":19},{"not_picked":["Moonworks:LulusLuckyEgg","Moonworks:NicePresent+1"],"picked":"Moonworks:WindyEnchantment","floor":20},{"not_picked":["Moonworks:BigMagnum+1","Moonworks:LulusLuckyEgg+1"],"picked":"Moonworks:JonathanRush","floor":21},{"not_picked":["Moonworks:FullSpeedAlicianrone","Moonworks:DeployBits"],"picked":"Moonworks:CrystalBarrier","floor":22},{"not_picked":["Moonworks:LulusLuckyEgg","Moonworks:Assault","Moonworks:BigMagnum+1"],"picked":"SKIP","floor":23},{"not_picked":["Moonworks:LulusLuckyEgg","Moonworks:ImOnFire"],"picked":"Moonworks:WindyEnchantment","floor":24},{"not_picked":["Moonworks:ImOnFire+1","Moonworks:UnpaidWork"],"picked":"Moonworks:Dinner","floor":25},{"not_picked":["Moonworks:DeployBits+1","Moonworks:EvilSpyWorkPreparation+1","Moonworks:ImOnFire"],"picked":"SKIP","floor":28},{"not_picked":["Moonworks:ReproductionOfRecords","Moonworks:BigMagnum"],"picked":"Moonworks:AwakeningOfTalent","floor":31}],"player_experience":1224990,"relics_obtained":[{"floor":2.0,"key":"Dream Catcher"},{"floor":6.0,"key":"Onion Ring"},{"floor":8.0,"key":"infinitespire:WardingShard"},{"floor":9.0,"key":"Moonworks:LittleGull"},{"floor":14.0,"key":"Dota2Spire:CrimsonGuard"},{"floor":21,"key":"Replay:Bottled Snecko"},{"floor":23,"key":"Dota2Spire:ArmletOfMordiggian"},{"floor":31,"key":"wanderingMiniBosses:Inkheart"}],"event_choices":[{"damage_healed":0.0,"max_hp_gain":0.0,"max_hp_loss":0.0,"gold_gain":0.0,"event_name":"The Cleric","player_choice":"Leave","floor":3.0,"gold_loss":0.0,"damage_taken":0.0},{"damage_healed":0.0,"max_hp_gain":0.0,"max_hp_loss":0.0,"gold_gain":0.0,"event_name":"Upgrade Shrine","player_choice":"Upgraded","floor":5.0,"gold_loss":0.0,"damage_taken":0.0,"cards_upgraded":["Moonworks:UnluckyCharm"]}],"is_beta":false,"boss_relics":[{"not_picked":["Replay:Wanted Poster","SacredBark"],"picked":"ChewingGum"}],"items_purged_floors":[],"is_endless":false,"potions_floor_spawned":[1,8,10,13,20,22,23,25],"killed_by":"theJungle:TotemBoss","ascension_level":0}}