{"host":"sav7uxregyirlf69","time":1610986131,"event":{"mods":["AchievementEnabler","BaseMod","Colored Map","DeckTracker","Keyboard Shortcuts","Minty Spire (QoL Compilation)","READ ME - Guardian Mod","StSLib","SuperFastMode"],"gold_per_floor":[114,131,154,154,164,198,198,9,9,26,36,69,80,107,107,182,182,195,206,52,52,68,100,111,111,182,197,230,145,145,165,165,165,165],"floor_reached":33,"language":"KOR","playtime":529,"items_purged":[],"score":668,"play_id":"2ba6a679-fae5-47f3-9fe4-dd23213a68c8","local_time":"20210119010851","is_ascension_mode":true,"campfire_choices":[{"data":"Perfected Strike","floor":7,"key":"SMITH"},{"data":"Fire Breathing","floor":15,"key":"SMITH"},{"data":"Barricade","floor":25,"key":"SMITH"},{"data":"Blood for Blood","floor":32,"key":"SMITH"}],"circlet_count":0,"master_deck":["AscendersBane","Strike_R","Strike_R","Strike_R","Strike_R","Strike_R","Defend_R","Defend_R","Defend_R","Defend_R","Bash+1","Bloodletting","Perfected Strike+1","Fire Breathing+1","Perfected Strike+1","Shrug It Off","Wild Strike","Blood for Blood+1","Impervious","Perfected Strike","Reckless Charge","Wild Strike","Barricade+1","Burning Pact","Power Through"],"relics":["Burning Blood","Centennial Puzzle","Meat on the Bone","Membership Card","Pear","Blood Vial","InkBottle","SlaversCollar","PreservedInsect","HornCleat","Sundial","Regal Pillow","CeramicFish"],"acts_visited":["Exordium","TheCity"],"potions_floor_usage":[6,12,16,19,22,23,24],"damage_taken":[{"damage":1.0,"enemies":"Cultist","floor":1.0,"turns":3.0},{"damage":11.0,"enemies":"Small Slimes","floor":2.0,"turns":4.0},{"damage":7.0,"enemies":"Jaw Worm","floor":5.0,"turns":3.0},{"damage":11,"enemies":"Gremlin Nob","floor":6,"turns":3},{"damage":10,"enemies":"Exordium Wildlife","floor":10,"turns":3},{"damage":17,"enemies":"Lots of Slimes","floor":11,"turns":4},{"damage":5,"enemies":"Lagavulin","floor":12,"turns":3},{"damage":0,"enemies":"Large Slime","floor":13,"turns":2},{"damage":25,"enemies":"3 Sentries","floor":14,"turns":7},{"damage":8,"enemies":"Slime Boss","floor":16,"turns":5},{"damage":40,"enemies":"Shell Parasite","floor":18,"turns":4},{"damage":6,"enemies":"Chosen","floor":19,"turns":4},{"damage":34,"enemies":"Shelled Parasite and Fungi","floor":22,"turns":4},{"damage":19,"enemies":"Slavers","floor":23,"turns":4},{"damage":21,"enemies":"Chosen and Byrds","floor":24,"turns":4},{"damage":3,"enemies":"Snecko","floor":27,"turns":2},{"damage":12,"enemies":"Book of Stabbing","floor":28,"turns":3},{"damage":13,"enemies":"Snake Plant","floor":31,"turns":4},{"damage":63,"enemies":"Collector","floor":33,"turns":7}],"seed_played":"407018836573214362","potions_obtained":[{"floor":5.0,"key":"Fire Potion"},{"floor":10,"key":"SpeedPotion"},{"floor":11,"key":"ColorlessPotion"},{"floor":12,"key":"CultistPotion"},{"floor":18,"key":"SkillPotion"},{"floor":22,"key":"Weak Potion"},{"floor":23,"key":"Ancient Potion"},{"floor":24,"key":"SpeedPotion"}],"is_trial":false,"path_per_floor":["M","M","T","?","M","E","R","$","T","M","M","E","M","E","R","B",null,"M","M","$","?","M","E","M","R","T","M","E","?","?","M","R","B"],"character_chosen":"IRONCLAD","items_purchased":["Membership Card","Perfected Strike","PreservedInsect","Block Potion","Reckless Charge"],"campfire_rested":0,"item_purchase_floors":[8,8,20,20,20],"current_hp_per_floor":[73,68,68,73,72,67,67,67,77,73,62,63,71,54,54,54,81,61,63,63,63,49,50,49,49,49,54,62,62,62,57,57,0,0],"gold":165,"neow_bonus":"UPGRADE_CARD","is_daily":false,"chose_seed":false,"campfire_upgraded":4,"win_rate":0.0,"timestamp":1610986131,"path_taken":["M","M","?","?","M","E","R","$","T","M","M","E","?","E","R","BOSS","M","M","$","?","?","E","M","R","T","M","E","?","?","M","R","BOSS"],"items_purchased_type":["Relic","Card","Relic","Potion","Card"],"build_version":"2020-12-22","purchased_purges":0,"victory":false,"max_hp_per_floor":[75,75,75,80,80,80,80,80,90,90,90,90,90,90,90,90,90,90,90,90,90,90,90,90,90,90,90,90,90,90,90,90,90,90],"card_choices":[{"not_picked":["True Grit","Dark Embrace"],"picked":"Bloodletting","floor":1.0},{"not_picked":["Anger","Heavy Blade"],"picked":"Perfected Strike","floor":2.0},{"not_picked":["Ghostly Armor","Cleave"],"picked":"Fire Breathing","floor":5.0},{"not_picked":["Bloodletting","Heavy Blade","Armaments"],"picked":"SKIP","floor":6},{"not_picked":["Limit Break","Sword Boomerang"],"picked":"Shrug It Off","floor":10},{"not_picked":["Dual Wield","Body Slam"],"picked":"Wild Strike","floor":11},{"not_picked":["Body Slam","Reckless Charge","Infernal Blade"],"picked":"SKIP","floor":12},{"not_picked":["Thunderclap","Hemokinesis","Headbutt"],"picked":"SKIP","floor":13},{"not_picked":["Corruption","Body Slam"],"picked":"Blood for Blood","floor":14},{"not_picked":["Feed","Fiend Fire"],"picked":"Impervious","floor":16},{"not_picked":["Armaments","Ghostly Armor+1"],"picked":"Perfected Strike","floor":18},{"not_picked":["Carnage","Body Slam","Shrug It Off"],"picked":"SKIP","floor":19},{"not_picked":["Battle Trance","Dual Wield"],"picked":"Wild Strike","floor":22},{"not_picked":["Anger","Armaments"],"picked":"Barricade","floor":23},{"not_picked":["Spot Weakness","Flex"],"picked":"Burning Pact","floor":24},{"not_picked":["Heavy Blade+1","Reckless Charge+1","Twin Strike"],"picked":"SKIP","floor":27},{"not_picked":["Rupture","Reaper","Flex"],"picked":"SKIP","floor":28},{"not_picked":["Clash","Bloodletting"],"picked":"Power Through","floor":31}],"player_experience":1314059,"relics_obtained":[{"floor":3.0,"key":"Centennial Puzzle"},{"floor":6,"key":"Meat on the Bone"},{"floor":9,"key":"Pear"},{"floor":12,"key":"Blood Vial"},{"floor":14,"key":"InkBottle"},{"floor":23,"key":"HornCleat"},{"floor":26,"key":"Sundial"},{"floor":28,"key":"Regal Pillow"}],"event_choices":[{"damage_healed":0.0,"max_hp_gain":5.0,"max_hp_loss":0.0,"gold_gain":0.0,"event_name":"Big Fish","player_choice":"Donut","floor":4.0,"gold_loss":0.0,"damage_taken":0.0},{"damage_healed":0,"gold_gain":0,"player_choice":"Upgraded","damage_taken":0,"max_hp_gain":0,"max_hp_loss":0,"event_name":"Upgrade Shrine","floor":21,"gold_loss":0,"cards_upgraded":["Perfected Strike"]},{"damage_healed":0,"gold_gain":0,"player_choice":"Obtained Relic","damage_taken":0,"relics_obtained":["CeramicFish"],"max_hp_gain":0,"max_hp_loss":0,"event_name":"Addict","floor":29,"gold_loss":85},{"damage_healed":0,"gold_gain":0,"player_choice":"Ignored","damage_taken":0,"max_hp_gain":0,"max_hp_loss":0,"event_name":"Ghosts","floor":30,"gold_loss":0}],"is_beta":false,"boss_relics":[{"not_picked":["Fusion Hammer","Pandora\u0027s Box"],"picked":"SlaversCollar"}],"items_purged_floors":[],"is_endless":false,"potions_floor_spawned":[5,10,11,12,13,18,22,23,24],"killed_by":"Collector","ascension_level":20}}