{"host":"r4r4helli6evr3pz","time":1610993044,"event":{"mods":["A Magickal Journey","AchievementEnabler","Act Like it!","Aspiration","BaseMod","Better Note","BetterRewards","Challenge The Spire","Conspire","Curses Come First","DeckTracker","Evolution","GifTheSpireLib","Gold Saver","GungeonMod","Hermit","Hubris","Hyrulean Relics","Infinite Spire","JesterMod","Lobotomy","Mimic Mod","Minty Spire (QoL Compilation)","Quick Restart","Random Character Button","Relic Sorter","Relic Stats","Replay The Spire","Reworked Bosses","Shop Mod","Somnambulant","StSLib","Stuff the Spire","SuperFastMode","The Blackbeard","The Bug Knight","The Clintock","The Construct","The Cursed","The Druid","The Forsaken","The Hierophant","The Necromancer","The Poker Player","The Problem Sleuth","The Runesmith","vexMod"],"gold_per_floor":[330,350,325,325,22,52,70,70,70],"floor_reached":8,"language":"RUS","playtime":765,"items_purged":[],"score":70,"play_id":"fdf2870b-cdfc-4ec8-9f28-51df574b899d","local_time":"20210118220404","is_ascension_mode":true,"campfire_choices":[],"circlet_count":0,"master_deck":["Strike_R","Strike_R","Strike_R","Strike_R","Strike_R","Defend_R","Defend_R","Defend_R","Defend_R","Bash"],"relics":["Burning Blood","EVO:Axolotl","Strawberry","GremlinMask","MerchantsRug","StuffTheSpire:BottledEssence","Blue Doll"],"acts_visited":["Exordium"],"potions_floor_usage":[8],"damage_taken":[{"damage":13,"enemies":"Jaw Worm","floor":1,"turns":4},{"damage":1,"enemies":"Cultist","floor":2,"turns":3},{"damage":64,"enemies":"Gremlin Nob","floor":6,"turns":6},{"damage":3,"enemies":"2 Louse","floor":7,"turns":4},{"damage":41,"enemies":"Lagavulin","floor":8,"turns":6}],"seed_played":"-5666651867737447899","potions_obtained":[{"floor":7,"key":"EssenceOfSteel"}],"is_trial":false,"path_per_floor":["M","M","?","?","$","E","M","E"],"character_chosen":"IRONCLAD","items_purchased":["MerchantsRug","StuffTheSpire:BottledEssence"],"campfire_rested":0,"item_purchase_floors":[5,5],"current_hp_per_floor":[80,85,85,85,85,27,30,0,0],"gold":70,"neow_bonus":"RANDOM_COMMON_RELIC","is_daily":false,"chose_seed":false,"campfire_upgraded":0,"win_rate":0.0,"timestamp":1610993044,"path_taken":["M","M","?","?","$","E","?","E"],"items_purchased_type":["Relic","Relic"],"build_version":"2020-12-22","purchased_purges":0,"victory":false,"max_hp_per_floor":[87,87,87,87,87,87,87,87,87],"relic_stats":{"counters":[5,23],"obtain_stats":[{"MerchantsRug":5,"Strawberry":0,"GremlinMask":4,"Blue Doll":6,"StuffTheSpire:BottledEssence":5,"EVO:Axolotl":0,"Burning Blood":0},{"MerchantsRug":2,"Strawberry":0,"GremlinMask":2,"Blue Doll":3,"StuffTheSpire:BottledEssence":2,"EVO:Axolotl":0,"Burning Blood":0},{"MerchantsRug":7,"Strawberry":0,"GremlinMask":7,"Blue Doll":13,"StuffTheSpire:BottledEssence":7,"EVO:Axolotl":0,"Burning Blood":0}],"Burning Blood":24},"card_choices":[{"not_picked":["Rage","Pommel Strike","Second Wind"],"picked":"SKIP","floor":1},{"not_picked":["DemoMod:WhiteBlade","Dual Wield","Sentinel"],"picked":"SKIP","floor":2},{"not_picked":["Intimidate","Uppercut","Perfected Strike"],"picked":"SKIP","floor":6},{"not_picked":["Perfected Strike","Wild Strike","Anger"],"picked":"SKIP","floor":7}],"player_experience":710312,"relics_obtained":[{"floor":6,"key":"Blue Doll"}],"event_choices":[{"damage_healed":0,"gold_gain":0,"player_choice":"Trade","damage_taken":0,"relics_obtained":["GremlinMask"],"max_hp_gain":0,"max_hp_loss":0,"event_name":"FaceTrader","floor":4,"gold_loss":0}],"is_beta":false,"boss_relics":[],"items_purged_floors":[],"is_endless":false,"potions_floor_spawned":[7],"killed_by":"Lagavulin","ascension_level":5}}