{"host":"7rg2g4lo38vjfyej","time":1610967951,"event":{"mods":["100% Spire Juice","BaseMod","Minty Spire (QoL Compilation)","Robot Space Explorer","StSLib","The Administrix"],"gold_per_floor":[111,61,81,98,118,146,26,26,26,26,36,53,65,65,65,164,214,225,242,242,37,37,37],"floor_reached":22,"language":"ENG","playtime":1616,"items_purged":[],"score":213,"play_id":"86247e54-9d69-4580-a108-6f98ecf06758","local_time":"20210118030551","is_ascension_mode":false,"campfire_choices":[{"floor":10.0,"key":"REST"},{"floor":15.0,"key":"REST"}],"circlet_count":0,"master_deck":["Moonworks:Strike","Moonworks:Strike","Moonworks:Defend","Moonworks:Defend","Moonworks:Defend","Moonworks:Defend","Moonworks:Ambush","Moonworks:LongDistanceShot","Moonworks:MiracleRedBeanIceCream","Moonworks:BigBangBell","Moonworks:IndiscriminateFireSupport","Moonworks:IntelligenceOfficer+1","Moonworks:JonathanRush","Moonworks:Dash","Moonworks:ScrambledEve","Moonworks:JonathanRush","Regret","Moonworks:Encore","Moonworks:SweetBattle","Moonworks:JonathanRush+1","Moonworks:BackdoorTrade"],"relics":["Moonworks:BrokenBomb","Moonworks:Homemark","Kunai","Ornamental Fan","Pear","Tiny House","Ginger"],"acts_visited":["Exordium","TheCity"],"potions_floor_usage":[22],"damage_taken":[{"damage":0.0,"enemies":"Cultist","floor":1.0,"turns":3.0},{"damage":6.0,"enemies":"Jaw Worm","floor":3.0,"turns":4.0},{"damage":2.0,"enemies":"2 Louse","floor":4.0,"turns":2.0},{"damage":12.0,"enemies":"Blue Slaver","floor":5.0,"turns":2.0},{"damage":49.0,"enemies":"Gremlin Nob","floor":6.0,"turns":5.0},{"damage":0.0,"enemies":"Large Slime","floor":11.0,"turns":2.0},{"damage":0.0,"enemies":"2 Fungi Beasts","floor":12.0,"turns":3.0},{"damage":7.0,"enemies":"Blue Slaver","floor":13.0,"turns":4.0},{"damage":32.0,"enemies":"Slime Boss","floor":16.0,"turns":8.0},{"damage":15.0,"enemies":"Spheric Guardian","floor":18.0,"turns":5.0},{"damage":14.0,"enemies":"Chosen","floor":19.0,"turns":5.0},{"damage":63,"enemies":"Snecko","floor":22,"turns":7}],"seed_played":"609808980558396136","potions_obtained":[{"floor":4.0,"key":"AttackPotion"},{"floor":11.0,"key":"Strength Potion"},{"floor":16.0,"key":"Energy Potion"},{"floor":17.0,"key":"EntropicBrew"},{"floor":19.0,"key":"LiquidMemories"}],"is_trial":false,"path_per_floor":["M","?","M","M","M","E","$","?","T","R","M","M","M","?","R","B",null,"M","M","?","?","M"],"character_chosen":"THE_STARBREAKER","items_purchased":[],"campfire_rested":2,"item_purchase_floors":[],"current_hp_per_floor":[66,66,65,66,59,15,15,15,15,34,39,44,42,52,74,44,81,66,57,57,57,0,0],"gold":37,"neow_bonus":"TEN_PERCENT_HP_BONUS","is_daily":false,"chose_seed":false,"campfire_upgraded":0,"win_rate":0.0,"timestamp":1610967951,"path_taken":["M","?","M","M","M","E","$","?","T","R","?","M","M","?","R","BOSS","M","M","?","?","M"],"items_purchased_type":[],"build_version":"2020-12-22","purchased_purges":0,"victory":false,"max_hp_per_floor":[66,66,66,66,66,66,66,66,66,66,66,66,66,76,76,76,81,81,81,81,81,81,81],"card_choices":[{"not_picked":["Moonworks:CloudOfSeagulls","Moonworks:LuckyCharm"],"picked":"Moonworks:MiracleRedBeanIceCream","floor":1.0},{"not_picked":["Moonworks:BackdoorTrade","Moonworks:Flamethrower"],"picked":"Moonworks:BigBangBell","floor":3.0},{"not_picked":["Moonworks:ReproductionOfRecords","Moonworks:BeyondHell"],"picked":"Moonworks:IndiscriminateFireSupport","floor":4.0},{"not_picked":["Moonworks:SakisCookie","Moonworks:LulusLuckyEgg"],"picked":"Moonworks:IntelligenceOfficer","floor":5.0},{"not_picked":["Moonworks:IndiscriminateFireSupport","Moonworks:ImOnFire"],"picked":"Moonworks:JonathanRush","floor":6.0},{"not_picked":["Moonworks:EvilSpyWorkPreparation","Moonworks:SakisCookie"],"picked":"Moonworks:Dash","floor":11.0},{"not_picked":["Moonworks:Dinner","Moonworks:ForcedRevival"],"picked":"Moonworks:ScrambledEve","floor":12.0},{"not_picked":["Moonworks:IndiscriminateFireSupport","Moonworks:HolyNight"],"picked":"Moonworks:JonathanRush","floor":13.0},{"not_picked":["Moonworks:WeAreWaruda","Moonworks:HolyNight"],"picked":"Moonworks:Encore","floor":16.0},{"not_picked":["Moonworks:JonathanRush","Moonworks:ForcedRevival"],"picked":"Moonworks:SweetBattle","floor":17.0},{"not_picked":["Moonworks:BigMagnum+1","Moonworks:ImOnFire"],"picked":"Moonworks:JonathanRush+1","floor":18.0},{"not_picked":["Moonworks:CompletionReward","Moonworks:IndiscriminateFireSupport"],"picked":"Moonworks:BackdoorTrade","floor":19.0}],"player_experience":3358,"relics_obtained":[{"floor":6.0,"key":"Kunai"},{"floor":9.0,"key":"Ornamental Fan"}],"event_choices":[{"cards_removed":["Moonworks:Strike"],"damage_healed":0.0,"max_hp_gain":0.0,"max_hp_loss":0.0,"gold_gain":0.0,"event_name":"The Cleric","player_choice":"Card Removal","floor":2.0,"gold_loss":50.0,"damage_taken":0.0},{"damage_healed":0.0,"max_hp_gain":0.0,"max_hp_loss":0.0,"gold_gain":0.0,"event_name":"NoteForYourself","player_choice":"Ignored","floor":8.0,"gold_loss":0.0,"damage_taken":0.0},{"damage_healed":0.0,"max_hp_gain":0.0,"max_hp_loss":0.0,"gold_gain":0.0,"event_name":"Big Fish","player_choice":"Box","floor":14.0,"gold_loss":0.0,"damage_taken":0.0,"relics_obtained":["Pear"],"cards_obtained":["Regret"]},{"cards_removed":["Moonworks:Strike"],"damage_healed":0.0,"max_hp_gain":0.0,"max_hp_loss":0.0,"gold_gain":0.0,"event_name":"Back to Basics","player_choice":"Elegance","floor":20.0,"gold_loss":0.0,"damage_taken":0.0},{"damage_healed":0.0,"max_hp_gain":0.0,"max_hp_loss":0.0,"gold_gain":0.0,"event_name":"Addict","player_choice":"Obtained Relic","floor":21.0,"gold_loss":85.0,"damage_taken":0.0,"relics_obtained":["Ginger"]}],"is_beta":false,"boss_relics":[{"not_picked":["Moonworks:SBBomb","Fusion Hammer"],"picked":"Tiny House"}],"items_purged_floors":[],"is_endless":false,"potions_floor_spawned":[4,11,16,19],"killed_by":"Snecko","ascension_level":0}}