{"host":"prbesmsd58qkujmx","time":1610978551,"event":{"mods":["2.2 Compatiblity","AchievementEnabler","BaseMod","Colored Map","DeckTracker","Highlight Path","Keyboard Shortcuts","Minty Spire (QoL Compilation)","Permanent Neow","Quick Restart","Random Character Button","StSLib","SuperFastMode","everything is the same but u backflip on backflip"],"gold_per_floor":[116,116,133,152,171,206,206,206,206,131,131,144,154,169,169,273,273,285,296,126,144,144,144,159,174,174,99,114,114,114],"floor_reached":29,"language":"KOR","playtime":1634,"items_purged":["Defend_R","Strike_R"],"score":281,"play_id":"d5c81a67-4997-4d78-a6f2-aa8249f90c49","local_time":"20210118230231","is_ascension_mode":false,"campfire_choices":[{"data":"Feed","floor":8,"key":"SMITH"},{"data":"Infernal Blade","floor":15,"key":"SMITH"},{"floor":23,"key":"REST"}],"circlet_count":0,"master_deck":["Strike_R","Strike_R","Defend_R","Defend_R","Bash","Infernal Blade+1","Shrug It Off","Shrug It Off","Wild Strike","Second Wind","Feed+1","Thunderclap","Seeing Red","Offering","Feel No Pain+1","Reckless Charge","Dark Embrace+1","Dropkick","Decay","Disarm","Power Through"],"relics":["Burning Blood","Regal Pillow","Pantograph","Blue Candle","Frozen Egg 2","Empty Cage","Bag of Preparation"],"acts_visited":["Exordium","TheCity"],"potions_floor_usage":[5,16,16,28,29],"damage_taken":[{"damage":1,"enemies":"Jaw Worm","floor":1,"turns":3},{"damage":0,"enemies":"2 Louse","floor":3,"turns":2},{"damage":1,"enemies":"Cultist","floor":4,"turns":4},{"damage":12,"enemies":"Large Slime","floor":5,"turns":5},{"damage":16,"enemies":"Gremlin Nob","floor":6,"turns":4},{"damage":12,"enemies":"3 Louse","floor":12,"turns":4},{"damage":8,"enemies":"Red Slaver","floor":13,"turns":2},{"damage":11,"enemies":"Blue Slaver","floor":14,"turns":3},{"damage":92,"enemies":"Slime Boss","floor":16,"turns":24},{"damage":38,"enemies":"Spheric Guardian","floor":18,"turns":6},{"damage":42,"enemies":"3 Byrds","floor":19,"turns":9},{"damage":22,"enemies":"Sentry and Sphere","floor":21,"turns":7},{"damage":16,"enemies":"Cultist and Chosen","floor":24,"turns":7},{"damage":52,"enemies":"Snake Plant","floor":25,"turns":8},{"damage":52,"enemies":"Shelled Parasite and Fungi","floor":28,"turns":13},{"damage":28,"enemies":"Slavers","floor":29,"turns":5}],"seed_played":"4561593111418478268","potions_obtained":[{"floor":1,"key":"Ancient Potion"},{"floor":5,"key":"Fruit Juice"},{"floor":12,"key":"FairyPotion"},{"floor":14,"key":"ElixirPotion"},{"floor":19,"key":"GamblersBrew"},{"floor":28,"key":"SteroidPotion"}],"is_trial":false,"path_per_floor":["M","?","M","M","M","E","T","R","T","$","T","M","M","M","R","B",null,"M","M","$","M","?","R","M","M","T","$","M","E"],"character_chosen":"IRONCLAD","items_purchased":["Dark Embrace+1","Power Through"],"campfire_rested":1,"item_purchase_floors":[20,27],"current_hp_per_floor":[80,80,80,80,79,69,69,69,69,69,69,67,69,68,68,11,101,73,41,41,29,29,77,71,25,25,25,23,0,0],"gold":114,"neow_bonus":"TRANSFORM_CARD","is_daily":false,"chose_seed":false,"campfire_upgraded":2,"win_rate":0.0,"timestamp":1610978551,"path_taken":["M","?","M","M","M","E","?","R","T","?","?","M","M","M","R","BOSS","M","M","$","M","?","R","M","M","T","$","?","E"],"items_purchased_type":["Card","Card"],"build_version":"2020-12-22","purchased_purges":2,"victory":false,"max_hp_per_floor":[80,80,80,80,85,85,85,85,85,85,85,89,93,97,97,101,101,105,109,109,113,113,113,117,117,117,117,121,125,125],"card_choices":[{"not_picked":["Intimidate","Sword Boomerang"],"picked":"Shrug It Off","floor":1},{"not_picked":["Anger","Combust"],"picked":"Shrug It Off","floor":3},{"not_picked":["Perfected Strike","Warcry"],"picked":"Wild Strike","floor":4},{"not_picked":["Headbutt","Rampage"],"picked":"Second Wind","floor":5},{"not_picked":["Thunderclap","Pommel Strike"],"picked":"Feed","floor":6},{"not_picked":["Clash","Shockwave"],"picked":"Thunderclap","floor":12},{"not_picked":["Warcry","Armaments"],"picked":"Seeing Red","floor":13},{"not_picked":["Anger","Flex","Clash"],"picked":"SKIP","floor":14},{"not_picked":["Reaper","Berserk+1"],"picked":"Offering","floor":16},{"not_picked":["Clash","Armaments"],"picked":"Feel No Pain+1","floor":18},{"not_picked":["Rage","Havoc"],"picked":"Reckless Charge","floor":19},{"not_picked":["Bloodletting","Blood for Blood"],"picked":"Dropkick","floor":21},{"not_picked":["Heavy Blade+1","Sword Boomerang","Thunderclap"],"picked":"SKIP","floor":24},{"not_picked":["Pommel Strike","Searing Blow"],"picked":"Disarm","floor":25},{"not_picked":["Infernal Blade","Blood for Blood","Anger"],"picked":"SKIP","floor":28}],"player_experience":105934,"relics_obtained":[{"floor":6,"key":"Regal Pillow"},{"floor":7,"key":"Pantograph"},{"floor":9,"key":"Blue Candle"},{"floor":11,"key":"Frozen Egg 2"},{"floor":26,"key":"Bag of Preparation"}],"event_choices":[{"damage_healed":0,"gold_gain":0,"player_choice":"Ignored","damage_taken":0,"max_hp_gain":0,"max_hp_loss":0,"event_name":"Golden Idol","floor":2,"gold_loss":0},{"damage_healed":0,"gold_gain":0,"player_choice":"Cursed","damage_taken":0,"max_hp_gain":0,"max_hp_loss":0,"event_name":"Wheel of Change","floor":22,"gold_loss":0,"cards_obtained":["Decay"]}],"is_beta":false,"boss_relics":[{"not_picked":["Runic Pyramid","Busted Crown"],"picked":"Empty Cage"}],"items_purged_floors":[10,20],"is_endless":false,"potions_floor_spawned":[1,5,12,14,19,28],"killed_by":"Slavers","ascension_level":0}}