{"host":"6jrd8fn9k88n08be","time":1610991024,"event":{"mods":["BaseMod","Minty Spire (QoL Compilation)","StSLib"],"gold_per_floor":[109,59,134,309,324,324,356,306,306,333,347,347,347,359,359,458,458,468,468,483,483,202,234,534,534,534,456,86,100,129,109,109,109,109],"floor_reached":33,"language":"ENG","playtime":3225,"items_purged":["Strike_R","Shame"],"score":330,"play_id":"abcc830c-5fbb-40c0-a01f-38591aebffff","local_time":"20210118123024","is_ascension_mode":true,"campfire_choices":[{"data":"Perfected Strike","floor":6,"key":"SMITH"},{"data":"Bash","floor":12,"key":"SMITH"},{"data":"Rampage","floor":15,"key":"SMITH"},{"data":"True Grit","floor":25,"key":"SMITH"},{"floor":32,"key":"REST"}],"circlet_count":0,"master_deck":["Strike_R","Strike_R","Strike_R","Defend_R","Defend_R","Defend_R","Defend_R","Bash+1","Perfected Strike+1","Twin Strike","Shrug It Off+1","Rage","Barricade+1","Rampage+1","Berserk+1","True Grit+1","Pummel","Pommel Strike","Rampage+1","Shrug It Off","Reaper","Entrench","Finesse","Twin Strike"],"relics":["Burning Blood","NeowsBlessing","Juzu Bracelet","Frozen Egg 2","Kunai","Philosopher\u0027s Stone","DollysMirror","Akabeko","Old Coin","Pear","Bag of Marbles","Omamori","Lantern"],"acts_visited":["Exordium","TheCity"],"potions_floor_usage":[14,23,30,33,33],"damage_taken":[{"damage":0,"enemies":"Small Slimes","floor":1,"turns":1},{"damage":0,"enemies":"2 Louse","floor":5,"turns":1},{"damage":0,"enemies":"3 Sentries","floor":7,"turns":2},{"damage":23,"enemies":"Lagavulin","floor":10,"turns":5},{"damage":0,"enemies":"Cultist","floor":11,"turns":3},{"damage":7,"enemies":"Exordium Thugs","floor":14,"turns":6},{"damage":51,"enemies":"Hexaghost","floor":16,"turns":9},{"damage":7,"enemies":"Chosen","floor":18,"turns":4},{"damage":18,"enemies":"3 Byrds","floor":20,"turns":6},{"damage":29,"enemies":"Gremlin Leader","floor":23,"turns":6},{"damage":11,"enemies":"Shelled Parasite and Fungi","floor":29,"turns":7},{"damage":33,"enemies":"Book of Stabbing","floor":30,"turns":5},{"damage":82,"enemies":"Collector","floor":33,"turns":7}],"seed_played":"-8175313877931279778","potions_obtained":[{"floor":5,"key":"CultistPotion"},{"floor":7,"key":"Ancient Potion"},{"floor":11,"key":"DistilledChaos"},{"floor":20,"key":"CultistPotion"},{"floor":29,"key":"EssenceOfSteel"},{"floor":31,"key":"SkillPotion"}],"is_trial":false,"path_per_floor":["M","$","?","?","M","R","E","?","T","E","M","R","?","M","R","B",null,"M","?","M","?","$","E","?","R","T","?","$","M","E","?","R","B"],"character_chosen":"IRONCLAD","items_purchased":["Twin Strike","DollysMirror","Shrug It Off","Entrench","Omamori","Finesse"],"campfire_rested":1,"item_purchase_floors":[2,22,22,28,28,28],"current_hp_per_floor":[80,80,69,69,75,75,80,80,80,63,69,69,69,68,68,23,80,79,79,67,67,67,44,44,44,54,54,54,49,28,28,55,0,0],"gold":109,"neow_bonus":"THREE_ENEMY_KILL","is_daily":false,"chose_seed":false,"campfire_upgraded":4,"win_rate":0.0,"timestamp":1610991024,"path_taken":["M","$","?","?","M","R","E","?","T","E","M","R","?","M","R","BOSS","M","?","M","?","$","E","?","R","T","?","$","M","E","?","R","BOSS"],"items_purchased_type":["Card","Relic","Card","Card","Relic","Card"],"build_version":"2020-12-22","purchased_purges":2,"victory":false,"max_hp_per_floor":[80,80,80,80,80,80,80,80,80,80,80,80,80,80,80,80,80,80,80,80,80,80,80,80,80,90,90,90,90,90,90,90,90,90],"card_choices":[{"not_picked":["Anger","Havoc"],"picked":"Perfected Strike","floor":1},{"not_picked":["Wild Strike","Heavy Blade"],"picked":"Shrug It Off","floor":5},{"not_picked":["Body Slam","Iron Wave","Havoc"],"picked":"SKIP","floor":7},{"not_picked":["Reckless Charge","Flex"],"picked":"Rage","floor":10},{"not_picked":["Pommel Strike","Dark Embrace+1"],"picked":"Barricade+1","floor":11},{"not_picked":["Clash","Bloodletting"],"picked":"Rampage","floor":14},{"not_picked":["Offering","Brutality+1"],"picked":"Berserk+1","floor":16},{"not_picked":["Sword Boomerang","Flame Barrier"],"picked":"True Grit","floor":18},{"not_picked":["Pummel+1","Cleave"],"picked":"Pommel Strike","floor":20},{"not_picked":["Headbutt+1","True Grit"],"picked":"Reaper","floor":23},{"not_picked":["Bloodletting+1","Thunderclap","Sword Boomerang+1"],"picked":"SKIP","floor":29},{"not_picked":["Searing Blow","Hemokinesis"],"picked":"Twin Strike","floor":30}],"player_experience":78682,"relics_obtained":[{"floor":7,"key":"Juzu Bracelet"},{"floor":9,"key":"Frozen Egg 2"},{"floor":10,"key":"Kunai"},{"floor":23,"key":"Akabeko"},{"floor":26,"key":"Pear"},{"floor":30,"key":"Lantern"}],"event_choices":[{"damage_healed":0,"gold_gain":75,"player_choice":"Gather Gold","damage_taken":11,"max_hp_gain":0,"max_hp_loss":0,"event_name":"World of Goop","floor":3,"gold_loss":0},{"damage_healed":0,"gold_gain":175,"player_choice":"AGREE","damage_taken":0,"max_hp_gain":0,"max_hp_loss":0,"event_name":"Liars Game","floor":4,"gold_loss":0,"cards_obtained":["Doubt"]},{"cards_removed":["Doubt"],"damage_healed":0,"gold_gain":0,"player_choice":"Card Removal","damage_taken":0,"max_hp_gain":0,"max_hp_loss":0,"event_name":"The Cleric","floor":8,"gold_loss":50},{"damage_healed":0,"gold_gain":0,"player_choice":"Forge","damage_taken":0,"max_hp_gain":0,"max_hp_loss":0,"event_name":"Accursed Blacksmith","floor":13,"gold_loss":0,"cards_upgraded":["Shrug It Off"]},{"damage_healed":0,"gold_gain":0,"cards_transformed":["Strike_R"],"player_choice":"Transformed","damage_taken":0,"max_hp_gain":0,"max_hp_loss":0,"event_name":"Transmorgrifier","floor":19,"gold_loss":0,"cards_obtained":["Pummel"]},{"damage_healed":0,"gold_gain":0,"player_choice":"Ignored","damage_taken":0,"max_hp_gain":0,"max_hp_loss":0,"event_name":"Ghosts","floor":21,"gold_loss":0},{"damage_healed":0,"gold_gain":0,"player_choice":"Stole Relic","damage_taken":0,"relics_obtained":["Old Coin"],"max_hp_gain":0,"max_hp_loss":0,"event_name":"Addict","floor":24,"gold_loss":0,"cards_obtained":["Shame"]},{"damage_healed":0,"gold_gain":0,"player_choice":"Paid Gold","damage_taken":0,"relics_obtained":["Bag of Marbles"],"max_hp_gain":0,"max_hp_loss":0,"event_name":"WeMeetAgain","floor":27,"gold_loss":78},{"damage_healed":0,"gold_gain":0,"player_choice":"Bought 1 Potion","damage_taken":0,"max_hp_gain":0,"max_hp_loss":0,"event_name":"The Woman in Blue","floor":31,"gold_loss":0}],"is_beta":false,"boss_relics":[{"not_picked":["Empty Cage","Runic Pyramid"],"picked":"Philosopher\u0027s Stone"}],"items_purged_floors":[22,28],"is_endless":false,"potions_floor_spawned":[5,7,11,20,29],"killed_by":"Collector","ascension_level":1}}