{"host":"8q07dek4g0cj4h6i","time":1610965472,"event":{"mods":["AchievementEnabler","BaseMod","Colored Powertips","Decade(王小明)","Downfall","GungeonMod","Minty Spire (QoL Compilation)","Spicy Shops","StSLib","The Bug Knight","The Poker Player","vexMod","【遗物卡牌】REMEMod"],"gold_per_floor":[115,150,150,150,150,150,181,181,207,220,37,57,72,90,90,190,190,202,216,6,6,6],"floor_reached":21,"language":"ZHS","playtime":4647,"items_purged":["HollowMod:QuickDashStart"],"score":206,"play_id":"1f383e52-77ab-4831-9505-423871f211a1","local_time":"20210118182432","is_ascension_mode":false,"campfire_choices":[{"data":"HollowMod:VengefulSpirit","floor":6,"key":"SMITH"},{"data":"HollowMod:MantisMark","floor":8,"key":"SMITH"},{"data":"HollowMod:CycloneSlash","floor":15,"key":"SMITH"}],"circlet_count":0,"master_deck":["HollowMod:NailStrikeStart","HollowMod:NailStrikeStart","HollowMod:NailStrikeStart","HollowMod:QuickDashStart","HollowMod:QuickDashStart","HollowMod:QuickDashStart","HollowMod:FocusHealStart+1","HollowMod:PogoStrike","sneckomod:Unknown3Cost","HollowMod:DescendingDark","HollowMod:VengefulSpirit+1","HollowMod:MantisMark+1","HollowMod:CycloneSlash+1","HollowMod:DungDefenderAura","HollowMod:HuntersJournal","HollowMod:DashSlash","HollowMod:LifebloodCore","HollowMod:LifebloodCocoon","HollowMod:FallenFury"],"relics":["HollowMod:VesselMask","REME_ComplimentaryCards","NeowsBlessing","DemoMod:PoisonVial","vexMod:FocusSash","PrismaticShard"],"acts_visited":["Exordium","TheCity"],"potions_floor_usage":[16,16],"damage_taken":[{"damage":0,"enemies":"2 Louse","floor":1,"turns":1},{"damage":0,"enemies":"Cultist","floor":2,"turns":2},{"damage":0,"enemies":"HollowMod:MossKnight","floor":7,"turns":1},{"damage":0,"enemies":"Small Slimes","floor":10,"turns":2},{"damage":0,"enemies":"Blue Slaver","floor":12,"turns":4},{"damage":6,"enemies":"Gremlin Gang","floor":13,"turns":3},{"damage":0,"enemies":"3 Louse","floor":14,"turns":2},{"damage":70,"enemies":"Hexaghost","floor":16,"turns":11},{"damage":0,"enemies":"3 Byrds","floor":18,"turns":3},{"damage":51,"enemies":"Shell Parasite","floor":19,"turns":9},{"damage":57,"enemies":"Snecko","floor":21,"turns":5}],"seed_played":"8780837429866590849","potions_obtained":[{"floor":1,"key":"PowerPotion"},{"floor":2,"key":"Block Potion"},{"floor":12,"key":"champ:CounterPotion"},{"floor":14,"key":"DemoMod:LeadSkinPotion"}],"is_trial":false,"path_per_floor":["M","M","?","$","?","R","E","R","T","M","$","M","M","M","R","B",null,"M","M","$","M"],"character_chosen":"THE_BUGKNIGHT","items_purchased":["HollowMod:DungDefenderAura","HollowMod:FallenFury","PrismaticShard"],"campfire_rested":0,"item_purchase_floors":[11,20,20],"current_hp_per_floor":[75,75,75,75,75,75,75,75,75,75,75,75,69,69,69,11,75,75,30,30,0,0],"gold":6,"neow_bonus":"THREE_ENEMY_KILL","is_daily":false,"chose_seed":false,"campfire_upgraded":3,"win_rate":0.0,"timestamp":1610965472,"path_taken":["M","M","?","$","?","R","E","R","T","M","$","M","?","M","R","BOSS","M","M","?","M"],"items_purchased_type":["Card","Card","Relic"],"build_version":"2020-12-22","purchased_purges":1,"victory":false,"max_hp_per_floor":[75,75,75,75,75,75,75,75,75,75,75,75,75,75,75,75,75,75,75,75,75,75],"card_choices":[{"not_picked":["HollowMod:ChannelNail","HollowMod:ShadowDash"],"picked":"HollowMod:DescendingDark","floor":1},{"not_picked":["HollowMod:DescendingDark","HollowMod:CornifersMapStart"],"picked":"HollowMod:VengefulSpirit","floor":2},{"not_picked":["HollowMod:HeavyBlow","HollowMod:CrystalDash"],"picked":"HollowMod:MantisMark","floor":7},{"not_picked":["HollowMod:InfectedAttack","HollowMod:HowlingWraiths"],"picked":"HollowMod:CycloneSlash","floor":10},{"not_picked":["HollowMod:ChannelNail","HollowMod:CoiledNail","HollowMod:InfectedCysts"],"picked":"SKIP","floor":12},{"not_picked":["HollowMod:NewJinnsSoul","HollowMod:VengefulVoid"],"picked":"HollowMod:HuntersJournal","floor":13},{"not_picked":["HollowMod:WraithStrike","HollowMod:MawleksShell"],"picked":"HollowMod:DashSlash","floor":14},{"not_picked":["HollowMod:ElderbugsWisdom","HollowMod:Weaversong"],"picked":"HollowMod:LifebloodCore","floor":16},{"not_picked":["HollowMod:TaintedHusks","HollowMod:VengefulSpirit"],"picked":"HollowMod:LifebloodCocoon","floor":18},{"not_picked":["HollowMod:CornifersMapStart","HollowMod:LifebloodCocoon","HollowMod:NewLittleFool"],"picked":"SKIP","floor":19}],"player_experience":47623,"relics_obtained":[{"floor":7,"key":"DemoMod:PoisonVial"},{"floor":9,"key":"vexMod:FocusSash"}],"event_choices":[{"damage_healed":0,"gold_gain":0,"player_choice":"Grow","damage_taken":0,"max_hp_gain":0,"max_hp_loss":0,"event_name":"Living Wall","floor":3,"gold_loss":0,"cards_upgraded":["HollowMod:FocusHealStart"]},{"cards_removed":["HollowMod:NailStrikeStart"],"damage_healed":0,"gold_gain":0,"player_choice":"Offered Basic","damage_taken":0,"max_hp_gain":0,"max_hp_loss":0,"event_name":"Bonfire Elementals","floor":5,"gold_loss":0}],"is_beta":false,"boss_relics":[{"not_picked":["vexMod:EndlessSickness","vexMod:CursedCompass","Astrolabe"]}],"items_purged_floors":[11],"is_endless":false,"potions_floor_spawned":[1,2,12,14],"killed_by":"Snecko","ascension_level":0}}