{"host":"baymyijz6sxaqj5s","time":1610973069,"event":{"mods":["AchievementEnabler","BaseMod","Colored Map","Colored Powertips","DeckTracker","Highlight Path","KOR Keyword Fix","Keyboard Shortcuts","Minty Spire (QoL Compilation)","StSLib","SuperFastMode","everything is the same but u backflip on backflip"],"gold_per_floor":[113,113,125,125,125,142,217,217,217,217,229,229,244,255,255,255,255],"floor_reached":16,"language":"KOR","playtime":306,"items_purged":[],"score":101,"play_id":"ff0d85ea-fab3-42d0-b11a-a3ca10e29adb","local_time":"20210118213109","is_ascension_mode":true,"campfire_choices":[{"data":"Deflect","floor":8,"key":"SMITH"},{"data":"Neutralize","floor":10,"key":"SMITH"},{"data":"Prepared","floor":12,"key":"SMITH"},{"data":"Escape Plan","floor":15,"key":"SMITH"}],"circlet_count":0,"master_deck":["Strike_G","Strike_G","Strike_G","Strike_G","Strike_G","Defend_G","Defend_G","Defend_G","Defend_G","Defend_G","Survivor+1","Neutralize+1","Deflect+1","Prepared+1","Escape Plan+1","Catalyst"],"relics":["Ring of the Snake","Kunai"],"acts_visited":["Exordium"],"potions_floor_usage":[13],"damage_taken":[{"damage":2,"enemies":"Small Slimes","floor":1,"turns":5},{"damage":1,"enemies":"Cultist","floor":3,"turns":4},{"damage":1,"enemies":"Jaw Worm","floor":6,"turns":6},{"damage":0,"enemies":"Exordium Wildlife","floor":11,"turns":4},{"damage":0,"enemies":"3 Louse","floor":13,"turns":6},{"damage":6,"enemies":"Large Slime","floor":14,"turns":10},{"damage":0,"enemies":"Hexaghost","floor":16,"turns":2}],"seed_played":"-7949259852187006755","potions_obtained":[{"floor":6,"key":"Regen Potion"},{"floor":11,"key":"BlessingOfTheForge"}],"is_trial":false,"path_per_floor":["M","?","M","?","$","M","?","R","T","R","M","R","M","M","R","B"],"character_chosen":"THE_SILENT","items_purchased":[],"campfire_rested":0,"item_purchase_floors":[],"current_hp_per_floor":[75,75,74,74,74,73,62,62,62,62,62,62,77,71,71,71,71],"gold":255,"neow_bonus":"TEN_PERCENT_HP_BONUS","is_daily":false,"chose_seed":false,"campfire_upgraded":4,"win_rate":0.0,"timestamp":1610973069,"path_taken":["M","?","?","?","?","M","?","R","T","R","M","R","?","M","R","BOSS"],"items_purchased_type":[],"build_version":"2020-12-22","purchased_purges":0,"victory":false,"max_hp_per_floor":[77,77,77,77,77,77,77,77,77,77,77,77,77,77,77,77,77],"card_choices":[{"not_picked":["Bane","Dodge and Roll"],"picked":"Deflect","floor":1},{"not_picked":["Concentrate","PiercingWail","Flying Knee"],"picked":"SKIP","floor":3},{"not_picked":["Terror","Dagger Spray","PiercingWail"],"picked":"SKIP","floor":6},{"not_picked":["Outmaneuver","Setup"],"picked":"Prepared","floor":11},{"not_picked":["Cloak And Dagger","All Out Attack"],"picked":"Escape Plan","floor":13},{"not_picked":["Choke","Tactician"],"picked":"Catalyst","floor":14}],"player_experience":48141,"relics_obtained":[{"floor":9,"key":"Kunai"}],"event_choices":[{"damage_healed":0,"gold_gain":0,"player_choice":"Forge","damage_taken":0,"max_hp_gain":0,"max_hp_loss":0,"event_name":"Accursed Blacksmith","floor":2,"gold_loss":0,"cards_upgraded":["Survivor"]},{"damage_healed":0,"gold_gain":0,"player_choice":"0 cards matched","damage_taken":0,"max_hp_gain":0,"max_hp_loss":0,"event_name":"Match and Keep!","floor":4,"gold_loss":0,"cards_obtained":[]},{"damage_healed":0,"gold_gain":75,"player_choice":"Gather Gold","damage_taken":11,"max_hp_gain":0,"max_hp_loss":0,"event_name":"World of Goop","floor":7,"gold_loss":0}],"is_beta":false,"boss_relics":[],"items_purged_floors":[],"is_endless":false,"potions_floor_spawned":[6,11],"killed_by":"Hexaghost","ascension_level":2}}