{"host":"sav7uxregyirlf69","time":1610974888,"event":{"mods":["AchievementEnabler","BaseMod","Colored Map","DeckTracker","Keyboard Shortcuts","Minty Spire (QoL Compilation)","READ ME - Guardian Mod","StSLib","SuperFastMode"],"gold_per_floor":[13,13,27,47,66,86,86,97,97,97,126,137,137,153,153,229,229,245,295,345,89,139,139,203,203,203],"floor_reached":25,"language":"KOR","playtime":445,"items_purged":["Strike_R"],"score":410,"play_id":"4ee6d3ad-1004-4a16-a6bf-926ff2548425","local_time":"20210118220128","is_ascension_mode":true,"campfire_choices":[{"data":"Carnage","floor":7.0,"key":"SMITH"},{"data":"Dark Embrace","floor":13,"key":"SMITH"},{"data":"Body Slam","floor":15,"key":"SMITH"},{"floor":23,"key":"DIG"}],"circlet_count":0,"master_deck":["AscendersBane","Defend_R","Defend_R","Defend_R","Defend_R","Bash","Pommel Strike","Dark Embrace+1","Second Wind","Shrug It Off","Body Slam+1","Carnage+1","Bloodletting","Seeing Red","Exhume","Intimidate","Whirlwind","Fiend Fire","Deep Breath+1"],"relics":["Burning Blood","Ice Cream","Shuriken","SsserpentHead","Shovel","Black Star","Membership Card","Letter Opener"],"acts_visited":["Exordium","TheCity"],"potions_floor_usage":[14,16,24],"damage_taken":[{"damage":5.0,"enemies":"2 Louse","floor":1.0,"turns":3.0},{"damage":2.0,"enemies":"Small Slimes","floor":3.0,"turns":4.0},{"damage":0.0,"enemies":"Cultist","floor":4.0,"turns":3.0},{"damage":17.0,"enemies":"Large Slime","floor":5.0,"turns":8.0},{"damage":4.0,"enemies":"2 Fungi Beasts","floor":6.0,"turns":4.0},{"damage":13.0,"enemies":"Red Slaver","floor":8.0,"turns":3.0},{"damage":15,"enemies":"Lagavulin","floor":11,"turns":5},{"damage":4,"enemies":"Exordium Wildlife","floor":12,"turns":2},{"damage":0,"enemies":"2 Fungi Beasts","floor":14,"turns":2},{"damage":17,"enemies":"Slime Boss","floor":16,"turns":8},{"damage":41,"enemies":"Spheric Guardian","floor":18,"turns":6},{"damage":3,"enemies":"3 Byrds","floor":24,"turns":3},{"damage":37,"enemies":"3 Cultists","floor":25,"turns":4}],"seed_played":"-1335386294997983695","potions_obtained":[{"floor":3.0,"key":"Weak Potion"},{"floor":8.0,"key":"Explosive Potion"},{"floor":14,"key":"Dexterity Potion"},{"floor":16,"key":"LiquidBronze"},{"floor":24,"key":"Dexterity Potion"}],"is_trial":false,"path_per_floor":["M","?","M","M","M","M","R","M","T","?","E","M","R","M","R","B",null,"M","?","?","$","?","R","M","M"],"character_chosen":"IRONCLAD","items_purchased":["Membership Card","Deep Breath"],"campfire_rested":0,"item_purchase_floors":[21,21],"current_hp_per_floor":[69,69,73,75,64,66,66,59,59,59,50,52,52,58,58,47,68,33,33,33,33,33,33,36,0,0],"gold":203,"neow_bonus":"ONE_RARE_RELIC","is_daily":false,"chose_seed":false,"campfire_upgraded":3,"win_rate":0.0,"timestamp":1610974888,"path_taken":["M","?","M","M","M","M","R","M","T","?","E","M","R","M","R","BOSS","M","?","?","$","?","R","?","M"],"items_purchased_type":["Relic","Card"],"build_version":"2020-12-22","purchased_purges":1,"victory":false,"max_hp_per_floor":[75,75,75,75,75,75,75,75,75,75,75,75,75,75,75,75,75,75,75,75,75,75,75,75,75,75],"card_choices":[{"not_picked":["Disarm","Intimidate"],"picked":"Pommel Strike","floor":1.0},{"not_picked":["Hemokinesis","Body Slam"],"picked":"Second Wind","floor":3.0},{"not_picked":["Sword Boomerang","Disarm"],"picked":"Shrug It Off","floor":4.0},{"not_picked":["Shrug It Off","Flex"],"picked":"Body Slam","floor":5.0},{"not_picked":["Anger","Flex"],"picked":"Carnage","floor":6.0},{"not_picked":["Spot Weakness","Sever Soul"],"picked":"Bloodletting","floor":8.0},{"not_picked":["Dark Embrace","Havoc","Pommel Strike"],"picked":"SKIP","floor":11},{"not_picked":["Brutality","Cleave"],"picked":"Seeing Red","floor":12},{"not_picked":["Warcry","Perfected Strike","Infernal Blade"],"picked":"SKIP","floor":14},{"not_picked":["Reaper","Limit Break"],"picked":"Exhume","floor":16},{"not_picked":["Armaments","Cleave"],"picked":"Intimidate","floor":18},{"not_picked":["Headbutt","Pommel Strike","Searing Blow"],"picked":"SKIP","floor":24}],"player_experience":1310393,"relics_obtained":[{"floor":9.0,"key":"Shuriken"},{"floor":11,"key":"Shovel"},{"floor":23,"key":"Letter Opener"}],"event_choices":[{"damage_healed":0.0,"max_hp_gain":0.0,"max_hp_loss":0.0,"gold_gain":0.0,"cards_transformed":["Strike_R"],"event_name":"Living Wall","player_choice":"Change","floor":2.0,"gold_loss":0.0,"damage_taken":0.0,"cards_obtained":["Dark Embrace"]},{"damage_healed":0,"gold_gain":0,"player_choice":"Trade","damage_taken":0,"relics_obtained":["SsserpentHead"],"max_hp_gain":0,"max_hp_loss":0,"event_name":"FaceTrader","floor":10,"gold_loss":0},{"damage_healed":0,"gold_gain":0,"cards_transformed":["Strike_R","Strike_R"],"player_choice":"Became Test Subject","damage_taken":0,"max_hp_gain":0,"max_hp_loss":0,"event_name":"Drug Dealer","floor":19,"gold_loss":0,"cards_obtained":["Whirlwind","Fiend Fire"]},{"cards_removed":["Strike_R"],"damage_healed":0,"gold_gain":0,"player_choice":"Elegance","damage_taken":0,"max_hp_gain":0,"max_hp_loss":0,"event_name":"Back to Basics","floor":20,"gold_loss":0},{"damage_healed":0,"gold_gain":0,"player_choice":"Upgraded","damage_taken":0,"max_hp_gain":0,"max_hp_loss":0,"event_name":"Upgrade Shrine","floor":22,"gold_loss":0,"cards_upgraded":["Deep Breath"]}],"is_beta":false,"boss_relics":[{"not_picked":["Empty Cage","SlaversCollar"],"picked":"Black Star"}],"items_purged_floors":[21],"is_endless":false,"potions_floor_spawned":[3,8,11,12,14,16,24],"killed_by":"3 Cultists","ascension_level":20}}