{"host":"y76x98twjnyyxs83","time":1610990322,"event":{"mods":["BaseMod","Colored Powertips","Minty Spire (QoL Compilation)","Permanent Neow","Quick Restart","Rare Cards Sparkle","Relic Stats","StSLib"],"gold_per_floor":[109,121,141,217,234,269,53,53,53,88,107,107,107,121,121,194,194,208,208,228,228,228],"floor_reached":21,"language":"ENG","playtime":808,"items_purged":["Strike_G"],"score":353,"play_id":"f163d708-7491-4566-88a7-cdad0cc9a139","local_time":"20210119011842","is_ascension_mode":true,"campfire_choices":[{"floor":8,"key":"REST"},{"floor":12,"key":"REST"},{"data":"Neutralize","floor":15,"key":"SMITH"}],"circlet_count":0,"master_deck":["AscendersBane","Strike_G","Strike_G","Defend_G","Defend_G","Defend_G","Defend_G","Defend_G","Survivor","Neutralize+1","Dagger Throw","Blade Dance","Dagger Spray","Infinite Blades","PiercingWail","Terror","Venomology","Endless Agony","Crippling Poison","Prepared","Underhanded Strike"],"relics":["Ring of the Snake","Matryoshka","Shuriken","Bag of Marbles","Paper Crane","Smiling Mask","Runic Pyramid"],"acts_visited":["Exordium","TheCity"],"potions_floor_usage":[6,6,10,16,16],"damage_taken":[{"damage":3,"enemies":"Cultist","floor":1,"turns":4},{"damage":3,"enemies":"2 Louse","floor":2,"turns":4},{"damage":4,"enemies":"Jaw Worm","floor":3,"turns":5},{"damage":6,"enemies":"Looter","floor":5,"turns":3},{"damage":26,"enemies":"Gremlin Nob","floor":6,"turns":4},{"damage":24,"enemies":"3 Sentries","floor":10,"turns":5},{"damage":6,"enemies":"Blue Slaver","floor":11,"turns":3},{"damage":0,"enemies":"2 Fungi Beasts","floor":14,"turns":4},{"damage":24,"enemies":"Slime Boss","floor":16,"turns":6},{"damage":20,"enemies":"Shell Parasite","floor":18,"turns":4},{"damage":15,"enemies":"Chosen","floor":20,"turns":4}],"seed_played":"4211319327707688557","potions_obtained":[{"floor":0,"key":"DuplicationPotion"},{"floor":0,"key":"EntropicBrew"},{"floor":2,"key":"BlessingOfTheForge"},{"floor":14,"key":"EssenceOfSteel"},{"floor":16,"key":"GamblersBrew"}],"is_trial":false,"path_per_floor":["M","M","M","T","M","E","$","R","T","E","M","R","?","M","R","B",null,"M","?","M","?"],"character_chosen":"THE_SILENT","items_purchased":["Infinite Blades","PiercingWail"],"campfire_rested":2,"item_purchase_floors":[7,7],"current_hp_per_floor":[56,53,49,49,43,17,17,36,36,12,6,25,25,25,25,1,50,30,30,15,0,0],"gold":228,"neow_bonus":"THREE_SMALL_POTIONS","is_daily":false,"chose_seed":false,"campfire_upgraded":1,"win_rate":0.0,"timestamp":1610990322,"path_taken":["M","M","M","?","M","E","$","R","T","E","M","R","?","M","R","BOSS","M","?","M","?"],"items_purchased_type":["Card","Card"],"build_version":"2020-12-22","purchased_purges":1,"victory":false,"max_hp_per_floor":[66,66,66,66,66,66,66,66,66,66,66,66,66,66,66,66,66,66,66,66,71,71],"relic_stats":{"counters":[11,46],"Shuriken":[19],"Smiling Mask":0,"obtain_stats":[{"Matryoshka":4,"Shuriken":6,"Bag of Marbles":9,"Paper Crane":9,"Smiling Mask":10,"Ring of the Snake":0,"Runic Pyramid":17},{"Matryoshka":3,"Shuriken":5,"Bag of Marbles":5,"Paper Crane":5,"Smiling Mask":6,"Ring of the Snake":0,"Runic Pyramid":9},{"Matryoshka":13,"Shuriken":20,"Bag of Marbles":20,"Paper Crane":20,"Smiling Mask":25,"Ring of the Snake":0,"Runic Pyramid":38}],"Ring of the Snake":[22]},"card_choices":[{"not_picked":["Deflect","Outmaneuver"],"picked":"Dagger Throw","floor":1},{"not_picked":["Bouncing Flask","Finisher"],"picked":"Blade Dance","floor":2},{"not_picked":["Outmaneuver","Prepared","Bane"],"picked":"SKIP","floor":3},{"not_picked":["Phantasmal Killer","Prepared"],"picked":"Dagger Spray","floor":5},{"not_picked":["Bane","Dodge and Roll","Tools of the Trade"],"picked":"SKIP","floor":6},{"not_picked":["Bane","Acrobatics","Dodge and Roll"],"picked":"SKIP","floor":10},{"not_picked":["Acrobatics","Prepared","Quick Slash"],"picked":"SKIP","floor":11},{"not_picked":["Dagger Throw","Dagger Spray"],"picked":"Terror","floor":14},{"not_picked":["Phantasmal Killer","Corpse Explosion"],"picked":"Venomology","floor":16},{"not_picked":["Bane","Prepared"],"picked":"Endless Agony","floor":18},{"not_picked":["Acrobatics","Backflip"],"picked":"Underhanded Strike","floor":20}],"player_experience":1157750,"relics_obtained":[{"floor":4,"key":"Matryoshka"},{"floor":6,"key":"Shuriken"},{"floor":9,"key":"Bag of Marbles"},{"floor":9,"key":"Paper Crane"},{"floor":10,"key":"Smiling Mask"}],"event_choices":[{"damage_healed":0,"gold_gain":0,"player_choice":"Ignored","damage_taken":0,"max_hp_gain":0,"max_hp_loss":0,"event_name":"Liars Game","floor":13,"gold_loss":0},{"damage_healed":0,"gold_gain":0,"cards_transformed":["Strike_G","Strike_G"],"player_choice":"Became Test Subject","damage_taken":0,"max_hp_gain":0,"max_hp_loss":0,"event_name":"Drug Dealer","floor":19,"gold_loss":0,"cards_obtained":["Crippling Poison","Prepared"]}],"is_beta":false,"boss_relics":[{"not_picked":["SlaversCollar","Calling Bell"],"picked":"Runic Pyramid"}],"items_purged_floors":[7],"is_endless":false,"potions_floor_spawned":[2,6,14,16,20],"ascension_level":17}}