{"host":"t6r1isv2bex5ovch","time":1610959132,"event":{"mods":["AchievementEnabler","Act Like it!","Aspiration","BaseMod","Better Altar","Better Match","Better Note","Better Sensory Stone","Better Skull","Better Third Choice","Better Vampires","Colored Powertips","Displayed Cursed Tome","Evolution","Fox Events","Hubris","Minty Spire (QoL Compilation)","StSLib","The Jungle"],"gold_per_floor":[115,131,56,70,86,112,124,137,210,210,210,210,220,246,246,246,246],"floor_reached":16,"language":"ENG","playtime":1567,"items_purged":["Strike_P"],"score":122,"play_id":"2ed3822d-486b-450f-8515-f74c2999bac6","local_time":"20210118183852","is_ascension_mode":true,"campfire_choices":[{"floor":12,"key":"RECALL"},{"data":"TalkToTheHand","floor":15,"key":"SMITH"}],"circlet_count":0,"master_deck":["Strike_P","Strike_P","Strike_P","Defend_P","Defend_P","Defend_P","Defend_P","Eruption","Vigilance","TalkToTheHand+1","DeusExMachina","Adaptation"],"relics":["PureWater","EVO:Axolotl","aspiration:Nostalgia","Ring of the Snake","Dream Catcher","hubris:Towel","Odd Mushroom"],"acts_visited":["Exordium"],"potions_floor_usage":[6,10,14,16,16,16],"damage_taken":[{"damage":0.0,"enemies":"Small Slimes","floor":1.0,"turns":4.0},{"damage":0.0,"enemies":"2 Louse","floor":2.0,"turns":3.0},{"damage":3.0,"enemies":"Jaw Worm","floor":4.0,"turns":4.0},{"damage":10.0,"enemies":"Red Slaver","floor":5.0,"turns":7.0},{"damage":47,"enemies":"3 Sentries","floor":6,"turns":16},{"damage":7,"enemies":"Lots of Slimes","floor":7,"turns":6},{"damage":0,"enemies":"Looter","floor":8,"turns":3},{"damage":0,"enemies":"Gremlin Gang","floor":10,"turns":1},{"damage":0,"enemies":"Exordium Wildlife","floor":13,"turns":5},{"damage":0,"enemies":"The Mushroom Lair","floor":14,"turns":3},{"damage":29,"enemies":"Hexaghost","floor":16,"turns":11}],"seed_played":"-5526749119301391498","potions_obtained":[{"floor":5.0,"key":"ColorlessPotion"},{"floor":7,"key":"SmokeBomb"},{"floor":8,"key":"BottledMiracle"},{"floor":13,"key":"EntropicBrew"}],"is_trial":false,"path_per_floor":["M","M","$","M","M","E","M","M","T","M","?","R","M","?","R","B"],"character_chosen":"WATCHER","items_purchased":[],"campfire_rested":0,"item_purchase_floors":[],"current_hp_per_floor":[72,72,72,69,59,12,5,5,5,5,5,5,5,5,5,0,0],"gold":246,"neow_bonus":"NOSTALGIA","is_daily":false,"chose_seed":false,"campfire_upgraded":1,"win_rate":0.0,"timestamp":1610959132,"path_taken":["M","M","$","M","M","E","M","M","T","M","?","R","M","?","R","BOSS"],"items_purchased_type":[],"build_version":"2020-12-22","purchased_purges":1,"victory":false,"max_hp_per_floor":[72,72,72,72,72,72,72,72,72,72,72,72,72,72,72,72,72],"card_choices":[{"not_picked":["SashWhip","Indignation","Protect"],"picked":"SKIP","floor":1.0},{"not_picked":["Crescendo","FollowUp","ThirdEye"],"picked":"SKIP","floor":2.0},{"not_picked":["Crescendo","WreathOfFlame"],"picked":"TalkToTheHand","floor":4.0},{"not_picked":["EmptyMind","Protect","ClearTheMind"],"picked":"SKIP","floor":5.0},{"not_picked":["JustLucky","SashWhip"],"picked":"DeusExMachina","floor":6},{"not_picked":["FollowUp","Protect","ThirdEye"],"picked":"SKIP","floor":7},{"not_picked":["PathToVictory","CutThroughFate","Evaluate"],"picked":"SKIP","floor":8},{"not_picked":["FlurryOfBlows","Protect"],"picked":"Adaptation","floor":13}],"player_experience":337457,"relics_obtained":[{"floor":6,"key":"Dream Catcher"},{"floor":14,"key":"Odd Mushroom"}],"event_choices":[{"damage_healed":0,"gold_gain":0,"player_choice":"Fought Mushrooms","damage_taken":0,"max_hp_gain":0,"max_hp_loss":0,"event_name":"Mushrooms","floor":14,"gold_loss":0}],"is_beta":false,"boss_relics":[],"items_purged_floors":[3],"is_endless":false,"potions_floor_spawned":[5,7,8,13],"killed_by":"Hexaghost","ascension_level":3}}