{"host":"zm8394tgbuhioebz","time":1610938004,"event":{"mods":["AchievementEnabler","Aspiration","BaseMod","Beaked The Cultist","BetterRewards","CatGirl Mod","Colored Map","Colored Powertips","Conspire","DeckTracker","Dio Mod","Googly Eyes","GungeonMod","Hermit","Highlight Path","Hubris","Infinite Spire","Marisa????????","Minty Spire (QoL Compilation)","Quick Restart","Random Character Button","Rare Cards Sparkle","Relic Sorter","Relic Stats","Remilia??????","Replay The Spire","Shop Mod","StSLib","SuperFastMode","Synergy Search","The Administrix","The Animator","The Bladedancer","The Cursed","The Disciple","The Elementalist","The Hierophant","The Jungle","The Mystic","The Necromancer","The Poker Player","The Runesmith","The Senshi","The Servant 0.9.4","TheBandit","Waifu the Spire","slay the spire mod where everything is the same but ironclad has a cowboy hat"],"gold_per_floor":[114,131,150,121,121,121,45,75,146,146,156,156,185,185,185,287,287,300,311,311,311,327,327,327,228,252,267,281,133,148,167,167,267,267,267,267],"floor_reached":35,"language":"ENG","playtime":3305,"items_purged":["Shame","elementalist:Strike+Elemblue"],"score":369,"play_id":"2270df55-3400-419f-b5c2-a7c742851a0c","local_time":"20210117214644","is_ascension_mode":false,"campfire_choices":[{"data":"elementalist:Water_Emblem","floor":6.0,"key":"SMITH"},{"floor":12.0,"key":"REST"},{"floor":24.0,"key":"REST"},{"floor":32,"key":"REST"}],"circlet_count":0,"master_deck":["elementalist:Fire_Emblem","elementalist:Water_Emblem+1","elementalist:Defend_Elemblue","elementalist:Defend_Elemblue","elementalist:Defend_Elemblue","elementalist:Defend_Elemblue","elementalist:Firestrike","elementalist:Earthstrike","elementalist:Waterstrike","elementalist:Airstrike","elementalist:Crystal_Chalk","elementalist:Mist","elementalist:Lunar_Form","elementalist:Spout","elementalist:Low_Tides","elementalist:Momentum","elementalist:Mage_Hand","elementalist:Heavensfall+1","elementalist:Geomancy+1","ReplayTheSpireMod:Black Plague","elementalist:Glaciate+1","elementalist:Confluence","elementalist:Etherstrike+1","elementalist:Confluence"],"relics":["elementalistmod:MagusStaff","elementalistmod:BlueRibbon","NeowsBlessing","Simple Rune","Molten Egg 2","infinitespire:Lucky Rock","Velvet Choker","ReplayFunnel","Boot"],"acts_visited":["Exordium","TheCity","TheBeyond"],"potions_floor_usage":[33],"damage_taken":[{"damage":0.0,"enemies":"Cultist","floor":1.0,"turns":1.0},{"damage":0.0,"enemies":"Jaw Worm","floor":2.0,"turns":1.0},{"damage":0.0,"enemies":"2 Louse","floor":3.0,"turns":1.0},{"damage":16.0,"enemies":"Exordium Thugs","floor":4.0,"turns":5.0},{"damage":34.0,"enemies":"Gremlin Nob","floor":8.0,"turns":6.0},{"damage":6.0,"enemies":"2 Fungi Beasts","floor":11.0,"turns":3.0},{"damage":4.0,"enemies":"3 Sentries","floor":13.0,"turns":13.0},{"damage":33.0,"enemies":"The Guardian","floor":16.0,"turns":23.0},{"damage":26.0,"enemies":"Chosen","floor":18.0,"turns":6.0},{"damage":9.0,"enemies":"conspire:FuzzyDice","floor":19.0,"turns":7.0},{"damage":1.0,"enemies":"Centurion and Healer","floor":22.0,"turns":4.0},{"damage":4.0,"enemies":"conspire:HollyBat","floor":27.0,"turns":5.0},{"damage":33.0,"enemies":"Sentry and Sphere","floor":28.0,"turns":6.0},{"damage":0.0,"enemies":"Centurion and Healer","floor":30.0,"turns":4.0},{"damage":17,"enemies":"Shelled Parasite and Fungi","floor":31,"turns":9},{"damage":10,"enemies":"Champ","floor":33,"turns":10},{"damage":81,"enemies":"3 Shapes","floor":35,"turns":10}],"seed_played":"5867761694365611213","potions_obtained":[{"floor":1.0,"key":"Toxic Potion"},{"floor":4.0,"key":"LiquidBronze"},{"floor":8.0,"key":"EssenceOfSteel"},{"floor":14.0,"key":"SkillPotion"},{"floor":14.0,"key":"Ancient Potion"},{"floor":18.0,"key":"FearPotion"},{"floor":19.0,"key":"GamblersBrew"}],"is_trial":false,"path_per_floor":["M","M","M","M","?","R","$","E","T","?","M","R","E","?","R_BF","B",null,"M","M","AVR","?","M","?","R","$","T","M","M","$","M","M","R","B",null,"M"],"character_chosen":"THE_ELEMENTALIST","items_purchased":["elementalist:Lunar_Form","elementalist:Confluence","elementalist:Etherstrike+1"],"campfire_rested":3,"item_purchase_floors":[7,25,29],"current_hp_per_floor":[70,70,70,54,54,54,54,20,20,20,14,35,31,31,31,4,70,44,35,35,35,34,34,55,55,55,51,18,18,18,1,22,12,70,0,0],"gold":267,"neow_bonus":"THREE_ENEMY_KILL","is_daily":false,"chose_seed":false,"campfire_upgraded":1,"win_rate":0.0,"timestamp":1610938004,"path_taken":["M","M","?","M","?","R","$","E","T","?","?","R","E","?","R_BF","BOSS","M","M","AVR","?","M","?","R","$","T","M","M","?","?","M","R","BOSS","M"],"items_purchased_type":["Card","Card","Card"],"build_version":"2020-12-22","purchased_purges":2,"victory":false,"max_hp_per_floor":[70,70,70,70,70,70,70,70,70,70,70,70,70,70,70,70,70,70,70,70,70,70,70,70,70,70,70,70,70,70,70,70,70,70,70,70],"relic_stats":{"counters":[17,114],"Boot":[8],"obtain_stats":[{"ReplayFunnel":23,"elementalistmod:BlueRibbon":1,"NeowsBlessing":0,"Velvet Choker":17,"Simple Rune":8,"Molten Egg 2":9,"DemoMod:GlassGuonStoneRelic":1,"infinitespire:Lucky Rock":13,"Boot":26,"elementalistmod:MagusStaff":0,"elementalistmod:GraduationLetter":0},{"ReplayFunnel":11,"elementalistmod:BlueRibbon":1,"NeowsBlessing":0,"Velvet Choker":8,"Simple Rune":5,"Molten Egg 2":5,"DemoMod:GlassGuonStoneRelic":1,"infinitespire:Lucky Rock":7,"Boot":11,"elementalistmod:MagusStaff":0,"elementalistmod:GraduationLetter":0},{"ReplayFunnel":70,"elementalistmod:BlueRibbon":1,"NeowsBlessing":0,"Velvet Choker":53,"Simple Rune":14,"Molten Egg 2":14,"DemoMod:GlassGuonStoneRelic":1,"infinitespire:Lucky Rock":30,"Boot":70,"elementalistmod:MagusStaff":0,"elementalistmod:GraduationLetter":0}]},"card_choices":[{"not_picked":["elementalist:Spark","elementalist:Stone_to_Mud","elementalist:Ignition"],"picked":"SKIP","floor":1.0},{"not_picked":["elementalist:Stone_to_Mud","elementalist:Fission_Lance","elementalist:Pressurize"],"picked":"SKIP","floor":2.0},{"not_picked":["elementalist:Accelerant","elementalist:Momentum"],"picked":"elementalist:Mist","floor":3.0},{"not_picked":["elementalist:Emberveil","elementalist:Mist","elementalist:Cyclone"],"picked":"SKIP","floor":4.0},{"not_picked":["elementalist:Overheat","elementalist:Aegis"],"picked":"elementalist:Spout","floor":8.0},{"not_picked":["elementalist:Flame+1","elementalist:Stone_to_Mud"],"picked":"elementalist:Low_Tides","floor":11.0},{"not_picked":["elementalist:Aero","elementalist:Caution"],"picked":"elementalist:Momentum","floor":13.0},{"not_picked":["elementalist:Accelerant+1","elementalist:Ferruchemy"],"picked":"elementalist:Heavensfall+1","floor":16.0},{"not_picked":["elementalist:Mist+1","elementalist:Cauterize+1"],"picked":"elementalist:Geomancy+1","floor":18.0},{"not_picked":["elementalist:Cyclone","elementalist:Prepared_Sand+1","elementalist:Caution+1"],"picked":"SKIP","floor":19.0},{"not_picked":["elementalist:Impact+1","elementalist:Cyclone","elementalist:Mist"],"picked":"SKIP","floor":22.0},{"not_picked":["elementalist:Caution","elementalist:Low_Tides+1","elementalist:Sidereal_Form+1"],"picked":"SKIP","floor":27.0},{"not_picked":["elementalist:Mist","elementalist:Magma_Shot+1","elementalist:Flame+1"],"picked":"SKIP","floor":28.0},{"not_picked":["elementalist:Cyclone","elementalist:Geomancy","elementalist:Spout+1"],"picked":"SKIP","floor":30.0},{"not_picked":["elementalist:Concentricity+1","elementalist:Mist"],"picked":"elementalist:Confluence","floor":31}],"player_experience":28087,"relics_obtained":[{"floor":8.0,"key":"Simple Rune"},{"floor":9.0,"key":"Molten Egg 2"},{"floor":13.0,"key":"infinitespire:Lucky Rock"},{"floor":26.0,"key":"Boot"}],"event_choices":[{"damage_healed":0.0,"max_hp_gain":0.0,"max_hp_loss":0.0,"gold_gain":0.0,"event_name":"Liars Game","player_choice":"Ignored","floor":10.0,"gold_loss":0.0,"damage_taken":0.0},{"damage_healed":0.0,"max_hp_gain":0.0,"max_hp_loss":0.0,"gold_gain":0.0,"event_name":"Lab","player_choice":"Got Potions","floor":14.0,"gold_loss":0.0,"damage_taken":0.0},{"damage_healed":0.0,"max_hp_gain":0.0,"max_hp_loss":0.0,"gold_gain":0.0,"event_name":"Vampires","player_choice":"Ignored","floor":21.0,"gold_loss":0.0,"damage_taken":0.0},{"damage_healed":0.0,"max_hp_gain":0.0,"max_hp_loss":0.0,"gold_gain":0.0,"event_name":"Addict","player_choice":"Stole Relic","floor":23.0,"gold_loss":0.0,"damage_taken":0.0,"relics_obtained":["ReplayFunnel"],"cards_obtained":["Shame"]}],"is_beta":false,"boss_relics":[{"not_picked":["Replay:Fungal Core","Replay:Grab Bag"],"picked":"Velvet Choker"},{"not_picked":["hubris:CrackedHourglass","Runic Dome","aspiration:SecretTechniqueScroll"]}],"items_purged_floors":[25,29],"is_endless":false,"potions_floor_spawned":[1,4,8,18,19,27,30,31],"killed_by":"3 Shapes","ascension_level":0}}