{"host":"nx6ib2o6hmd449ys","time":1610985249,"event":{"mods":["100% Spire Juice","2.2 Compatiblity","Act Like it!","Aspiration","BaseMod","BetterRewards","CCEM","Conjunction","Conspire","Downfall","Elementarium","Energized Spire","Fox Events","Friendly Minions","Gensokyo","GifTheSpireLib","GungeonMod","Halation","Hallownest","HornydragonMod","Hubris","Infinite Spire","Jedi Mod","Marisa????????","Menagerie","Minty Spire (QoL Compilation)","Quick Restart","RRrroohrrRGHHhhh!!","Rare Cards Sparkle","RatMod","Replay The Spire","RumiaBox-????????","Shop Mod","Small Relic Pack","Spicy Shops","Spikes Relics","StS++","StSLib","Stuff the Spire","TestMod","The Blue Laboratory","The Factory","The Jungle","Wandering Minibosses","Yakumo Yukari mod","[IsaacMod]????","noobMod","sanctuary","vexMod"],"gold_per_floor":[118,118,9,22,22,22,34,84,84,115,1,30,30,42,106,180,180,191,28,46,46,46],"floor_reached":21,"language":"ENG","playtime":1339,"items_purged":[],"score":454,"play_id":"e952ce8a-ab84-4519-96a1-9b4536bf2ed5","local_time":"20210118165409","is_ascension_mode":true,"campfire_choices":[{"data":"Flex","floor":6.0,"key":"SMITH"}],"circlet_count":0,"master_deck":["AscendersBane","Strike_R","Strike_R","Strike_R","Strike_R","Strike_R","Defend_R","Defend_R","Defend_R","Defend_R","Parasite","Flex+1","StuffTheSpire:BloodClot","Flex","Gensokyo:SummonPsychicCat","jedi:unlimitedpower","Regret","Replay:Many Hands","wanderingMiniBosses:FinaleOfPromise","Thunderclap+1","Dropkick"],"relics":["Burning Blood","testmod-TestBox","ice","HushsDoor","SteamSale","testmod-NegativeEmotionEnhancer","DemoMod:GnawedKey","DemoMod:Metronome","Replay:PocketPolymizer","Juzu Bracelet","halation:Jellyphish","vexMod:Dragonfruit","ForgetMeNow","vexMod:MysteryBossChallenge","Moonworks:SBBomb","testmod-TestBox","CCEMRelics:Barrel","InkBottle","DemoMod:LamentConfigurum","infinitespire:Eraser","halation:PromiseList","aspiration:TomeofQuesting","jedi:fakemustache","Gensokyo:Companionship","DemoMod:WhiteGuonStone","Happy Flower","energizedSpire:CursedPentagram","Damocles","DemoMod:GlassGuonStoneRelic","wanderingMiniBosses:Blackblade","hubris:ToyBattleship","conspire:TreasureMap","ReplayTheSpireMod:TigerMarble","halation:PenCase"],"acts_visited":["Gensokyo:Gensokyo","TheCity"],"potions_floor_usage":[18],"damage_taken":[{"damage":2.0,"enemies":"Gensokyo:2_Kodama","floor":1.0,"turns":2.0},{"damage":2.0,"enemies":"Gensokyo:Python","floor":4.0,"turns":3.0},{"damage":2.0,"enemies":"Gensokyo:VengefulSpirit","floor":7.0,"turns":5.0},{"damage":42.0,"enemies":"Hiden Room Battle","floor":8.0,"turns":4.0},{"damage":19.0,"enemies":"Gensokyo:Aya","floor":10.0,"turns":5.0},{"damage":4.0,"enemies":"Gensokyo:Cirno","floor":12.0,"turns":5.0},{"damage":8.0,"enemies":"Gensokyo:3_Kodama","floor":14.0,"turns":3.0},{"damage":34,"enemies":"Gensokyo:Kokoro","floor":16,"turns":8},{"damage":41,"enemies":"2 Thieves","floor":18,"turns":7},{"damage":3,"enemies":"Chosen","floor":20,"turns":2}],"seed_played":"-4641428157663197885","potions_obtained":[{"floor":4.0,"key":"FearPotion"},{"floor":7.0,"key":"Dexterity Potion"},{"floor":8.0,"key":"Weak Potion"},{"floor":12.0,"key":"Dexterity Potion"},{"floor":18,"key":"sneckomod:MuddlingPotion"}],"is_trial":false,"path_per_floor":["M","M","COS","M","?","R","M","?","T","E","$","E","?","M","R","B",null,"M","$","M","?"],"character_chosen":"IRONCLAD","items_purchased":["DemoMod:GnawedKey","DemoMod:Metronome","CCEMRelics:WrappedPresent","Juzu Bracelet","halation:Jellyphish","vexMod:Dragonfruit","aspiration:TomeofQuesting","jedi:fakemustache","Damocles","conspire:TreasureMap","ReplayTheSpireMod:TigerMarble"],"campfire_rested":0,"item_purchase_floors":[0,0,0,0,0,0,11,11,17,19,19],"current_hp_per_floor":[55,55,55,61,61,61,67,27,27,16,26,59,59,69,69,43,56,27,37,50,0,0],"gold":46,"neow_bonus":"","is_daily":false,"chose_seed":false,"campfire_upgraded":1,"win_rate":0.0,"timestamp":1610985249,"path_taken":["M","M","COS","M","?","R","M","?","T","E","$","E","?","M","R","BOSS","M","$","M","?"],"items_purchased_type":["Relic","Relic","Relic","Relic","Relic","Relic","Relic","Relic","Relic","Relic","Relic"],"build_version":"2020-12-13","purchased_purges":0,"victory":false,"max_hp_per_floor":[86,86,86,87,87,87,88,89,89,90,90,68,68,69,69,70,60,61,61,62,62,62],"card_choices":[{"not_picked":["Run Through","StSpp:Succumb"],"picked":"Flex","floor":1.0},{"not_picked":["Corruption","ReplayTheSpireMod:Corrosion Curse"],"picked":"StuffTheSpire:BloodClot","floor":4.0},{"not_picked":["Battle Trance","jedi:fear"],"picked":"Flex","floor":7.0},{"not_picked":["Havoc","Iron Wave"],"picked":"Cleave","floor":8.0},{"not_picked":["Pummel","ReplayTheSpireMod:Corrosion Curse"],"picked":"jedi:unlimitedpower","floor":10.0},{"not_picked":["Dual Wield","Headbutt","Wild Strike"],"picked":"SKIP","floor":12.0},{"not_picked":["Bloodletting","hubris:SharpeningStone","jedi:hate"],"picked":"SKIP","floor":14},{"not_picked":["Double Tap","conspire:Purge"],"picked":"Replay:Many Hands","floor":16},{"not_picked":[],"picked":"wanderingMiniBosses:FinaleOfPromise","floor":18},{"not_picked":["StSpp:TheBiggerTheyAre","StSpp:Sprint"],"picked":"Thunderclap+1","floor":18},{"not_picked":["StuffTheSpire:Incineration","StSpp:Sprint"],"picked":"Dropkick","floor":20}],"player_experience":341022,"relics_obtained":[{"floor":0.0,"key":"ForgetMeNow"},{"floor":8.0,"key":"InkBottle"},{"floor":8.0,"key":"DemoMod:LamentConfigurum"},{"floor":9.0,"key":"infinitespire:Eraser"},{"floor":10.0,"key":"halation:PromiseList"},{"floor":12.0,"key":"DemoMod:WhiteGuonStone"},{"floor":18,"key":"wanderingMiniBosses:Blackblade"},{"floor":18,"key":"hubris:ToyBattleship"},{"floor":20,"key":"halation:PenCase"}],"event_choices":[{"damage_healed":0.0,"max_hp_gain":0.0,"max_hp_loss":0.0,"gold_gain":0.0,"event_name":"Box For Yourself","player_choice":"Swap Relic","floor":5.0,"relics_lost":["CCEMRelics:WrappedPresent"],"gold_loss":0.0,"damage_taken":0.0,"relics_obtained":["testmod-TestBox"]},{"damage_healed":0.0,"max_hp_gain":0.0,"max_hp_loss":0.0,"gold_gain":0.0,"event_name":"HidenRoomEvent","player_choice":"Fight","floor":8.0,"gold_loss":0.0,"damage_taken":0.0}],"is_beta":false,"boss_relics":[{"not_picked":["testmod-HarvestTotem","testmod-StringDisintegrator"],"picked":"energizedSpire:CursedPentagram"},{"not_picked":[]}],"items_purged_floors":[],"is_endless":false,"potions_floor_spawned":[4,7,8,12,18,20],"ascension_level":20}}