{"host":"oigynbtg272c19pw","time":1610984786,"event":{"mods":["BaseMod","Colored Map","Minty Spire (QoL Compilation)","Relic Stats","Slay the Relics Exporter","StSLib"],"gold_per_floor":[116,41,51,51,51,51,81,81,159,159,175,198,242,263,263,263,263],"floor_reached":16,"playtime":631,"items_purged":["Strike_G"],"score":270,"play_id":"195e0ff4-ad87-49d2-be5a-b6aed7cda6bf","local_time":"20210118164626","is_ascension_mode":true,"campfire_choices":[{"floor":6,"key":"DIG"},{"data":"Footwork","floor":8,"key":"SMITH"},{"floor":15,"key":"REST"}],"circlet_count":0,"master_deck":["AscendersBane","Strike_G","Strike_G","Strike_G","Defend_G","Defend_G","Defend_G","Defend_G","Defend_G","Survivor","Neutralize","Footwork+1","Deflect","Skewer","Dash","PiercingWail","Acrobatics","Malaise","Dodge and Roll"],"relics":["Ring of the Snake","NeowsBlessing","Shovel","Unceasing Top","Ornamental Fan","Golden Idol","Molten Egg 2"],"acts_visited":["Exordium"],"potions_floor_usage":[13,14],"damage_taken":[{"damage":0,"enemies":"Cultist","floor":1,"turns":1},{"damage":0,"enemies":"2 Louse","floor":3,"turns":1},{"damage":0,"enemies":"Lagavulin","floor":7,"turns":1},{"damage":2,"enemies":"Jaw Worm","floor":11,"turns":3},{"damage":0,"enemies":"2 Fungi Beasts","floor":12,"turns":4},{"damage":33,"enemies":"3 Sentries","floor":13,"turns":19},{"damage":0,"enemies":"Large Slime","floor":14,"turns":10},{"damage":0,"enemies":"Hexaghost","floor":16,"turns":14}],"seed_played":"-5815134197806030182","potions_obtained":[{"floor":7,"key":"Weak Potion"},{"floor":11,"key":"Swift Potion"},{"floor":13,"key":"ColorlessPotion"}],"is_trial":false,"path_per_floor":["M","$","M","?","?","R","E","R","T","?","M","M","E","M","R","B"],"character_chosen":"THE_SILENT","items_purchased":[],"campfire_rested":1,"item_purchase_floors":[],"current_hp_per_floor":[59,59,59,59,41,41,41,41,41,41,39,39,6,6,24,24,24],"gold":263,"neow_bonus":"THREE_ENEMY_KILL","is_daily":false,"chose_seed":false,"campfire_upgraded":1,"win_rate":0.0,"timestamp":1610984786,"path_taken":["M","$","M","?","?","R","E","R","T","?","M","M","E","M","R","BOSS"],"items_purchased_type":[],"build_version":"2020-12-13","purchased_purges":1,"victory":false,"max_hp_per_floor":[66,66,66,66,66,66,66,66,66,60,60,60,60,60,60,60,60],"relic_stats":{"Shovel":1,"counters":[8,53],"Ornamental Fan":[12],"Golden Idol":21,"obtain_stats":[{"Shovel":5,"NeowsBlessing":0,"Ornamental Fan":9,"Golden Idol":10,"Molten Egg 2":13,"Unceasing Top":6,"Ring of the Snake":0},{"Shovel":2,"NeowsBlessing":0,"Ornamental Fan":3,"Golden Idol":3,"Molten Egg 2":6,"Unceasing Top":2,"Ring of the Snake":0},{"Shovel":2,"NeowsBlessing":0,"Ornamental Fan":3,"Golden Idol":3,"Molten Egg 2":29,"Unceasing Top":2,"Ring of the Snake":0}],"Unceasing Top":[2],"Ring of the Snake":[16]},"card_choices":[{"not_picked":["Dodge and Roll","Tactician"],"picked":"Footwork","floor":1},{"not_picked":["Concentrate","Poisoned Stab"],"picked":"Deflect","floor":3},{"not_picked":["Flechettes","Sucker Punch"],"picked":"Dash","floor":7},{"not_picked":["Finisher","Dagger Throw"],"picked":"PiercingWail","floor":11},{"not_picked":["Dagger Throw","Riddle With Holes"],"picked":"Acrobatics","floor":12},{"not_picked":["Poisoned Stab+1","All Out Attack+1"],"picked":"Malaise","floor":13},{"not_picked":["Prepared","Outmaneuver"],"picked":"Dodge and Roll","floor":14}],"player_experience":1434391,"relics_obtained":[{"floor":6,"key":"Unceasing Top"},{"floor":9,"key":"Ornamental Fan"},{"floor":13,"key":"Molten Egg 2"}],"event_choices":[{"damage_healed":0,"gold_gain":0,"cards_transformed":["Strike_G"],"player_choice":"Change","damage_taken":0,"max_hp_gain":0,"max_hp_loss":0,"event_name":"Living Wall","floor":4,"gold_loss":0,"cards_obtained":["Skewer"]},{"damage_healed":0,"gold_gain":0,"player_choice":"Success","damage_taken":18,"relics_obtained":["Shovel"],"max_hp_gain":0,"max_hp_loss":0,"event_name":"Scrap Ooze","floor":5,"gold_loss":0},{"damage_healed":0,"gold_gain":0,"player_choice":"Lose Max HP","damage_taken":0,"relics_obtained":["Golden Idol"],"max_hp_gain":0,"max_hp_loss":6,"event_name":"Golden Idol","floor":10,"gold_loss":0}],"is_beta":false,"boss_relics":[],"items_purged_floors":[2],"is_endless":false,"potions_floor_spawned":[7,11,13],"killed_by":"Hexaghost","ascension_level":20}}