{"host":"8a3jzv7qxg3y7b6t","time":1610962172,"event":{"mods":["BaseMod","Better Third Choice","Downfall","Hermit","Minty Spire (QoL Compilation)","Relic Stats","StSLib","The Bug Knight","The Cursed"],"gold_per_floor":[116,116,134,134,149,182,194,225,276,276,276],"floor_reached":10,"language":"ENG","playtime":344,"items_purged":[],"score":86,"play_id":"9e593665-b868-42f8-98e5-d640fb46d233","local_time":"20210118012932","is_ascension_mode":true,"campfire_choices":[],"circlet_count":0,"master_deck":["Strike_B","Strike_B","Strike_B","Strike_B","Defend_B","Defend_B","Defend_B","Defend_B","Zap","Leap","Lockon","Capacitor","Lockon","Chaos","Defragment"],"relics":["Cracked Core","NeowsBlessing","Oddly Smooth Stone","Mercury Hourglass","Lantern"],"acts_visited":["Exordium"],"potions_floor_usage":[6,6,7],"damage_taken":[{"damage":0,"enemies":"2 Louse","floor":1,"turns":1},{"damage":0,"enemies":"Cultist","floor":3,"turns":1},{"damage":0,"enemies":"Small Slimes","floor":5,"turns":1},{"damage":31,"enemies":"Lagavulin","floor":6,"turns":7},{"damage":13,"enemies":"Blue Slaver","floor":7,"turns":2},{"damage":25,"enemies":"Gremlin Nob","floor":8,"turns":4},{"damage":20,"enemies":"Lagavulin","floor":10,"turns":3}],"seed_played":"4490575007674968765","potions_obtained":[{"floor":3,"key":"bronze:BurnAndBuffPotion"},{"floor":5,"key":"GamblersBrew"},{"floor":6,"key":"DuplicationPotion"}],"is_trial":false,"path_per_floor":["M","?","M","?","M","E","M","E","T","E"],"character_chosen":"DEFECT","items_purchased":[],"campfire_rested":0,"item_purchase_floors":[],"current_hp_per_floor":[75,75,75,75,75,44,31,6,6,0,0],"gold":276,"neow_bonus":"THREE_ENEMY_KILL","is_daily":false,"chose_seed":false,"campfire_upgraded":0,"win_rate":0.0,"timestamp":1610962172,"path_taken":["M","?","?","?","?","E","M","E","T","E"],"items_purchased_type":[],"build_version":"2020-12-22","purchased_purges":0,"victory":false,"max_hp_per_floor":[75,75,75,75,75,75,75,75,75,75,75],"relic_stats":{"counters":[7,19],"obtain_stats":[{"Lantern":8,"NeowsBlessing":0,"Oddly Smooth Stone":2,"Cracked Core":0,"Mercury Hourglass":6},{"Lantern":6,"NeowsBlessing":0,"Oddly Smooth Stone":1,"Cracked Core":0,"Mercury Hourglass":4},{"Lantern":16,"NeowsBlessing":0,"Oddly Smooth Stone":1,"Cracked Core":0,"Mercury Hourglass":10}],"Mercury Hourglass":[24]},"card_choices":[{"not_picked":["Redo","Compile Driver"],"picked":"Steam","floor":1},{"not_picked":["Redo","Compile Driver"],"picked":"Leap","floor":3},{"not_picked":["Compile Driver","Barrage"],"picked":"Capacitor","floor":5},{"not_picked":["Core Surge","Steam Power"],"picked":"Lockon","floor":6},{"not_picked":["Stack","Coolheaded"],"picked":"Chaos","floor":7},{"not_picked":["Rip and Tear","Cold Snap"],"picked":"Defragment","floor":8}],"player_experience":612547,"relics_obtained":[{"floor":6,"key":"Mercury Hourglass"},{"floor":8,"key":"Lantern"}],"event_choices":[{"cards_removed":["Steam"],"damage_healed":0,"gold_gain":0,"player_choice":"Gave Card","damage_taken":0,"relics_obtained":["Oddly Smooth Stone"],"max_hp_gain":0,"max_hp_loss":0,"event_name":"WeMeetAgain","floor":2,"gold_loss":0},{"damage_healed":0,"gold_gain":0,"cards_transformed":["Dualcast"],"player_choice":"Transformed","damage_taken":0,"max_hp_gain":0,"max_hp_loss":0,"event_name":"Transmorgrifier","floor":4,"gold_loss":0,"cards_obtained":["Lockon"]}],"is_beta":false,"boss_relics":[],"items_purged_floors":[],"is_endless":false,"potions_floor_spawned":[3,5,6],"killed_by":"Lagavulin","ascension_level":2}}