{"host":"9jj9tzo2iym4bpat","time":1610992825,"event":{"mods":["Act Like it!","BaseMod","CapriCore","Colored Map","Dark Map","Luminous","Minty Spire (QoL Compilation)","Permanent Neow","StSLib","Td1madao Mod","The Animator","The Immortal","The Marked","The Servant 0.9.4","Yakumo Yukari mod"],"gold_per_floor":[110,285,8,8,8,8,8,25,72,98,116,148,148,166,166,269,269,279,279,279,298,298,333,351,351,431,31,51,76,92,92,92,193,193,206,50,64,83,83,83,93,93,93,93,119,119,138,154,154,154,154],"floor_reached":50,"language":"ENG","playtime":1961,"items_purged":["Doubt"],"score":627,"play_id":"0316de7a-3515-49ef-81e0-bde7bf77f62d","local_time":"20210118120025","is_ascension_mode":true,"campfire_choices":[{"floor":6,"key":"REST"},{"floor":13,"key":"REST"},{"data":"Anger","floor":15,"key":"SMITH"},{"floor":25,"key":"REST"},{"floor":32,"key":"REST"},{"data":"Demon Form","floor":40,"key":"SMITH"},{"data":"Reaper","floor":42,"key":"SMITH"},{"data":"Juggernaut","floor":44,"key":"SMITH"},{"floor":49,"key":"REST"}],"circlet_count":0,"master_deck":["Bash+1","Anger","Flex+1","Armaments+1","Anger+1","Sever Soul","Cleave","Juggernaut+1","Dual Wield+1","Headbutt","True Grit+1","Flame Barrier+1","Impervious+1","Dual Wield+1","Searing Blow","Limit Break+1","Limit Break+1","Body Slam+1","Writhe","Armaments+1","Shame","Rage+1","Reaper+1","Demon Form+1","Intimidate+1","Seeing Red+1","Anger+1","Doubt","Entrench+1"],"relics":["Burning Blood","Toxic Egg 2","Orichalcum","Lizard Tail","Whetstone","Pandora\u0027s Box","Red Skull","Sundial","Lantern","Matryoshka","Self Forming Clay","Red Mask","animator:LivingPicture","Cursed Key","Brimstone","Art of War","Vajra","Bronze Scales"],"acts_visited":["Exordium","TheCity","TheBeyond"],"potions_floor_usage":[10,16,23,33,33,39,50,50],"damage_taken":[{"damage":11,"enemies":"Cultist","floor":1,"turns":4},{"damage":0,"enemies":"Jaw Worm","floor":8,"turns":5},{"damage":13,"enemies":"Gremlin Nob","floor":10,"turns":4},{"damage":0,"enemies":"2 Louse","floor":11,"turns":2},{"damage":24,"enemies":"3 Sentries","floor":12,"turns":9},{"damage":6,"enemies":"Looter","floor":14,"turns":3},{"damage":79,"enemies":"The Guardian","floor":16,"turns":13},{"damage":14,"enemies":"Shell Parasite","floor":18,"turns":4},{"damage":24,"enemies":"2 Thieves","floor":21,"turns":4},{"damage":43,"enemies":"Book of Stabbing","floor":23,"turns":6},{"damage":18,"enemies":"Cultist and Chosen","floor":24,"turns":5},{"damage":7,"enemies":"3 Cultists","floor":28,"turns":5},{"damage":34,"enemies":"Masked Bandits","floor":29,"turns":4},{"damage":26,"enemies":"Centurion and Healer","floor":30,"turns":6},{"damage":84,"enemies":"Collector","floor":33,"turns":12},{"damage":46,"enemies":"3 Shapes","floor":35,"turns":7},{"damage":5,"enemies":"3 Darklings","floor":37,"turns":5},{"damage":28,"enemies":"Jaw Worm Horde","floor":38,"turns":5},{"damage":11,"enemies":"Transient","floor":39,"turns":4},{"damage":0,"enemies":"Spire Growth","floor":41,"turns":4},{"damage":69,"enemies":"Giant Head","floor":45,"turns":7},{"damage":19,"enemies":"4 Shapes","floor":47,"turns":1},{"damage":29,"enemies":"Sphere and 2 Shapes","floor":48,"turns":4},{"damage":49,"enemies":"Donu and Deca","floor":50,"turns":3}],"seed_played":"-5408977419003623024","potions_obtained":[{"floor":8,"key":"Fire Potion"},{"floor":10,"key":"SpeedPotion"},{"floor":16,"key":"SpeedPotion"},{"floor":21,"key":"Block Potion"},{"floor":23,"key":"LiquidBronze"},{"floor":24,"key":"Dexterity Potion"},{"floor":37,"key":"SmokeBomb"},{"floor":41,"key":"SteroidPotion"}],"is_trial":false,"path_per_floor":["M","?","$","?","?","R","$","M","T","E","M","E","R","M","R","B",null,"M","?","?","M","?","E","M","R","T","$","M","?","M","?","R","B",null,"M","$","M","M","M","R","M","R","T","R","E","?","M","M","R","B"],"character_chosen":"IRONCLAD","items_purchased":["Toxic Egg 2","Flex+1","Self Forming Clay","Rage+1","Brimstone"],"campfire_rested":5,"item_purchase_floors":[3,3,27,27,36],"current_hp_per_floor":[67,67,67,48,48,76,76,82,82,75,81,63,91,91,91,18,96,88,88,88,70,70,33,21,49,49,49,48,20,48,48,76,10,96,60,60,79,96,96,96,96,96,96,96,33,33,20,17,45,0,0],"gold":154,"neow_bonus":"TWENTY_PERCENT_HP_BONUS","is_daily":false,"chose_seed":false,"campfire_upgraded":4,"win_rate":0.0,"timestamp":1610992825,"path_taken":["M","?","$","?","?","R","?","M","T","E","?","E","R","M","R","BOSS","M","?","?","M","?","E","?","R","T","$","M","?","M","?","R","BOSS","M","$","M","M","M","R","M","R","T","R","E","?","M","M","R","BOSS"],"items_purchased_type":["Relic","Card","Relic","Card","Relic"],"build_version":"2020-12-22","purchased_purges":1,"victory":false,"max_hp_per_floor":[96,96,96,96,96,96,96,96,96,96,96,96,96,96,96,96,96,96,96,96,96,96,96,96,96,96,96,96,96,96,96,96,96,96,96,96,96,96,96,96,96,96,96,96,96,96,96,96,96,96,96],"card_choices":[{"not_picked":["True Grit","Headbutt"],"picked":"Anger","floor":1},{"not_picked":["Thunderclap","Iron Wave","Havoc+1"],"picked":"SKIP","floor":8},{"not_picked":["Dual Wield+1","Fiend Fire"],"picked":"Armaments+1","floor":10},{"not_picked":["Feel No Pain","Dual Wield+1"],"picked":"Anger","floor":11},{"not_picked":["Havoc+1","Dual Wield+1"],"picked":"Sever Soul","floor":12},{"not_picked":["Carnage","Feel No Pain"],"picked":"Cleave","floor":14},{"not_picked":["Exhume+1","Fiend Fire"],"picked":"Juggernaut","floor":16},{"not_picked":["Flex+1","Metallicize"],"picked":"Body Slam+1","floor":18},{"not_picked":["Whirlwind+1","Shockwave+1"],"picked":"Armaments+1","floor":21},{"not_picked":["True Grit+1","Rampage"],"picked":"Shrug It Off+1","floor":23},{"not_picked":["Dual Wield+1","Dark Embrace","Clash"],"picked":"SKIP","floor":24},{"not_picked":["Anger","Battle Trance+1","Body Slam+1"],"picked":"SKIP","floor":28},{"not_picked":["Anger","Sentinel+1"],"picked":"Reaper","floor":30},{"not_picked":["Feed","Fiend Fire"],"picked":"Demon Form","floor":33},{"not_picked":["True Grit+1","Clothesline"],"picked":"Intimidate+1","floor":35},{"not_picked":["Clash+1","Wild Strike+1","Twin Strike+1"],"picked":"SKIP","floor":37},{"not_picked":["Pommel Strike+1","Clothesline+1"],"picked":"Seeing Red+1","floor":38},{"not_picked":["Headbutt","Dropkick+1"],"picked":"Anger+1","floor":41},{"not_picked":["Warcry+1","Twin Strike"],"picked":"Entrench+1","floor":45},{"not_picked":["Carnage","Headbutt","Warcry+1"],"picked":"SKIP","floor":47},{"not_picked":["Uppercut+1","Pummel+1","Clash+1"],"picked":"SKIP","floor":48}],"player_experience":280435,"relics_obtained":[{"floor":9,"key":"Orichalcum"},{"floor":10,"key":"Lizard Tail"},{"floor":12,"key":"Whetstone"},{"floor":23,"key":"Lantern"},{"floor":26,"key":"Matryoshka"},{"floor":29,"key":"Red Mask"},{"floor":43,"key":"Art of War"},{"floor":43,"key":"Vajra"},{"floor":45,"key":"Bronze Scales"}],"event_choices":[{"damage_healed":0,"gold_gain":175,"player_choice":"AGREE","damage_taken":0,"max_hp_gain":0,"max_hp_loss":0,"event_name":"Liars Game","floor":2,"gold_loss":0,"cards_obtained":["Doubt"]},{"damage_healed":0,"gold_gain":0,"player_choice":"Entered Light","damage_taken":19,"max_hp_gain":0,"max_hp_loss":0,"event_name":"Shining Light","floor":4,"gold_loss":0,"cards_upgraded":["Defend_R","Defend_R"]},{"damage_healed":0,"gold_gain":0,"player_choice":"Ignored","damage_taken":0,"max_hp_gain":0,"max_hp_loss":0,"event_name":"Golden Wing","floor":5,"gold_loss":0},{"damage_healed":0,"gold_gain":0,"player_choice":"Simplicity","damage_taken":0,"max_hp_gain":0,"max_hp_loss":0,"event_name":"Back to Basics","floor":19,"gold_loss":0,"cards_upgraded":[]},{"damage_healed":0,"gold_gain":0,"player_choice":"Opened","damage_taken":0,"relics_obtained":["Red Skull"],"max_hp_gain":0,"max_hp_loss":0,"event_name":"The Mausoleum","floor":20,"gold_loss":0,"cards_obtained":["Writhe"]},{"damage_healed":0,"gold_gain":0,"player_choice":"Stole Relic","damage_taken":0,"relics_obtained":["Sundial"],"max_hp_gain":0,"max_hp_loss":0,"event_name":"Addict","floor":22,"gold_loss":0,"cards_obtained":["Shame"]},{"damage_healed":0,"gold_gain":0,"player_choice":"Fought Bandits","damage_taken":0,"max_hp_gain":0,"max_hp_loss":0,"event_name":"Masked Bandits","floor":29,"gold_loss":0},{"cards_removed":["Shrug It Off"],"damage_healed":0,"gold_gain":0,"player_choice":"Removed Skill","damage_taken":0,"max_hp_gain":0,"max_hp_loss":0,"event_name":"Falling","floor":46,"gold_loss":0}],"is_beta":false,"boss_relics":[{"not_picked":["Mark of Pain","SlaversCollar"],"picked":"Pandora\u0027s Box"},{"not_picked":["Empty Cage","Velvet Choker"],"picked":"Cursed Key"}],"items_purged_floors":[27],"is_endless":false,"potions_floor_spawned":[8,10,16,21,23,24,28,37,39,41],"killed_by":"Donu and Deca","ascension_level":4}}