{"host":"8u7tvcybuv0u72fd","time":1610940447,"event":{"mods":["BaseMod","BetterRewards","Colored Map","Colored Powertips","Minty Spire (QoL Compilation)","Quick Restart","Shop Mod"],"gold_per_floor":[117,136,136,36,56,97,109,109,136,146,225,225,248,260,260,367,367,381,397,397,407,421,421,461,461,461,376,394,414,414,221,221,328,328,345,60,107,127,186,186,197,234,234,234,234,234,112,139,139,139,139,139,39,73,73],"floor_reached":56,"language":"ENG","playtime":2850,"items_purged":["Strike_R"],"score":1549,"play_id":"204b57ca-01b9-4fae-8184-a6c929985bfa","local_time":"20210117222727","is_ascension_mode":false,"campfire_choices":[{"data":"Bash","floor":12.0,"key":"SMITH"},{"data":"Rampage","floor":15.0,"key":"SMITH"},{"data":"Shrug It Off","floor":23.0,"key":"SMITH"},{"data":"Carnage","floor":25.0,"key":"SMITH"},{"data":"Body Slam","floor":30.0,"key":"SMITH"},{"data":"Berserk","floor":32.0,"key":"SMITH"},{"data":"Juggernaut","floor":40.0,"key":"SMITH"},{"data":"Seeing Red","floor":44.0,"key":"SMITH"},{"floor":46.0,"key":"DIG"},{"floor":49.0,"key":"RECALL"},{"floor":52.0,"key":"DIG"}],"circlet_count":0,"master_deck":["Strike_R","Strike_R","Strike_R","Strike_R","Defend_R","Defend_R","Defend_R","Defend_R","Bash+1","Shrug It Off+1","Seeing Red+1","Cleave","Rampage+1","Carnage+1","Berserk+1","Headbutt","Body Slam+1","Juggernaut+1","Pommel Strike+1","Entrench+1","Iron Wave+1","Uppercut+1","Rage"],"relics":["Burning Blood","Potion Belt","Bag of Marbles","Torii","Incense Burner","Runic Cube","Centennial Puzzle","Lantern","HornCleat","Philosopher\u0027s Stone","Oddly Smooth Stone","Akabeko","Anchor","Calipers","InkBottle","Toy Ornithopter","Paper Frog","MerchantsRug","Turnip","Bronze Scales","Vajra"],"acts_visited":["Exordium","TheCity","TheBeyond","TheEnding"],"potions_floor_usage":[54,55,55,55,55,55],"damage_taken":[{"damage":1.0,"enemies":"Cultist","floor":1.0,"turns":4.0},{"damage":1.0,"enemies":"2 Louse","floor":2.0,"turns":3.0},{"damage":11.0,"enemies":"Jaw Worm","floor":5.0,"turns":2.0},{"damage":38.0,"enemies":"Lagavulin","floor":6.0,"turns":8.0},{"damage":0.0,"enemies":"Red Slaver","floor":7.0,"turns":2.0},{"damage":0.0,"enemies":"3 Louse","floor":10.0,"turns":2.0},{"damage":0.0,"enemies":"Large Slime","floor":13.0,"turns":4.0},{"damage":1.0,"enemies":"Blue Slaver","floor":14.0,"turns":2.0},{"damage":19.0,"enemies":"Slime Boss","floor":16.0,"turns":8.0},{"damage":12.0,"enemies":"Spheric Guardian","floor":18.0,"turns":5.0},{"damage":13.0,"enemies":"Shell Parasite","floor":19.0,"turns":6.0},{"damage":19.0,"enemies":"3 Cultists","floor":21.0,"turns":5.0},{"damage":19.0,"enemies":"Shelled Parasite and Fungi","floor":22.0,"turns":6.0},{"damage":24.0,"enemies":"Gremlin Leader","floor":24.0,"turns":8.0},{"damage":1.0,"enemies":"Centurion and Healer","floor":28.0,"turns":5.0},{"damage":1.0,"enemies":"Snecko","floor":29.0,"turns":4.0},{"damage":36.0,"enemies":"Champ","floor":33.0,"turns":9.0},{"damage":5.0,"enemies":"3 Shapes","floor":35.0,"turns":3.0},{"damage":12.0,"enemies":"3 Darklings","floor":38.0,"turns":4.0},{"damage":3.0,"enemies":"Mind Bloom Boss Battle","floor":39.0,"turns":6.0},{"damage":11.0,"enemies":"Writhing Mass","floor":41.0,"turns":5.0},{"damage":23.0,"enemies":"Nemesis","floor":42.0,"turns":5.0},{"damage":7.0,"enemies":"Maw","floor":48.0,"turns":6.0},{"damage":36.0,"enemies":"Awakened One","floor":50.0,"turns":11.0},{"damage":1,"enemies":"Shield and Spear","floor":54,"turns":4},{"damage":55,"enemies":"The Heart","floor":55,"turns":7}],"seed_played":"-195503192749999231","potions_obtained":[{"floor":1.0,"key":"SpeedPotion"},{"floor":6.0,"key":"BloodPotion"},{"floor":7.0,"key":"ElixirPotion"},{"floor":10.0,"key":"FearPotion"},{"floor":16.0,"key":"Energy Potion"},{"floor":21.0,"key":"CultistPotion"},{"floor":22.0,"key":"EssenceOfSteel"},{"floor":24.0,"key":"Swift Potion"},{"floor":29.0,"key":"BlessingOfTheForge"},{"floor":33.0,"key":"SmokeBomb"},{"floor":38.0,"key":"Swift Potion"},{"floor":42.0,"key":"Explosive Potion"},{"floor":54,"key":"Energy Potion"}],"is_trial":false,"path_per_floor":["M","M","$","$","M","E","M","$","T","M","T","R","M","M","R","B",null,"M","M","?","M","M","R","E","R","T","?","M","M","R","$","R","B",null,"M","$","T","M","?","R","M","E","T","R","?","R","$","M","R","B",null,"R","$","E","B",null],"character_chosen":"IRONCLAD","items_purchased":["Potion Belt","Bag of Marbles","Tiny Chest","Incense Burner","Shrug It Off","MealTicket","Explosive Potion","Fruit Juice","HornCleat","Oddly Smooth Stone","Akabeko","Energy Potion","Strawberry","MerchantsRug","Turnip","Rage","Bronze Scales"],"campfire_rested":0,"item_purchase_floors":[0,0,0,0,0,0,0,4,31,36,36,36,47,53,53,53,53],"current_hp_per_floor":[37,42,57,77,72,40,46,61,61,67,67,67,73,78,78,65,85,79,72,72,59,46,46,28,28,28,28,35,42,42,57,57,29,85,85,85,85,81,85,85,80,67,67,67,67,67,89,91,91,64,92,92,92,92,86],"gold":73,"neow_bonus":"","is_daily":false,"chose_seed":false,"campfire_upgraded":8,"win_rate":0.0,"timestamp":1610940447,"path_taken":["M","M","?","$","M","E","?","?","T","M","?","R","M","M","R","BOSS","M","M","?","M","?","R","E","R","T","?","M","M","R","$","R","BOSS","M","$","?","M","?","R","M","E","T","R","?","R","$","M","R","BOSS","R","$","E","BOSS"],"items_purchased_type":["Relic","Relic","Relic","Relic","Card","Relic","Potion","Potion","Relic","Relic","Relic","Potion","Relic","Relic","Relic","Card","Relic"],"build_version":"2020-12-22","purchased_purges":1,"victory":true,"max_hp_per_floor":[80,80,80,85,85,85,85,85,85,85,85,85,85,85,85,85,85,85,85,85,85,85,85,85,85,85,85,85,85,85,85,85,85,85,85,85,85,85,85,85,85,85,85,85,85,85,92,92,92,92,92,92,92,92,92],"card_choices":[{"not_picked":["Clash","Havoc"],"picked":"Seeing Red","floor":1.0},{"not_picked":["Carnage","Reckless Charge"],"picked":"Cleave","floor":2.0},{"not_picked":["Sword Boomerang","Dual Wield","Thunderclap"],"picked":"SKIP","floor":5.0},{"not_picked":["Perfected Strike","Brutality"],"picked":"Rampage","floor":6.0},{"not_picked":["Shrug It Off","Iron Wave","Carnage"],"picked":"SKIP","floor":7.0},{"not_picked":["Intimidate","Perfected Strike","Bloodletting"],"picked":"SKIP","floor":10.0},{"not_picked":["Entrench","Hemokinesis"],"picked":"Carnage","floor":13.0},{"not_picked":["Rupture","Thunderclap","Second Wind"],"picked":"SKIP","floor":14.0},{"not_picked":["Feed","Immolate"],"picked":"Berserk","floor":16.0},{"not_picked":["Perfected Strike+1","Spot Weakness+1","Heavy Blade"],"picked":"SKIP","floor":18.0},{"not_picked":["Anger","Cleave","Inflame"],"picked":"SKIP","floor":19.0},{"not_picked":["Heavy Blade+1","Searing Blow","Clothesline+1"],"picked":"SKIP","floor":21.0},{"not_picked":["Searing Blow+1","Metallicize","Heavy Blade"],"picked":"SKIP","floor":22.0},{"not_picked":["Shockwave","Entrench+1"],"picked":"Headbutt","floor":24.0},{"not_picked":["Iron Wave","Cleave","Havoc+1"],"picked":"SKIP","floor":28.0},{"not_picked":["Iron Wave","Pommel Strike+1"],"picked":"Body Slam","floor":29.0},{"not_picked":["Brutality","Feed"],"picked":"Juggernaut","floor":33.0},{"not_picked":["Carnage","Shrug It Off+1","Reckless Charge+1"],"picked":"SKIP","floor":35.0},{"not_picked":["Blood for Blood+1","Clash+1"],"picked":"Pommel Strike+1","floor":38.0},{"not_picked":["Intimidate+1","Shrug It Off"],"picked":"Entrench+1","floor":39.0},{"not_picked":["Power Through+1","Searing Blow+1","Pommel Strike"],"picked":"SKIP","floor":41.0},{"not_picked":["Brutality","Clothesline+1"],"picked":"Iron Wave+1","floor":42.0},{"not_picked":["Dark Embrace","Sword Boomerang"],"picked":"Uppercut+1","floor":48.0},{"not_picked":["Headbutt","Shrug It Off","Clash"],"picked":"SKIP","floor":54}],"player_experience":1349270,"relics_obtained":[{"floor":6.0,"key":"CeramicFish"},{"floor":11.0,"key":"Bottled Lightning"},{"floor":24.0,"key":"Bird Faced Urn"},{"floor":26.0,"key":"The Courier"},{"floor":37.0,"key":"Anchor"},{"floor":39.0,"key":"Shovel"},{"floor":42.0,"key":"Calipers"},{"floor":43.0,"key":"InkBottle"},{"floor":46.0,"key":"Toy Ornithopter"},{"floor":52.0,"key":"Paper Frog"},{"floor":54,"key":"Vajra"}],"event_choices":[{"damage_healed":0.0,"max_hp_gain":0.0,"max_hp_loss":0.0,"gold_gain":0.0,"event_name":"WeMeetAgain","player_choice":"Gave Potion","floor":20.0,"gold_loss":0.0,"damage_taken":0.0,"relics_obtained":["Centennial Puzzle"]},{"damage_healed":0.0,"max_hp_gain":0.0,"max_hp_loss":0.0,"gold_gain":0.0,"event_name":"Addict","player_choice":"Obtained Relic","floor":27.0,"gold_loss":85.0,"damage_taken":0.0,"relics_obtained":["Lantern"]},{"damage_healed":0.0,"max_hp_gain":0.0,"max_hp_loss":0.0,"gold_gain":0.0,"event_name":"MindBloom","player_choice":"Fight","floor":39.0,"gold_loss":0.0,"damage_taken":0.0},{"damage_healed":0.0,"max_hp_gain":0.0,"max_hp_loss":0.0,"gold_gain":0.0,"event_name":"Tomb of Lord Red Mask","player_choice":"Ignored","floor":45.0,"gold_loss":0.0,"damage_taken":0.0}],"is_beta":false,"boss_relics":[{"not_picked":["Runic Pyramid","Snecko Eye"],"picked":"Runic Cube"},{"not_picked":["Pandora\u0027s Box","Runic Dome"],"picked":"Philosopher\u0027s Stone"}],"items_purged_floors":[0],"is_endless":false,"potions_floor_spawned":[1,6,7,10,16,21,22,24,29,33,38,42,48,54],"ascension_level":0}}