{"host":"d66n7ln59ex8canu","time":1610942129,"event":{"mods":["AchievementEnabler","BaseMod","Colored Map","Minty Spire (QoL Compilation)","Quick Restart","StSLib"],"gold_per_floor":[212,212,11,27,27,67,67,67,67,111,111,127,127,166,166,295,595,618,466,484,160,160,160,8,8,8,39,82,118,133,172,172,301,301,319,652,664,664,679,707,707,733,756,367,367,386,91,91,91,91,91,91,91,120,120,120],"floor_reached":55,"language":"ENG","playtime":1369,"items_purged":[],"score":1394,"play_id":"06f06a04-cde8-4708-8325-cadbf4a6ff82","local_time":"20210117225529","is_ascension_mode":true,"campfire_choices":[{"data":"Heavy Blade","floor":7,"key":"SMITH"},{"data":"Demon Form","floor":15,"key":"SMITH"},{"data":"Rupture","floor":23,"key":"SMITH"},{"data":"Blood for Blood","floor":25,"key":"SMITH"},{"data":"Bloodletting","floor":32,"key":"SMITH"},{"data":"Limit Break","floor":41,"key":"SMITH"},{"floor":45,"key":"RECALL"},{"data":"True Grit","floor":49,"key":"SMITH"},{"data":"Pommel Strike","floor":52,"key":"SMITH"}],"circlet_count":0,"master_deck":["AscendersBane","Strike_R","Strike_R","Strike_R","Strike_R","Strike_R","Defend_R","Defend_R","Defend_R","Defend_R","Bash","Thunderclap","Injury","Heavy Blade+1","True Grit+1","Pommel Strike","Twin Strike","Pommel Strike+1","Demon Form+1","Rupture+1","Immolate","CurseOfTheBell","Blood for Blood+1","Combust","Necronomicurse","Heavy Blade+1","Bloodletting+1","Limit Break+1","Parasite","Offering+1","Spot Weakness+1","Swift Strike+1","Reaper+1"],"relics":["Black Blood","Brimstone","Orichalcum","Eternal Feather","Gremlin Horn","Blue Candle","Pen Nib","Calling Bell","Bag of Preparation","Singing Bowl","Old Coin","Blood Vial","Kunai","Necronomicon","Vajra","Toy Ornithopter","Red Mask","Dream Catcher","Molten Egg 2","Charon\u0027s Ashes","Toxic Egg 2","Potion Belt","Pantograph","Ornamental Fan","Torii"],"acts_visited":["Exordium","TheCity","TheBeyond","TheEnding"],"potions_floor_usage":[6,10,20,31,33,40,46,50],"damage_taken":[{"damage":6,"enemies":"Cultist","floor":1,"turns":3},{"damage":13,"enemies":"Jaw Worm","floor":4,"turns":2},{"damage":21,"enemies":"3 Sentries","floor":6,"turns":5},{"damage":14,"enemies":"Lagavulin","floor":10,"turns":5},{"damage":0,"enemies":"2 Louse","floor":12,"turns":2},{"damage":5,"enemies":"Gremlin Nob","floor":14,"turns":3},{"damage":34,"enemies":"Slime Boss","floor":16,"turns":5},{"damage":27,"enemies":"Shell Parasite","floor":18,"turns":4},{"damage":18,"enemies":"3 Byrds","floor":20,"turns":2},{"damage":2,"enemies":"Slavers","floor":27,"turns":2},{"damage":0,"enemies":"Masked Bandits","floor":28,"turns":1},{"damage":39,"enemies":"Gremlin Leader","floor":29,"turns":3},{"damage":0,"enemies":"Sentry and Sphere","floor":30,"turns":2},{"damage":37,"enemies":"Slavers","floor":31,"turns":3},{"damage":46,"enemies":"Collector","floor":33,"turns":4},{"damage":9,"enemies":"3 Shapes","floor":35,"turns":3},{"damage":17,"enemies":"3 Darklings","floor":37,"turns":3},{"damage":22,"enemies":"Writhing Mass","floor":39,"turns":4},{"damage":51,"enemies":"Giant Head","floor":40,"turns":6},{"damage":35,"enemies":"Reptomancer","floor":42,"turns":4},{"damage":17,"enemies":"Transient","floor":46,"turns":5},{"damage":51,"enemies":"Donu and Deca","floor":50,"turns":4},{"damage":83,"enemies":"Shield and Spear","floor":54,"turns":3},{"damage":76,"enemies":"The Heart","floor":55,"turns":3}],"seed_played":"1004284341700579599","potions_obtained":[{"floor":1,"key":"Fire Potion"},{"floor":6,"key":"LiquidBronze"},{"floor":16,"key":"AttackPotion"},{"floor":20,"key":"Regen Potion"},{"floor":31,"key":"FearPotion"},{"floor":33,"key":"HeartOfIron"},{"floor":39,"key":"DuplicationPotion"},{"floor":40,"key":"Swift Potion"}],"is_trial":false,"path_per_floor":["M","?","$","M","$","E","R","$","T","E","?","M","?","E","R","B",null,"M","$","M","$","?","R","$","R","T","E","?","E","M","E","R","B",null,"M","?","M","?","M","E","R","E","T","$","R","M","$","?","R","B",null,"R","$","E","B"],"character_chosen":"IRONCLAD","items_purchased":["Brimstone","Heavy Blade","Blood Vial","Kunai","Combust","Vajra","Pantograph","Offering+1","Spot Weakness+1","Ornamental Fan"],"campfire_rested":0,"item_purchase_floors":[3,3,19,21,21,24,44,44,47,47],"current_hp_per_floor":[72,72,72,65,65,50,50,50,50,42,39,45,45,46,58,30,68,49,49,39,39,23,38,38,53,53,59,69,40,50,35,50,17,70,77,77,76,76,70,40,55,36,36,36,54,58,58,58,76,56,85,95,95,24,0,0],"gold":120,"neow_bonus":"HUNDRED_GOLD","is_daily":false,"chose_seed":false,"campfire_upgraded":8,"win_rate":0.0,"timestamp":1610942129,"path_taken":["M","?","$","M","$","E","R","$","T","E","?","M","?","E","R","BOSS","M","?","M","$","?","R","$","R","T","E","?","E","M","E","R","BOSS","M","?","M","?","M","E","R","E","T","$","R","M","$","?","R","BOSS","R","$","E","BOSS"],"items_purchased_type":["Relic","Card","Relic","Relic","Card","Relic","Relic","Card","Card","Relic"],"build_version":"2020-12-22","purchased_purges":0,"victory":false,"max_hp_per_floor":[80,80,80,80,80,80,80,80,80,80,80,80,80,80,80,80,80,82,82,82,82,82,82,82,82,82,82,84,86,88,88,88,88,88,90,90,92,87,89,91,91,93,93,93,93,95,95,95,95,95,95,95,95,95,95,95],"card_choices":[{"not_picked":["Metallicize","Infernal Blade"],"picked":"Thunderclap","floor":1},{"not_picked":["Sever Soul","Infernal Blade","Havoc"],"picked":"SKIP","floor":4},{"not_picked":["Sever Soul","Carnage"],"picked":"True Grit","floor":6},{"not_picked":["Thunderclap","True Grit"],"picked":"Pommel Strike","floor":10},{"not_picked":["Exhume","Feel No Pain"],"picked":"Twin Strike","floor":12},{"not_picked":["Thunderclap","Entrench","Metallicize"],"picked":"SKIP","floor":14},{"not_picked":["Fiend Fire","Barricade"],"picked":"Immolate","floor":16},{"not_picked":["Disarm","Wild Strike","Carnage"],"picked":"Singing Bowl","floor":18},{"not_picked":["Body Slam","Perfected Strike"],"picked":"Blood for Blood","floor":20},{"not_picked":["Carnage","Disarm"],"picked":"Heavy Blade+1","floor":27},{"not_picked":["Cleave+1","Reckless Charge","Disarm"],"picked":"Singing Bowl","floor":28},{"not_picked":["Wild Strike","Sword Boomerang","Burning Pact+1"],"picked":"Singing Bowl","floor":29},{"not_picked":["Entrench","Fire Breathing","Carnage+1"],"picked":"Singing Bowl","floor":30},{"not_picked":["Carnage+1","Searing Blow+1"],"picked":"Bloodletting","floor":31},{"not_picked":["Demon Form","Exhume"],"picked":"Limit Break","floor":33},{"not_picked":["Intimidate+1","Armaments+1","Heavy Blade+1"],"picked":"Singing Bowl","floor":35},{"not_picked":["Sever Soul+1","Searing Blow+1","Clothesline+1"],"picked":"Singing Bowl","floor":37},{"not_picked":["Intimidate","Flex","Seeing Red+1"],"picked":"Singing Bowl","floor":39},{"not_picked":["Flex+1","Shrug It Off","Bloodletting"],"picked":"Singing Bowl","floor":40},{"not_picked":["Havoc+1","Pommel Strike+1","Sentinel+1"],"picked":"Singing Bowl","floor":42},{"not_picked":["Seeing Red+1","Pommel Strike+1","Dark Embrace+1"],"picked":"Singing Bowl","floor":46},{"not_picked":["Mind Blast+1","Metamorphosis+1"],"picked":"Swift Strike+1","floor":48},{"not_picked":["Dropkick+1","Clash+1"],"picked":"Reaper+1","floor":54}],"player_experience":328213,"relics_obtained":[{"floor":6,"key":"Orichalcum"},{"floor":9,"key":"Eternal Feather"},{"floor":10,"key":"Gremlin Horn"},{"floor":14,"key":"Pen Nib"},{"floor":17,"key":"Bag of Preparation"},{"floor":17,"key":"Singing Bowl"},{"floor":17,"key":"Old Coin"},{"floor":22,"key":"Necronomicon"},{"floor":27,"key":"Toy Ornithopter"},{"floor":28,"key":"Red Mask"},{"floor":29,"key":"Dream Catcher"},{"floor":31,"key":"Molten Egg 2"},{"floor":40,"key":"Charon\u0027s Ashes"},{"floor":42,"key":"Toxic Egg 2"},{"floor":43,"key":"Potion Belt"},{"floor":54,"key":"Torii"}],"event_choices":[{"damage_healed":0,"gold_gain":0,"player_choice":"Take Wound","damage_taken":0,"relics_obtained":["Golden Idol"],"max_hp_gain":0,"max_hp_loss":0,"event_name":"Golden Idol","floor":2,"gold_loss":0,"cards_obtained":["Injury"]},{"damage_healed":0,"gold_gain":0,"player_choice":"Success","damage_taken":3,"relics_obtained":["Blue Candle"],"max_hp_gain":0,"max_hp_loss":0,"event_name":"Scrap Ooze","floor":11,"gold_loss":0},{"damage_healed":0,"gold_gain":0,"player_choice":"3 cards matched","damage_taken":0,"max_hp_gain":0,"max_hp_loss":0,"event_name":"Match and Keep!","floor":13,"gold_loss":0,"cards_obtained":["Pommel Strike","Demon Form","Rupture"]},{"damage_healed":0,"gold_gain":0,"player_choice":"Obtained Book","damage_taken":16,"max_hp_gain":0,"max_hp_loss":0,"event_name":"Cursed Tome","floor":22,"gold_loss":0},{"damage_healed":0,"gold_gain":0,"player_choice":"Fought Bandits","damage_taken":0,"max_hp_gain":0,"max_hp_loss":0,"event_name":"Masked Bandits","floor":28,"gold_loss":0},{"damage_healed":0,"gold_gain":333,"player_choice":"Gave Idol","damage_taken":0,"max_hp_gain":0,"max_hp_loss":0,"event_name":"The Moai Head","floor":36,"relics_lost":["Golden Idol"],"gold_loss":0},{"damage_healed":0,"gold_gain":0,"player_choice":"Max HP","damage_taken":0,"max_hp_gain":0,"max_hp_loss":5,"event_name":"Winding Halls","floor":38,"gold_loss":0},{"damage_healed":0,"gold_gain":0,"player_choice":"Memory 1","damage_taken":0,"max_hp_gain":0,"max_hp_loss":0,"event_name":"SensoryStone","floor":48,"gold_loss":0}],"is_beta":false,"boss_relics":[{"not_picked":["SlaversCollar","Empty Cage"],"picked":"Calling Bell"},{"not_picked":["Snecko Eye","Velvet Choker"],"picked":"Black Blood"}],"items_purged_floors":[],"is_endless":false,"potions_floor_spawned":[1,6,16,20,31,33,39,40,42],"killed_by":"The Heart","ascension_level":11}}