{"host":"xp5rvh2jwe2ejyfm","time":1610987913,"event":{"mods":["BaseMod","Hermit","Minty Spire (QoL Compilation)","Replay The Spire","StSLib","The Construct","The Cursed","The Disciple","The Hierophant","The Necromancer","The Runesmith"],"gold_per_floor":[95,103,15,15,27,31,31,30,30,52,52,52,81,118,118,164,164,181,90,56,24,24],"floor_reached":21,"language":"ENG","playtime":932,"items_purged":[],"score":216,"play_id":"c3f95699-3bc3-4d37-bef2-ef0ce0093175","local_time":"20210118113833","is_ascension_mode":false,"campfire_choices":[{"floor":12,"key":"REST"},{"floor":15,"key":"REST"}],"circlet_count":0,"master_deck":["hierophant:Strike_Hierophant","hierophant:Strike_Hierophant","hierophant:Strike_Hierophant","hierophant:Strike_Hierophant","hierophant:Punish+1","hierophant:Defend_Hierophant","hierophant:Defend_Hierophant","hierophant:Defend_Hierophant+1","hierophant:ChurchCoffers","hierophant:Doubloon","hierophant:Charity","hierophant:Doubloon","Blind","hierophant:Doubloon","hierophant:Remorse","hierophant:PassingBell","hierophant:Encroach","hierophant:FieryStrike","hierophant:Smite","hierophant:Encroach","hierophant:Determination+1","hierophant:HolyVerse","hierophant:Batter","hierophant:RustyCrate+1","hierophant:Doubloon","hierophant:Doubloon"],"relics":["hierophant:PropheticMaskRelic","Toy Ornithopter","Ring of Misfortune","Frozen Egg 2","Ring of Chaos"],"acts_visited":["Exordium","TheCity"],"potions_floor_usage":[8,10,16,21],"damage_taken":[{"damage":6,"enemies":"Jaw Worm","floor":1,"turns":3},{"damage":0,"enemies":"2 Louse","floor":2,"turns":1},{"damage":0,"enemies":"Small Slimes","floor":5,"turns":2},{"damage":13,"enemies":"Gremlin Nob","floor":6,"turns":3},{"damage":13,"enemies":"Gremlin Gang","floor":8,"turns":3},{"damage":19,"enemies":"Lagavulin","floor":10,"turns":8},{"damage":24,"enemies":"Blue Slaver","floor":13,"turns":3},{"damage":15,"enemies":"Looter","floor":14,"turns":3},{"damage":1,"enemies":"Fading Forest","floor":16,"turns":11},{"damage":23,"enemies":"3 Byrds","floor":18,"turns":3},{"damage":45,"enemies":"2 Thieves","floor":19,"turns":4},{"damage":24,"enemies":"Centurion and Healer","floor":21,"turns":3}],"seed_played":"7681735043537888472","potions_obtained":[{"floor":1,"key":"ColorlessPotion"},{"floor":6,"key":"AttackPotion"},{"floor":13,"key":"Dexterity Potion"},{"floor":19,"key":"Weak Potion"}],"is_trial":false,"path_per_floor":["M","M","$","?","M","E","?","M","T","E","?","R","M","M","R","B",null,"M","M","$","M"],"character_chosen":"HIEROPHANT","items_purchased":["Blind","hierophant:RustyCrate+1"],"campfire_rested":2,"item_purchase_floors":[3,20],"current_hp_per_floor":[69,69,69,69,69,56,56,48,48,34,34,56,32,17,39,53,75,52,16,16,0,0],"gold":24,"neow_bonus":"UPGRADE_CARD","is_daily":false,"chose_seed":false,"campfire_upgraded":0,"win_rate":0.0,"timestamp":1610987913,"path_taken":["M","M","$","?","M","E","?","M","T","E","?","R","M","M","R","BOSS","M","?","$","M"],"items_purchased_type":["Card","Card"],"build_version":"2020-12-22","purchased_purges":0,"victory":false,"max_hp_per_floor":[75,75,75,75,75,75,75,75,75,75,75,75,75,75,75,75,75,75,75,75,75,75],"card_choices":[{"not_picked":["hierophant:Zeal","hierophant:Community"],"picked":"hierophant:Charity","floor":1},{"not_picked":["hierophant:PassingBell","hierophant:Encroach"],"picked":"hierophant:Doubloon","floor":2},{"not_picked":["hierophant:Chorus","hierophant:Prophecy"],"picked":"hierophant:Remorse","floor":5},{"not_picked":["hierophant:BulkyChest","hierophant:DivineIntervention"],"picked":"hierophant:PassingBell","floor":6},{"not_picked":["hierophant:Empathy","hierophant:Mercenaries"],"picked":"hierophant:Encroach","floor":8},{"not_picked":["hierophant:MirrorShield","hierophant:Martyrdom+1"],"picked":"hierophant:FieryStrike","floor":10},{"not_picked":["hierophant:Empathy","hierophant:HammerAndAnvil"],"picked":"hierophant:Smite","floor":13},{"not_picked":["hierophant:Prophecy","hierophant:Purify"],"picked":"hierophant:Encroach","floor":14},{"not_picked":["hierophant:Cornucopia","hierophant:BulkyChest"],"picked":"hierophant:Determination+1","floor":16},{"not_picked":["hierophant:Remorse","hierophant:PassingBell+1"],"picked":"hierophant:HolyVerse","floor":18},{"not_picked":["hierophant:Encroach","hierophant:HammerAndAnvil+1"],"picked":"hierophant:Batter","floor":19}],"player_experience":223031,"relics_obtained":[{"floor":6,"key":"Toy Ornithopter"},{"floor":7,"key":"Ring of Misfortune"},{"floor":10,"key":"Frozen Egg 2"}],"event_choices":[{"cards_removed":["hierophant:Defend_Hierophant"],"damage_healed":0,"gold_gain":0,"player_choice":"Card Removal","damage_taken":0,"max_hp_gain":0,"max_hp_loss":0,"event_name":"Wheel of Change","floor":11,"gold_loss":0}],"is_beta":false,"boss_relics":[{"not_picked":["SacredBark","Velvet Choker"],"picked":"Ring of Chaos"}],"items_purged_floors":[],"is_endless":false,"potions_floor_spawned":[1,6,13,19],"killed_by":"Centurion and Healer","ascension_level":0}}