{"host":"f7rb14kzcw8hx1r1","time":1610974043,"event":{"mods":["BaseMod","Better Note","Better Third Choice","Colored Map","Highlight Path","Hubris","Minty Spire (QoL Compilation)","Replay The Spire","StSLib","The Forsaken"],"gold_per_floor":[115,134,150,150,168,200,200,235,235,235,235,252,270,64,64,163,163,180,180,35,35,53,53,73,87,87,114,474,474,508,524,524,627,627,638,638,658,228,241,241,252,90,166,166,177,194,228,241,241,241],"floor_reached":51,"language":"ENG","playtime":1834,"items_purged":["Strike_B","Strike_B","Strike_B+1"],"score":906,"play_id":"5fff5915-03fa-4b46-82c8-9b20b6bf5f7f","local_time":"20210118134723","is_ascension_mode":false,"campfire_choices":[{"data":"Zap","floor":7,"key":"SMITH"},{"data":"Panacea","floor":15,"key":"SMITH"},{"data":"Coolheaded","floor":23,"key":"SMITH"},{"data":"Defragment","floor":29,"key":"SMITH"},{"data":"Buffer","floor":32,"key":"SMITH"},{"data":"Capacitor","floor":40,"key":"SMITH"},{"data":"ReplayTheSpireMod:Calculation Training","floor":44,"key":"SMITH"},{"data":"Loop","floor":49,"key":"SMITH"}],"circlet_count":0,"master_deck":["Defend_B","Defend_B+1","Defend_B","Defend_B","Zap+1","Dualcast","FTL","Sweeping Beam","Coolheaded+1","Capacitor+1","Ball Lightning+1","Glacier","Loop+1","Panacea+1","Cold Snap+1","Conserve Battery","Barrage+1","ReplayTheSpireMod:Calculation Training+1","Electrodynamics","Defragment+1","Buffer+1","Core Surge","Sweeping Beam+1","White Noise","Panache","ReplayTheSpireMod:Calculation Training+1","Defragment+1"],"relics":["Cracked Core","Anchor","hubris:BallOfYels","Nunchaku","ReplayTheSpireMod:Ninjato","Prayer Wheel","BargainBundle","hubris:VirtuousBlindfold","Membership Card","HornCleat","hubris:Potato","hubris:BottledRain","Coffee Dripper","Runic Capacitor","Replay:Mystery Machine","Dream Catcher","Whetstone","hubris:PeanutButter","hubris:TenFootPole"],"acts_visited":["Exordium","TheCity","TheBeyond"],"potions_floor_usage":[14,22,31,50,50,50],"damage_taken":[{"damage":0,"enemies":"2 Louse","floor":1,"turns":2},{"damage":1,"enemies":"Cultist","floor":2,"turns":3},{"damage":0,"enemies":"Jaw Worm","floor":3,"turns":2},{"damage":0,"enemies":"Lots of Slimes","floor":5,"turns":2},{"damage":12,"enemies":"Lagavulin","floor":6,"turns":6},{"damage":8,"enemies":"Replay:BlueRogue","floor":8,"turns":4},{"damage":0,"enemies":"3 Louse","floor":12,"turns":1},{"damage":0,"enemies":"Looter","floor":13,"turns":3},{"damage":0,"enemies":"Slime Boss","floor":16,"turns":6},{"damage":3,"enemies":"Spheric Guardian","floor":18,"turns":3},{"damage":12,"enemies":"2 Thieves","floor":22,"turns":2},{"damage":0,"enemies":"Snecko","floor":24,"turns":4},{"damage":1,"enemies":"Chosen and Byrds","floor":25,"turns":5},{"damage":0,"enemies":"Gremlin Leader","floor":27,"turns":5},{"damage":1,"enemies":"Replay:Snechameleon","floor":30,"turns":4},{"damage":0,"enemies":"Sentry and Sphere","floor":31,"turns":4},{"damage":6,"enemies":"Champ","floor":33,"turns":8},{"damage":0,"enemies":"Orb Walker","floor":35,"turns":3},{"damage":0,"enemies":"3 Shapes","floor":37,"turns":2},{"damage":0,"enemies":"Transient","floor":39,"turns":5},{"damage":0,"enemies":"3 Darklings","floor":41,"turns":2},{"damage":0,"enemies":"4 Shapes","floor":45,"turns":3},{"damage":0,"enemies":"Transient","floor":46,"turns":5},{"damage":0,"enemies":"Nemesis","floor":47,"turns":5},{"damage":0,"enemies":"3 Darklings","floor":48,"turns":4},{"damage":0,"enemies":"Awakened One","floor":50,"turns":8}],"seed_played":"5181437423640916546","potions_obtained":[{"floor":1,"key":"DuplicationPotion"},{"floor":6,"key":"SpeedPotion"},{"floor":8,"key":"Death Potion"},{"floor":22,"key":"LiquidBronze"},{"floor":25,"key":"Dexterity Potion"},{"floor":33,"key":"Fire Potion"}],"is_trial":false,"path_per_floor":["M","M","M","?","M","E","R","E","T","?","?","M","M","$","R","B",null,"M","?","$","?","M","R","M","M","T","E","?","R","E","M","R","B",null,"M","?","M","$","M","R","M","$","T","R","M","M","E","M","R","B",null],"character_chosen":"DEFECT","items_purchased":["BargainBundle","Fruit Juice","SkillPotion","Loop","Panacea","Elixir","Membership Card","Runic Capacitor","White Noise","Panache","FocusPotion","Replay:Mystery Machine","Dream Catcher","Whetstone","FocusPotion"],"campfire_rested":0,"item_purchase_floors":[14,14,14,14,14,14,20,38,38,38,38,38,38,42,42],"current_hp_per_floor":[75,74,74,59,59,47,47,39,39,39,39,39,39,44,44,44,80,77,77,77,77,65,65,65,64,64,64,28,28,27,27,27,21,80,80,80,80,80,80,80,80,80,80,80,80,80,80,80,80,80],"gold":241,"neow_bonus":"RANDOM_COMMON_RELIC","is_daily":false,"chose_seed":false,"campfire_upgraded":8,"win_rate":0.0,"timestamp":1610974043,"path_taken":["M","M","M","?","M","E","R","E","T","?","?","M","?","$","R","BOSS","M","?","$","?","M","R","M","M","T","E","?","R","E","M","R","BOSS","M","?","?","$","M","R","M","$","T","R","M","M","E","M","R","BOSS"],"items_purchased_type":["Relic","Potion","Potion","Card","Card","Potion","Relic","Relic","Card","Card","Potion","Relic","Relic","Relic","Potion"],"build_version":"2020-12-22","purchased_purges":3,"victory":true,"max_hp_per_floor":[75,75,75,75,75,75,75,75,75,75,75,75,75,80,80,80,80,80,80,80,80,80,80,80,80,80,80,80,80,80,80,80,80,80,80,80,80,80,80,80,80,80,80,80,80,80,80,80,80,80],"card_choices":[{"not_picked":["Go for the Eyes","Barrage"],"picked":"FTL","floor":1},{"not_picked":["Redo","Reboot"],"picked":"Sweeping Beam","floor":2},{"not_picked":["Reinforced Body","Compile Driver"],"picked":"Coolheaded","floor":3},{"not_picked":["Redo","Streamline","Compile Driver"],"picked":"SKIP","floor":5},{"not_picked":["Force Field","Sunder","BootSequence"],"picked":"SKIP","floor":6},{"not_picked":["Reinforced Body","BootSequence"],"picked":"Capacitor","floor":8},{"not_picked":["Beam Cell","Conserve Battery"],"picked":"ReplayTheSpireMod:Fabricate Wheel","floor":12},{"not_picked":["Stack","BasicCrystalCard"],"picked":"Ball Lightning","floor":13},{"not_picked":["Double Energy","Turbo"],"picked":"Glacier","floor":13},{"not_picked":["ReplayTheSpireMod:Repulse+1","Steam"],"picked":"Cold Snap+1","floor":18},{"not_picked":["ReplayGash","Sweeping Beam"],"picked":"Conserve Battery","floor":18},{"not_picked":["Compile Driver","Cold Snap+1"],"picked":"Barrage+1","floor":22},{"not_picked":["Gash","Leap","Go for the Eyes"],"picked":"SKIP","floor":22},{"not_picked":["Rip and Tear","Panic Button+1"],"picked":"ReplayTheSpireMod:Calculation Training","floor":24},{"not_picked":["Blizzard","Crystallizer","Stack"],"picked":"SKIP","floor":24},{"not_picked":["Redo+1","Conserve Battery"],"picked":"Electrodynamics","floor":25},{"not_picked":["Recycle","Compile Driver","Panic Button"],"picked":"SKIP","floor":25},{"not_picked":["Rebound","ReplayTheSpireMod:GoodbyeWorld"],"picked":"Defragment","floor":27},{"not_picked":["Turbo","Leap","Hologram"],"picked":"SKIP","floor":30},{"not_picked":["Undo","Beam Cell"],"picked":"Buffer","floor":31},{"not_picked":["Consume","Hologram","BasicCrystalCard+1"],"picked":"SKIP","floor":31},{"not_picked":["hubris:Prefetch","Amplify"],"picked":"Core Surge","floor":33},{"not_picked":["Auto Shields","Conserve Battery","Redo"],"picked":"SKIP","floor":35},{"not_picked":["hubris:Ukulele","Rebound","ReplaySort"],"picked":"SKIP","floor":35},{"not_picked":["BasicCrystalCard+1","Beam Cell","Redo+1"],"picked":"SKIP","floor":37},{"not_picked":["Go for the Eyes","Cold Snap","ReplayTheSpireMod:Repulse"],"picked":"SKIP","floor":37},{"not_picked":["BasicCrystalCard+1","Beam Cell","Redo+1"],"picked":"SKIP","floor":37},{"not_picked":["Go for the Eyes","Cold Snap","ReplayTheSpireMod:Repulse"],"picked":"SKIP","floor":37},{"not_picked":["Turbo+1","Streamline+1"],"picked":"ReplayTheSpireMod:Calculation Training+1","floor":39},{"not_picked":["Force Field","Fission","Stack+1"],"picked":"SKIP","floor":39},{"not_picked":["Hologram","Coolheaded"],"picked":"Defragment+1","floor":41},{"not_picked":["ReplayTheSpireMod:System Scan","Redo","Capacitor"],"picked":"SKIP","floor":41},{"not_picked":["Stack+1","Hologram","Go for the Eyes+1"],"picked":"SKIP","floor":45},{"not_picked":["Go for the Eyes","Thunder Strike","Steam Power+1"],"picked":"SKIP","floor":45},{"not_picked":["Panic Button+1","ReplayTheSpireMod:System Scan","Sweeping Beam+1"],"picked":"SKIP","floor":46},{"not_picked":["FIFO Queue","Ball Lightning","Stack"],"picked":"SKIP","floor":46},{"not_picked":["Go for the Eyes+1","Panic Button","Chaos+1"],"picked":"SKIP","floor":47},{"not_picked":["Stack+1","Conserve Battery","Steam+1"],"picked":"SKIP","floor":48},{"not_picked":["Panic Button+1","White Noise+1","Buffer"],"picked":"SKIP","floor":48},{"not_picked":["Stack+1","Conserve Battery","Steam+1"],"picked":"SKIP","floor":48},{"not_picked":["Panic Button+1","White Noise+1","Buffer"],"picked":"SKIP","floor":48}],"player_experience":917568,"relics_obtained":[{"floor":6,"key":"hubris:BallOfYels"},{"floor":8,"key":"Nunchaku"},{"floor":9,"key":"ReplayTheSpireMod:Ninjato"},{"floor":26,"key":"HornCleat"},{"floor":27,"key":"hubris:Potato"},{"floor":30,"key":"hubris:BottledRain"},{"floor":43,"key":"hubris:PeanutButter"},{"floor":47,"key":"hubris:TenFootPole"}],"event_choices":[{"damage_healed":74,"gold_gain":0,"player_choice":"Upgrade","damage_taken":15,"max_hp_gain":0,"max_hp_loss":75,"event_name":"betterThird:BetterShining","floor":4,"gold_loss":0,"cards_upgraded":["Strike_B","Defend_B"]},{"damage_healed":0,"gold_gain":0,"player_choice":"Bought 0 Potions","damage_taken":0,"max_hp_gain":0,"max_hp_loss":0,"event_name":"The Woman in Blue","floor":11,"gold_loss":0},{"cards_removed":["Panacea"],"damage_healed":0,"gold_gain":0,"player_choice":"Give","damage_taken":0,"max_hp_gain":0,"max_hp_loss":0,"event_name":"betterNote:BetterNote","floor":19,"gold_loss":0,"cards_obtained":["hubris:DoWhile"]},{"damage_healed":0,"gold_gain":360,"player_choice":"GOLD GOLD GOLD GOLD ","damage_taken":36,"max_hp_gain":0,"max_hp_loss":0,"event_name":"Knowing Skull","floor":28,"potions_obtained":[],"gold_loss":0,"cards_obtained":[]},{"damage_healed":0,"gold_gain":0,"cards_transformed":["Strike_B"],"player_choice":"Transformed","damage_taken":0,"max_hp_gain":0,"max_hp_loss":0,"event_name":"Transmorgrifier","floor":36,"gold_loss":0,"cards_obtained":["Sweeping Beam"]}],"is_beta":false,"boss_relics":[{"not_picked":["hubris:CrackedHourglass","Kintsugi"],"picked":"hubris:VirtuousBlindfold"},{"not_picked":["hubris:HollowSoul","Honey Jar"],"picked":"Coffee Dripper"}],"items_purged_floors":[14,38,42],"is_endless":false,"potions_floor_spawned":[1,6,8,16,22,25,27,33,35,37,41,48],"ascension_level":0}}