{"host":"792mtbovsoa03nb3","time":1610938809,"event":{"mods":["BaseMod","Conspire","Curses Come First","Dota2Spire","Halation","Hubris","Infinite Spire","Minty Spire (QoL Compilation)","Replay The Spire","StS++","StSLib"],"gold_per_floor":[119,135,148,148,165,192,203,229,276,292,292,292,292,305,305,410,410,422,422,432,432,531,560,106,120,175,175,209,227,227,227,227,329,329,347,41,51,62,75,75,75],"floor_reached":40,"language":"ENG","playtime":1201,"items_purged":["Strike_R","Defend_R","Strike_R"],"score":490,"play_id":"57430b6a-f4d5-45ab-8f3a-23fea27daff5","local_time":"20210117190009","is_ascension_mode":false,"campfire_choices":[{"data":"Armaments","floor":11,"key":"SMITH"},{"data":"Strike_R","floor":15,"key":"PURGE"},{"data":"Armaments","floor":27,"key":"SMITH"},{"data":"Second Wind","floor":32,"key":"SMITH"}],"circlet_count":0,"master_deck":["Strike_R","Strike_R","Defend_R","Defend_R","Defend_R","Thunderclap","Second Wind+1","Wild Strike","Twin Strike","Flame Barrier","Intimidate","Armaments+1","Fire Breathing","Reaper","Fiend Fire","ReplayTheSpireMod:LeadingStrike","Dark Embrace","Fire Breathing","Armaments+1","ReplayTheSpireMod:Muscle Training+1","Wild Strike","Double Tap","Ghostly Armor+1","Armaments+1","Dark Embrace+1"],"relics":["Ring of the Snake","NeowsBlessing","halation:PinkSoulGem","Centennial Puzzle","hubris:SphereOfDissonance","ReplayTheSpireMod:TigerMarble","infinitespire:Cubic Diamond","Dota2Spire:Dagon","Coffee Dripper","conspire:SpecialSausage","Cauldron","hubris:TenFootPole","hubris:Metronome","GremlinMask","Mark of Pain","Brimstone"],"acts_visited":["Exordium","TheCity","TheBeyond"],"potions_floor_usage":[6,8,16,16,23,23,28,33],"damage_taken":[{"damage":0,"enemies":"Cultist","floor":1,"turns":1},{"damage":0,"enemies":"Small Slimes","floor":2,"turns":1},{"damage":0,"enemies":"Jaw Worm","floor":3,"turns":1},{"damage":10,"enemies":"Looter","floor":5,"turns":3},{"damage":34,"enemies":"Lagavulin","floor":6,"turns":6},{"damage":0,"enemies":"Large Slime","floor":7,"turns":4},{"damage":0,"enemies":"3 Sentries","floor":8,"turns":1},{"damage":8,"enemies":"Lots of Slimes","floor":10,"turns":3},{"damage":2,"enemies":"Exordium Thugs","floor":14,"turns":3},{"damage":12,"enemies":"Hexaghost","floor":16,"turns":8},{"damage":0,"enemies":"Chosen","floor":18,"turns":3},{"damage":11,"enemies":"conspire:FuzzyDice","floor":20,"turns":5},{"damage":38,"enemies":"Nightmare","floor":23,"turns":6},{"damage":17,"enemies":"Centurion and Healer","floor":25,"turns":4},{"damage":30,"enemies":"conspire:SneckoGhost","floor":28,"turns":5},{"damage":1,"enemies":"Snecko","floor":29,"turns":3},{"damage":15,"enemies":"Collector","floor":33,"turns":7},{"damage":0,"enemies":"Orb Walker","floor":35,"turns":2},{"damage":4,"enemies":"3 Darklings","floor":37,"turns":4},{"damage":4,"enemies":"Transient","floor":38,"turns":5},{"damage":0,"enemies":"Jaw Worm Horde","floor":39,"turns":2},{"damage":90,"enemies":"Nightmare","floor":40,"turns":4}],"seed_played":"3545026588261505497","potions_obtained":[{"floor":5,"key":"Languid Potion"},{"floor":6,"key":"Strength Potion"},{"floor":7,"key":"StSpp:ScatteredWeakPotion"},{"floor":10,"key":"SteroidPotion"},{"floor":18,"key":"Energy Potion"},{"floor":21,"key":"PowerPotion"},{"floor":25,"key":"PowerPotion"},{"floor":29,"key":"Dota2Spire:Clarity"},{"floor":37,"key":"Dexterity Potion"},{"floor":38,"key":"Adrenaline Potion"}],"is_trial":false,"path_per_floor":["M","M","M","?","M","E","M","E","T","M","R","?","T","M","R","B",null,"M","?","M","AVR","?","NM","$","M","T","R","E","M","?","?","R","B",null,"M","$","M","M","M","NM"],"character_chosen":"IRONCLAD","items_purchased":["Fire Breathing","Brimstone","Ghostly Armor+1"],"campfire_rested":0,"item_purchase_floors":[24,36,36],"current_hp_per_floor":[80,80,80,80,76,48,54,60,60,58,58,58,58,56,56,51,80,80,80,72,72,72,49,49,38,38,38,15,14,14,14,14,38,80,80,80,80,80,80,0,0],"gold":75,"neow_bonus":"THREE_ENEMY_KILL","is_daily":false,"chose_seed":false,"campfire_upgraded":3,"win_rate":0.0,"timestamp":1610938809,"path_taken":["M","?","M","?","M","E","M","E","T","M","R","?","?","M","R","BOSS","M","?","M","AVR","?","NM","$","M","T","R","E","M","?","?","R","BOSS","M","$","?","M","M","NM"],"items_purchased_type":["Card","Relic","Card"],"build_version":"2020-12-22","purchased_purges":3,"victory":false,"max_hp_per_floor":[80,80,80,80,80,80,80,80,80,80,80,80,80,80,80,80,80,80,80,80,80,80,80,80,80,80,80,80,80,80,80,80,80,80,80,80,80,80,80,80,80],"card_choices":[{"not_picked":["Clothesline","Body Slam"],"picked":"Thunderclap","floor":1},{"not_picked":["Shrug It Off","Spot Weakness"],"picked":"Second Wind","floor":2},{"not_picked":["True Grit","Clothesline"],"picked":"Wild Strike","floor":3},{"not_picked":["StSpp:TheBiggerTheyAre","Spot Weakness"],"picked":"Twin Strike","floor":5},{"not_picked":["Corruption","Bloodletting"],"picked":"Flame Barrier","floor":6},{"not_picked":["Pommel Strike","Run Through"],"picked":"Intimidate","floor":7},{"not_picked":["Cleave","StSpp:Succumb"],"picked":"Armaments","floor":8},{"not_picked":["Rage","Armaments"],"picked":"Fire Breathing","floor":10},{"not_picked":["Searing Blow","ReplayTheSpireMod:Muscle Training"],"picked":"Reaper","floor":14},{"not_picked":["Eclipse","conspire:HitWhereItHurts"],"picked":"Fiend Fire","floor":16},{"not_picked":["hubris:ReadiedAction+1","Whirlwind+1"],"picked":"ReplayTheSpireMod:LeadingStrike","floor":18},{"not_picked":["hubris:ReadiedAction","ReplayTheSpireMod:Strike From Hell"],"picked":"Dark Embrace","floor":20},{"not_picked":["Abandon+1","hubris:SharpeningStone","StSpp:CounterStrike+1"],"picked":"SKIP","floor":23},{"not_picked":["Cleave","StSpp:TheBiggerTheyAre"],"picked":"Armaments","floor":25},{"not_picked":["StSpp:Sprint+1","True Grit"],"picked":"ReplayTheSpireMod:Muscle Training+1","floor":28},{"not_picked":["Body Slam","Flex"],"picked":"Wild Strike","floor":29},{"not_picked":["Exhume","StSpp:Turnabout"],"picked":"Double Tap","floor":33},{"not_picked":["StSpp:MuscleMemory","StSpp:Jab","Hemokinesis+1"],"picked":"SKIP","floor":35},{"not_picked":["Heavy Blade","Uppercut+1"],"picked":"Armaments+1","floor":37},{"not_picked":["Replay:Undeath\u0027s Touch","Twin Strike+1","ReplayTheSpireMod:Strike From Hell+1"],"picked":"SKIP","floor":38},{"not_picked":["Shrug It Off","Replay:Undeath\u0027s Touch+1"],"picked":"Dark Embrace+1","floor":39}],"player_experience":908132,"relics_obtained":[{"floor":6,"key":"Centennial Puzzle"},{"floor":8,"key":"hubris:SphereOfDissonance"},{"floor":9,"key":"ReplayTheSpireMod:TigerMarble"},{"floor":13,"key":"Dota2Spire:Dagon"},{"floor":23,"key":"hubris:TenFootPole"},{"floor":28,"key":"hubris:Metronome"}],"event_choices":[{"damage_healed":0,"gold_gain":99,"player_choice":"Stole From Cult","damage_taken":0,"max_hp_gain":0,"max_hp_loss":0,"event_name":"Nest","floor":22,"gold_loss":0},{"damage_healed":0,"gold_gain":0,"player_choice":"Leave","damage_taken":0,"max_hp_gain":0,"max_hp_loss":0,"event_name":"conspire:Investor","floor":30,"gold_loss":0},{"damage_healed":0,"gold_gain":0,"player_choice":"Trade","damage_taken":0,"relics_obtained":["GremlinMask"],"max_hp_gain":0,"max_hp_loss":0,"event_name":"FaceTrader","floor":31,"gold_loss":0}],"is_beta":false,"boss_relics":[{"not_picked":["Snecko Heart","conspire:SlowCooker"],"picked":"Coffee Dripper"},{"not_picked":["Velvet Choker","StSpp:Balance"],"picked":"Mark of Pain"}],"items_purged_floors":[21,24,36],"is_endless":true,"potions_floor_spawned":[5,6,7,10,18,25,29,37,38],"killed_by":"Nightmare","ascension_level":0}}