{"host":"r10yh36zs2k9z1sa","time":1610982951,"event":{"mods":["Astrologer","BaseMod","Colored Map","Hermit","Marisa¡]Ãú«B¡@Å]²z¨F¡^","Minty Spire (QoL Compilation)","Permanent Neow","Remilia¡]Á¢¦Ì²ú?¡^","StSLib","The Animator","The Bug Knight","The Cursed","The Gatherer","The Hierophant","The Necromancer","The Runesmith","The Servant 0.9.4"],"gold_per_floor":[112,112,129,152,152,152,182,119,119,119,133,145,155,167,167,167,167],"floor_reached":16,"language":"ZHS","playtime":682,"items_purged":["Regret"],"score":122,"play_id":"bf1965be-cc8d-4f5e-ab75-dbb544f909f6","local_time":"20210118231551","is_ascension_mode":true,"campfire_choices":[{"data":"Luminosity","floor":6,"key":"SMITH"},{"data":"KidneyShot","floor":15,"key":"SMITH"}],"circlet_count":0,"master_deck":["Strike_S","Strike_S+1","Strike_S","Strike_S","Defend_S","Defend_S","Defend_S","Defend_S","KidneyShot+1","Exchange","SilverMatrix+1","Luminosity+1","FastForward","Comet+1","BottledTime","BottledTime"],"relics":["Uniform","Happy Flower","PreservedInsect","MawBank","Singing Bowl"],"acts_visited":["Exordium"],"potions_floor_usage":[13,16],"damage_taken":[{"damage":0,"enemies":"Cultist","floor":1,"turns":4},{"damage":0,"enemies":"Jaw Worm","floor":3,"turns":3},{"damage":3,"enemies":"Gremlin Nob","floor":7,"turns":4},{"damage":6,"enemies":"Small Slimes","floor":11,"turns":2},{"damage":0,"enemies":"Gremlin Gang","floor":12,"turns":5},{"damage":0,"enemies":"3 Louse","floor":13,"turns":2},{"damage":0,"enemies":"Red Slaver","floor":14,"turns":3},{"damage":39,"enemies":"Slime Boss","floor":16,"turns":17}],"seed_played":"6678142061018581612","potions_obtained":[{"floor":1,"key":"SkillPotion"},{"floor":3,"key":"Ancient Potion"},{"floor":12,"key":"Fire Potion"}],"is_trial":false,"path_per_floor":["M","?","M","T","?","R","E","$","T","?","M","M","M","M","R","B"],"character_chosen":"THE_SERVANT","items_purchased":[],"campfire_rested":0,"item_purchase_floors":[],"current_hp_per_floor":[65,52,52,52,52,52,49,49,49,49,43,43,45,47,47,8,8],"gold":167,"neow_bonus":"ONE_RANDOM_RARE_CARD","is_daily":false,"chose_seed":false,"campfire_upgraded":2,"win_rate":0.0,"timestamp":1610982951,"path_taken":["M","?","M","?","?","R","E","$","T","?","M","?","M","M","R","BOSS"],"items_purchased_type":[],"build_version":"2020-12-22","purchased_purges":1,"victory":false,"max_hp_per_floor":[65,65,65,65,65,65,65,65,65,65,65,65,67,69,69,69,69],"card_choices":[{"not_picked":["DualDimension","Potential"],"picked":"Luminosity","floor":1},{"not_picked":["Potential","Gouge"],"picked":"FastForward","floor":3},{"not_picked":["Sunlight","Starlight"],"picked":"Comet","floor":7},{"not_picked":["Manipulate","Replace"],"picked":"BottledTime","floor":11},{"not_picked":["DualDimension","Replace"],"picked":"BottledTime","floor":12},{"not_picked":["Shuttle","Ricochet","TimeWarp"],"picked":"Singing Bowl","floor":13},{"not_picked":["Misdirection","Rearm","Spin"],"picked":"Singing Bowl","floor":14}],"player_experience":242062,"relics_obtained":[{"floor":4,"key":"Happy Flower"},{"floor":7,"key":"MawBank"},{"floor":9,"key":"Singing Bowl"}],"event_choices":[{"damage_healed":0,"gold_gain":0,"player_choice":"Entered Light","damage_taken":13,"max_hp_gain":0,"max_hp_loss":0,"event_name":"Shining Light","floor":2,"gold_loss":0,"cards_upgraded":["Strike_S","SilverMatrix"]},{"damage_healed":0,"gold_gain":0,"player_choice":"Box","damage_taken":0,"relics_obtained":["PreservedInsect"],"max_hp_gain":0,"max_hp_loss":0,"event_name":"Big Fish","floor":5,"gold_loss":0,"cards_obtained":["Regret"]},{"damage_healed":0,"gold_gain":0,"player_choice":"Upgraded","damage_taken":0,"max_hp_gain":0,"max_hp_loss":0,"event_name":"Upgrade Shrine","floor":10,"gold_loss":0,"cards_upgraded":["Comet"]}],"is_beta":false,"boss_relics":[],"items_purged_floors":[8],"is_endless":false,"potions_floor_spawned":[1,3,12],"killed_by":"Slime Boss","ascension_level":4}}