{"host":"qrbkigq52dd42dk0","time":1610978715,"event":{"mods":["AchievementEnabler","BaseMod","Colored Map","Colored Powertips","Minty Spire (QoL Compilation)","Quick Restart","StSLib","SuperFastMode","The IronCluck"],"gold_per_floor":[112,127,141,155,155,155,155],"floor_reached":6,"language":"ENG","playtime":201,"items_purged":[],"score":61,"play_id":"6a859f27-920a-432d-857d-3f8f04968a87","local_time":"20210118150515","is_ascension_mode":true,"campfire_choices":[],"circlet_count":0,"master_deck":["AscendersBane","Strike_R","Strike_R","Strike_R","Strike_R","Defend_R","Defend_R","Defend_R","Defend_R","Bash","CurseOfTheBell","Inflame","Pommel Strike"],"relics":["Calling Bell","Bronze Scales","Mummified Hand","Champion Belt"],"acts_visited":["Exordium"],"potions_floor_usage":[],"damage_taken":[{"damage":2,"enemies":"Cultist","floor":1,"turns":4},{"damage":6,"enemies":"Jaw Worm","floor":2,"turns":4},{"damage":2,"enemies":"Small Slimes","floor":3,"turns":4},{"damage":7,"enemies":"Blue Slaver","floor":4,"turns":3},{"damage":55,"enemies":"3 Sentries","floor":6,"turns":10}],"seed_played":"4776180800706148513","potions_obtained":[],"is_trial":false,"path_per_floor":["M","M","M","M","?","E"],"character_chosen":"IRONCLAD","items_purchased":[],"campfire_rested":0,"item_purchase_floors":[],"current_hp_per_floor":[70,64,62,55,55,0,0],"gold":155,"neow_bonus":"BOSS_RELIC","is_daily":false,"chose_seed":false,"campfire_upgraded":0,"win_rate":0.0,"timestamp":1610978715,"path_taken":["M","M","?","M","?","E"],"items_purchased_type":[],"build_version":"2020-12-22","purchased_purges":0,"victory":false,"max_hp_per_floor":[80,80,80,80,80,80,80],"card_choices":[{"not_picked":["Ghostly Armor","Rampage","Combust"],"picked":"SKIP","floor":1},{"not_picked":["Pummel","Combust"],"picked":"Inflame","floor":2},{"not_picked":["Iron Wave","Sword Boomerang","Fire Breathing"],"picked":"SKIP","floor":3},{"not_picked":["Clash","Dual Wield","True Grit"],"picked":"SKIP","floor":4}],"player_experience":167486,"relics_obtained":[{"floor":0,"key":"Bronze Scales"},{"floor":0,"key":"Mummified Hand"},{"floor":0,"key":"Champion Belt"}],"event_choices":[{"damage_healed":0,"gold_gain":0,"cards_transformed":["Strike_R"],"player_choice":"Change","damage_taken":0,"max_hp_gain":0,"max_hp_loss":0,"event_name":"Living Wall","floor":5,"gold_loss":0,"cards_obtained":["Pommel Strike"]}],"is_beta":false,"boss_relics":[],"items_purged_floors":[],"is_endless":false,"potions_floor_spawned":[],"killed_by":"3 Sentries","ascension_level":12}}