{"host":"8oeebsytg2tzguhe","time":1610960812,"event":{"mods":["BaseMod","GungeonMod","Minty Spire (QoL Compilation)","Replay The Spire","StSLib","The Animator","The Bug Knight"],"gold_per_floor":[114,114,39,39,39,65,96,125,148,148,176,176,176,186,186,301,301,326,182,182,225,263,263,263,263,296,296,296,296,333,4,4,119,119,145,165,191,210,244,244,302,331,419,419,419,419],"floor_reached":45,"language":"ZHS","playtime":1767,"items_purged":["HollowMod:CycloneSlash","HollowMod:MantisMark","HollowMod:CycloneSlash"],"score":910,"play_id":"f4fb907a-cffb-4366-a304-5cdcdffe6b22","local_time":"20210118170652","daily_mods":["SealedDeck","Heirloom","Time Dilation","Flight","DeadlyEvents","Cursed Run","Elite Swarm","Lethality"],"is_ascension_mode":true,"campfire_choices":[{"data":"HollowMod:BrokenVessel","floor":12.0,"key":"SMITH"},{"data":"HollowMod:NewInfectedGuardian","floor":13.0,"key":"SMITH"},{"data":"HollowMod:MothsMistake","floor":15.0,"key":"SMITH"},{"floor":23.0,"key":"REST"},{"data":"HollowMod:NewInfectedGuardian","floor":24.0,"key":"SMITH"},{"data":"HollowMod:NewInfectedGuardian","floor":25.0,"key":"SMITH"},{"floor":27.0,"key":"REST"},{"data":"HollowMod:NewJinnsSoul","floor":28.0,"key":"SMITH"},{"data":"HollowMod:HerrahsAnger","floor":32.0,"key":"SMITH"},{"data":"HollowMod:NewJinnsSoul","floor":40,"key":"SMITH"},{"data":"HollowMod:GoodIntentions","floor":44,"key":"SMITH"}],"circlet_count":0,"master_deck":["HollowMod:GoodIntentions+1","HollowMod:TaintedHusks","HollowMod:MothsMistake+1","HollowMod:NewGlowingWomb+1","HollowMod:BrokenVessel+1","HollowMod:TaintedHusks","HollowMod:InfectedCysts","HollowMod:NewInfectedGuardian+1","Hallucinations","Pain","HollowMod:NewInfectedGuardian+1","HollowMod:GoodIntentions+1","HollowMod:NewJinnsSoul+1","HollowMod:NewInfectedGuardian+1","ReplayTheSpireMod:Restless Dread","HollowMod:HerrahsAnger+1","Hallucinations","HollowMod:InfectedAttack","Decay","HollowMod:NewJinnsSoul+1","HollowMod:NewJinnsSoul+1","Voices","ReplayTheSpireMod:Doomed"],"relics":["Cursed Key","Darkstone Periapt","Du-Vu Doll","Girya","NeowsBlessing","Orichalcum","Replay:Wax Seal","DemoMod:PinkGuonStone","Lantern","CeramicFish","Honey Jar","Replay:Rubber Ducky","Tiny Chest","Anchor","FossilizedHelix","TheAbacus","DemoMod:GlassGuonStoneRelic","Empty Cage","Mummified Hand","Toy Ornithopter","ReplayTheSpireMod:Lightbulb","Quantum Egg","Bottled Lightning"],"acts_visited":["Exordium","TheCity","TheBeyond"],"potions_floor_usage":[38,39],"damage_taken":[{"damage":4.0,"enemies":"2 Louse","floor":1.0,"turns":1.0},{"damage":0.0,"enemies":"Gremlin Nob","floor":6.0,"turns":1.0},{"damage":0.0,"enemies":"Lagavulin","floor":7.0,"turns":1.0},{"damage":0.0,"enemies":"Gremlin Nob","floor":8.0,"turns":1.0},{"damage":15.0,"enemies":"3 Sentries","floor":11.0,"turns":1.0},{"damage":1.0,"enemies":"Cultist","floor":14.0,"turns":2.0},{"damage":40.0,"enemies":"Slime Boss","floor":16.0,"turns":4.0},{"damage":31.0,"enemies":"3 Byrds","floor":18.0,"turns":2.0},{"damage":35.0,"enemies":"Slavers","floor":21.0,"turns":2.0},{"damage":23.0,"enemies":"Book of Stabbing","floor":22.0,"turns":4.0},{"damage":0.0,"enemies":"Gremlin Leader","floor":30.0,"turns":3.0},{"damage":51.0,"enemies":"Collector","floor":33.0,"turns":5.0},{"damage":7.0,"enemies":"3 Darklings","floor":35.0,"turns":3.0},{"damage":31.0,"enemies":"Orb Walker","floor":36.0,"turns":2.0},{"damage":1,"enemies":"Orb Walker","floor":37,"turns":3},{"damage":6,"enemies":"Jaw Worm Horde","floor":38,"turns":4},{"damage":0,"enemies":"Reptomancer","floor":39,"turns":4},{"damage":5,"enemies":"Giant Head","floor":42,"turns":7},{"damage":0,"enemies":"Sphere and 2 Shapes","floor":45,"turns":1}],"seed_played":"-6756005662611095086","potions_obtained":[{"floor":7.0,"key":"Fire Potion"},{"floor":8.0,"key":"AttackPotion"},{"floor":14.0,"key":"AttackPotion"},{"floor":30.0,"key":"EssenceOfSteel"},{"floor":33.0,"key":"SteroidPotion"},{"floor":36,"key":"Swift Potion"},{"floor":39,"key":"FearPotion"}],"is_trial":true,"path_per_floor":["M","WH","$","WH","WH","E","E","E","T","?","E","R","R","M","R","B",null,"M","$","?","E","E","R","R","R","T","R","R","?","E","$","R","B",null,"M","M","M","M","E","R","T","E","T","R","M"],"character_chosen":"THE_BUGKNIGHT","items_purchased":["HollowMod:NewJinnsSoul","TheAbacus","DemoMod:LeadSkinPotion"],"campfire_rested":2,"item_purchase_floors":[19,31,31],"current_hp_per_floor":[71,78,78,86,86,86,86,93,99,99,84,84,84,83,83,49,109,78,78,66,31,8,40,40,40,46,80,80,115,115,115,115,70,121,114,89,88,82,82,82,88,83,89,89,89,89],"gold":419,"neow_bonus":"THREE_ENEMY_KILL","is_daily":false,"chose_seed":false,"campfire_upgraded":9,"win_rate":0.0,"timestamp":1610960812,"path_taken":["M","WH","$","WH","WH","E","E","E","T","?","?","R","R","M","R","BOSS","M","$","?","?","?","R","R","R","T","R","R","?","?","$","R","BOSS","M","?","?","?","?","R","?","E","T","R","?"],"items_purchased_type":["Card","Relic","Undefined"],"build_version":"2020-12-22","purchased_purges":3,"victory":false,"max_hp_per_floor":[75,82,82,90,90,90,90,97,103,103,103,103,103,103,103,109,109,109,109,109,109,109,109,109,109,115,115,115,115,115,115,115,121,121,121,127,127,127,127,127,133,133,139,139,139,139],"card_choices":[{"not_picked":["HollowMod:VengefulSpirit","HollowMod:CycloneSlash","HollowMod:SharpenedShadows"],"picked":"SKIP","floor":1.0},{"not_picked":["HollowMod:HornetsHelp","HollowMod:ElderbugsWisdom","HollowMod:SoulMaster"],"picked":"SKIP","floor":6.0},{"not_picked":["HollowMod:LordofShades","HollowMod:HerrahsAnger"],"picked":"HollowMod:NewInfectedGuardian","floor":7.0},{"not_picked":["HollowMod:LordofShades","HollowMod:MidwifesHunger","HollowMod:Hiveblood"],"picked":"SKIP","floor":8.0},{"not_picked":["HollowMod:Hiveblood","HollowMod:VoidDash","HollowMod:LordofShades"],"picked":"SKIP","floor":11.0},{"not_picked":["HollowMod:SoulShaman","HollowMod:WraithStrike","HollowMod:SoulVessel"],"picked":"SKIP","floor":14.0},{"not_picked":["HollowMod:ZotesMagnificence","HollowMod:SlysStrikes"],"picked":"HollowMod:NewInfectedGuardian","floor":16.0},{"not_picked":["HollowMod:PerfectDash","HollowMod:SoulStrike+1","HollowMod:NewLittleFool"],"picked":"HollowMod:GoodIntentions+1","floor":18.0},{"not_picked":["HollowMod:Hiveblood","HollowMod:SoulMaster","HollowMod:ElderbugsWisdom"],"picked":"HollowMod:NewInfectedGuardian","floor":21.0},{"not_picked":["HollowMod:ZotesMagnificence","HollowMod:PureVessel","HollowMod:SlysStrikes"],"picked":"HollowMod:Hiveblood","floor":22.0},{"not_picked":["HollowMod:ZotesMagnificence","HollowMod:ElderbugsWisdom","HollowMod:AwokenDreamNail"],"picked":"HollowMod:HerrahsAnger","floor":30.0},{"not_picked":["HollowMod:LordofShades","HollowMod:VoidDash","HollowMod:Weaversong"],"picked":"HollowMod:SlysStrikes","floor":33.0},{"not_picked":["HollowMod:ShapeofUnn","HollowMod:BrokenVessel","HollowMod:TaintedHusks"],"picked":"HollowMod:InfectedAttack","floor":35.0},{"not_picked":["HollowMod:WraithStrike+1","HollowMod:CoiledNail+1","HollowMod:VengefulVoid"],"picked":"HollowMod:NewJinnsSoul+1","floor":37},{"not_picked":["HollowMod:NewJinnsSoul","HollowMod:SiblingsSouls+1","HollowMod:VengefulVoid","HollowMod:SharpenedNail"],"picked":"SKIP","floor":38},{"not_picked":["HollowMod:SiblingsSouls+1","HollowMod:VengefulVoid","HollowMod:SharpenedNail"],"picked":"HollowMod:NewJinnsSoul","floor":38},{"not_picked":["HollowMod:MidwifesHunger","HollowMod:ElderbugsWisdom","HollowMod:LifebloodCore","HollowMod:HornetsHelp"],"picked":"SKIP","floor":39},{"not_picked":["HollowMod:LordofShades","HollowMod:Hiveblood","HollowMod:Weaversong","HollowMod:SoulMaster"],"picked":"SKIP","floor":42}],"player_experience":68537,"relics_obtained":[{"floor":6.0,"key":"Orichalcum"},{"floor":7.0,"key":"Replay:Wax Seal"},{"floor":8.0,"key":"DemoMod:PinkGuonStone"},{"floor":9.0,"key":"Lantern"},{"floor":11.0,"key":"CeramicFish"},{"floor":21.0,"key":"Replay:Rubber Ducky"},{"floor":22.0,"key":"Tiny Chest"},{"floor":26.0,"key":"Anchor"},{"floor":30.0,"key":"FossilizedHelix"},{"floor":36,"key":"Mummified Hand"},{"floor":39,"key":"Toy Ornithopter"},{"floor":41,"key":"ReplayTheSpireMod:Lightbulb"},{"floor":42,"key":"Quantum Egg"},{"floor":43,"key":"Bottled Lightning"}],"event_choices":[{"damage_healed":0.0,"max_hp_gain":0.0,"max_hp_loss":0.0,"gold_gain":0.0,"event_name":"Upgrade Shrine","player_choice":"Upgraded","floor":10.0,"gold_loss":0.0,"damage_taken":0.0,"cards_upgraded":["HollowMod:NewGlowingWomb"]},{"damage_healed":0.0,"max_hp_gain":0.0,"max_hp_loss":0.0,"gold_gain":0.0,"event_name":"Knowing Skull","player_choice":"POTION ","floor":20.0,"potions_obtained":["Toxic Potion"],"gold_loss":0.0,"damage_taken":12.0,"cards_obtained":[]},{"damage_healed":38.0,"max_hp_gain":0.0,"max_hp_loss":0.0,"gold_gain":0.0,"event_name":"The Library","player_choice":"Heal","floor":29.0,"gold_loss":0.0,"damage_taken":0.0}],"is_beta":false,"boss_relics":[{"not_picked":["Sozu","Snecko Heart"],"picked":"Honey Jar"},{"not_picked":["ChewingGum","Black Star"],"picked":"Empty Cage"}],"items_purged_floors":[3,19,31],"is_endless":false,"potions_floor_spawned":[7,8,14,30,33,36,39],"killed_by":"Sphere and 2 Shapes","ascension_level":1}}