{"host":"fkig9nrckec4xsh0","time":1610942460,"event":{"mods":["BaseMod","Colored Map","Minty Spire (QoL Compilation)","Quick Restart","Replay The Spire","StSLib"],"gold_per_floor":[110,110,210,210,228,261,261,281,352,378,378,396,571,554,554,554,554],"floor_reached":16,"language":"ENG","playtime":530,"items_purged":[],"score":149,"play_id":"bef76a18-b90b-4bb9-8b92-02e60c35ac5b","local_time":"20210117230100","is_ascension_mode":true,"campfire_choices":[{"floor":7,"key":"REST"},{"floor":11,"key":"REST"},{"floor":15,"key":"REST"}],"circlet_count":0,"master_deck":["Strike_G","Strike_G","Strike_G","Strike_G","Defend_G","Defend_G","Defend_G","Defend_G","Defend_G","Survivor","Neutralize","Infinite Blades","Poisoned Stab","Replay:Poison Smokescreen","Outmaneuver","Bouncing Flask","Backflip","Deadly Poison","Quick Slash","Noxious Fumes","Doubt","Catalyst"],"relics":["Ring of the Snake","Thread and Needle","Blue Doll","Dream Catcher","Snack Pack","Question Card"],"acts_visited":["Exordium"],"potions_floor_usage":[6,10,16],"damage_taken":[{"damage":8,"enemies":"Small Slimes","floor":1,"turns":5},{"damage":0,"enemies":"2 Louse","floor":5,"turns":3},{"damage":19,"enemies":"Gremlin Nob","floor":6,"turns":4},{"damage":0,"enemies":"Cultist","floor":8,"turns":3},{"damage":8,"enemies":"Lagavulin","floor":10,"turns":4},{"damage":1,"enemies":"Looter","floor":12,"turns":3},{"damage":16,"enemies":"Exordium Thugs","floor":14,"turns":4},{"damage":36,"enemies":"Slime Boss","floor":16,"turns":6}],"seed_played":"7048672807794662489","potions_obtained":[{"floor":1,"key":"Energy Potion"},{"floor":4,"key":"Adrenaline Potion"},{"floor":4,"key":"DuplicationPotion"}],"is_trial":false,"path_per_floor":["M","?","?","?","M","E","R","M","T","E","R","M","?","M","R","B"],"character_chosen":"THE_SILENT","items_purchased":[],"campfire_rested":3,"item_purchase_floors":[],"current_hp_per_floor":[55,48,23,23,23,4,22,22,22,14,32,33,33,17,35,0,0],"gold":554,"neow_bonus":"ONE_RARE_RELIC","is_daily":false,"chose_seed":false,"campfire_upgraded":0,"win_rate":0.0,"timestamp":1610942460,"path_taken":["M","?","?","?","M","E","R","?","T","E","R","M","?","M","R","BOSS"],"items_purchased_type":[],"build_version":"2020-12-22","purchased_purges":0,"victory":false,"max_hp_per_floor":[63,63,63,63,63,63,63,63,63,63,63,63,63,63,63,63,63],"card_choices":[{"not_picked":["Finisher","Deflect"],"picked":"Infinite Blades","floor":1},{"not_picked":["Deflect","Backstab"],"picked":"Poisoned Stab","floor":3},{"not_picked":["Blade Dance","Dagger Spray"],"picked":"Replay:Poison Smokescreen","floor":3},{"not_picked":["Finisher","Quick Slash"],"picked":"Outmaneuver","floor":5},{"not_picked":["ReplayTheSpireMod:Scrap Shanks","Quick Slash"],"picked":"Bouncing Flask","floor":6},{"not_picked":["Outmaneuver","ReplayTheSpireMod:Necrosis"],"picked":"Backflip","floor":7},{"not_picked":["Flying Knee","Footwork"],"picked":"Deadly Poison","floor":8},{"not_picked":["Cloak And Dagger","Prepared"],"picked":"Quick Slash","floor":10},{"not_picked":["Eviscerate","Underhanded Strike","Cloak And Dagger"],"picked":"Noxious Fumes","floor":12},{"not_picked":["Outmaneuver","Distraction","Sucker Punch"],"picked":"Catalyst","floor":14}],"player_experience":352102,"relics_obtained":[{"floor":3,"key":"Blue Doll"},{"floor":6,"key":"Dream Catcher"},{"floor":9,"key":"Snack Pack"},{"floor":10,"key":"Question Card"}],"event_choices":[{"cards_removed":["Strike_G"],"damage_healed":0,"gold_gain":0,"player_choice":"Card Removal","damage_taken":7,"max_hp_gain":0,"max_hp_loss":0,"event_name":"Golden Wing","floor":2,"gold_loss":0},{"damage_healed":0,"gold_gain":0,"player_choice":"Got Potions","damage_taken":0,"max_hp_gain":0,"max_hp_loss":0,"event_name":"Lab","floor":4,"gold_loss":0},{"damage_healed":0,"gold_gain":175,"player_choice":"AGREE","damage_taken":0,"max_hp_gain":0,"max_hp_loss":0,"event_name":"Liars Game","floor":13,"gold_loss":0,"cards_obtained":["Doubt"]}],"is_beta":false,"boss_relics":[],"items_purged_floors":[],"is_endless":false,"potions_floor_spawned":[1],"killed_by":"Slime Boss","ascension_level":7}}