{"host":"xt797mi8yhee06c1","time":1610978094,"event":{"mods":["100% Spire Juice","BaseMod","Bestiary","Koishi","Marisa£¨Ùöéë¡¡Øª×âÞÞ£©","Minty Spire (QoL Compilation)","Poor People Problems","Prisma Mod","Relic Filter","Shop Mod","Spicy Shops","StSLib","WarShipGirlsR/??á´Ò³R mod"],"gold_per_floor":[113,188,207,226,226,251,270,285,338,338,372,372,398,32,32,131,131,148,2,2,20,36,62,82,82,133,168,268,286,336,350,350,447,447,457,116,165,182,193,193,222,222,222,234,234,264,43,93,93,93,93,93,33,60,60],"floor_reached":56,"language":"KOR","playtime":3184,"items_purged":["rmod:strick"],"score":1440,"play_id":"7795bfc7-d86a-4246-a67c-f35d2e59c152","local_time":"20210118225454","is_ascension_mode":false,"campfire_choices":[{"data":"rmod:garrisonisland","floor":10.0,"key":"SMITH"},{"data":"rmod:goodfighter","floor":12.0,"key":"SMITH"},{"data":"rmod:goodfighter","floor":15.0,"key":"SMITH"},{"data":"rmod:seals","floor":25.0,"key":"SMITH"},{"floor":32.0,"key":"REST"},{"floor":40.0,"key":"REST"},{"floor":42.0,"key":"REST"},{"floor":49.0,"key":"RECALL"},{"data":"rmod:expedition+1","floor":52,"key":"SMITH"}],"circlet_count":0,"master_deck":["rmod:strick","rmod:strick","rmod:defend","rmod:defend","rmod:defend+1","rmod:defend","rmod:basicallowance","rmod:maingunfire","rmod:diamondstrike","rmod:garrisonisland+1","rmod:fletcherpendant","rmod:fletcherpendant","rmod:supportescort","rmod:goodfighter+1","rmod:supportaircraftcarrier","rmod:goodfighter+1","rmod:seals+1","rmod:aviationdawn","rmod:victimresponsibility","rmod:smokecover","rmod:aluminumsupply+1","rmod:luckystar","rmod:victimresponsibility+1","rmod:overbreakdown+1","rmod:firesupport+1","rmod:goodfighter","rmod:lastglory","rmod:fletcherpendant+1","rmod:expedition","rmod:victimresponsibility+1","rmod:overbreakdown","rmod:openingtorpedo+1","rmod:bulid","rmod:expedition+2","rmod:goodfighter+1","Bandage Up","rmod:supportaircraftcarrier+1","rmod:fletcherpendant","rmod:firesupport","rmod:steelsupply+1"],"relics":["rmod:firstchargereward","NeowsBlessing","StrikeDummy","Toy Ornithopter","Kunai","MealTicket","Chemical X","Chemical X","rmod:monthlycard","rmod:extraamm","Centennial Puzzle","Art of War","Blood Vial","rmod:quickrepair","White Beast Statue","SlaversCollar","Medical Kit","TungstenRod","Gremlin Horn","The Courier","Pear","Prayer Wheel","War Paint"],"acts_visited":["Exordium","TheCity","TheBeyond","TheEnding"],"potions_floor_usage":[50,50,55,55],"damage_taken":[{"damage":0.0,"enemies":"Small Slimes","floor":1.0,"turns":1.0},{"damage":0.0,"enemies":"2 Louse","floor":3.0,"turns":1.0},{"damage":0.0,"enemies":"Cultist","floor":4.0,"turns":1.0},{"damage":14.0,"enemies":"Gremlin Nob","floor":6.0,"turns":3.0},{"damage":0.0,"enemies":"Blue Slaver","floor":7.0,"turns":1.0},{"damage":0.0,"enemies":"3 Louse","floor":8.0,"turns":2.0},{"damage":20.0,"enemies":"3 Sentries","floor":11.0,"turns":7.0},{"damage":6.0,"enemies":"Gremlin Nob","floor":13.0,"turns":3.0},{"damage":0.0,"enemies":"Slime Boss","floor":16.0,"turns":4.0},{"damage":10.0,"enemies":"2 Thieves","floor":18.0,"turns":2.0},{"damage":0.0,"enemies":"Shell Parasite","floor":21.0,"turns":1.0},{"damage":0.0,"enemies":"Sentry and Sphere","floor":22.0,"turns":2.0},{"damage":44.0,"enemies":"Slavers","floor":23.0,"turns":3.0},{"damage":15.0,"enemies":"Snake Plant","floor":24.0,"turns":3.0},{"damage":10.0,"enemies":"Gremlin Leader","floor":27.0,"turns":4.0},{"damage":7.0,"enemies":"Colosseum Slavers","floor":28.0,"turns":3.0},{"damage":0.0,"enemies":"Colosseum Nobs","floor":28.0,"turns":1.0},{"damage":15.0,"enemies":"Snecko","floor":29.0,"turns":4.0},{"damage":10.0,"enemies":"Cultist and Chosen","floor":31.0,"turns":3.0},{"damage":0.0,"enemies":"Collector","floor":33.0,"turns":7.0},{"damage":9.0,"enemies":"3 Shapes","floor":35.0,"turns":3.0},{"damage":25.0,"enemies":"2 Orb Walkers","floor":37.0,"turns":3.0},{"damage":9.0,"enemies":"Orb Walker","floor":38.0,"turns":2.0},{"damage":32.0,"enemies":"4 Shapes","floor":39.0,"turns":2.0},{"damage":18.0,"enemies":"Nemesis","floor":41.0,"turns":5.0},{"damage":1.0,"enemies":"Maw","floor":44.0,"turns":6.0},{"damage":16.0,"enemies":"Reptomancer","floor":46.0,"turns":2.0},{"damage":0.0,"enemies":"Mind Bloom Boss Battle","floor":48.0,"turns":2.0},{"damage":27,"enemies":"Donu and Deca","floor":50,"turns":4},{"damage":40,"enemies":"Shield and Spear","floor":54,"turns":6},{"damage":8,"enemies":"The Heart","floor":55,"turns":7}],"seed_played":"8278047574221241420","potions_obtained":[{"floor":1.0,"key":"EssenceOfSteel"},{"floor":6.0,"key":"PowerPotion"},{"floor":11.0,"key":"DuplicationPotion"},{"floor":16.0,"key":"Swift Potion"},{"floor":22.0,"key":"PowerPotion"},{"floor":23.0,"key":"Weak Potion"},{"floor":24.0,"key":"ColorlessPotion"},{"floor":28.0,"key":"Weak Potion"},{"floor":29.0,"key":"Energy Potion"},{"floor":31.0,"key":"GamblersBrew"},{"floor":33.0,"key":"Explosive Potion"},{"floor":35.0,"key":"AttackPotion"},{"floor":38.0,"key":"DuplicationPotion"},{"floor":41.0,"key":"Regen Potion"},{"floor":44.0,"key":"PowerPotion"},{"floor":48.0,"key":"CultistPotion"},{"floor":54,"key":"Explosive Potion"}],"is_trial":false,"path_per_floor":["M","?","M","M","?","E","M","M","T","R","E","R","E","$","R","B",null,"M","$","?","M","M","E","M","R","T","E","?","M","?","M","R","B",null,"M","$","?","M","M","R","E","R","T","M","?","E","$","?","R","B",null,"R","$","E","B",null],"character_chosen":"PRAEFECT","items_purchased":["Chemical X","Chemical X","rmod:goodfighter","rmod:extraamm","Medical Kit","rmod:expedition","rmod:victimresponsibility","Pear","rmod:fletcherpendant"],"campfire_rested":3,"item_purchase_floors":[14,14,14,19,36,36,36,47,47],"current_hp_per_floor":[75,64,64,64,57,43,43,43,43,43,23,23,22,37,37,37,75,65,75,75,75,75,36,21,21,21,11,23,10,10,2,24,31,75,66,75,50,43,13,35,19,41,41,42,42,32,57,59,59,44,85,85,85,49,57],"gold":60,"neow_bonus":"THREE_ENEMY_KILL","is_daily":false,"chose_seed":false,"campfire_upgraded":5,"win_rate":0.0,"timestamp":1610978094,"path_taken":["M","?","M","M","?","E","M","?","T","R","E","R","E","$","R","BOSS","M","$","?","M","M","E","M","R","T","E","?","M","?","?","R","BOSS","M","$","?","M","M","R","E","R","T","M","?","E","$","?","R","BOSS","R","$","E","BOSS"],"items_purchased_type":["Relic","Relic","Card","Relic","Relic","Card","Card","Relic","Card"],"build_version":"2020-12-22","purchased_purges":1,"victory":true,"max_hp_per_floor":[75,75,75,75,75,75,75,75,75,75,75,75,75,75,75,75,75,75,75,75,75,75,75,75,75,75,75,75,75,75,75,75,75,75,75,75,75,75,75,75,75,75,75,75,75,75,85,85,85,85,85,85,85,85,85],"card_choices":[{"not_picked":["rmod:launchingtorpedo","rmod:victimresponsibility"],"picked":"rmod:diamondstrike","floor":1.0},{"not_picked":["rmod:aluminumsupply","rmod:capitalist"],"picked":"rmod:garrisonisland","floor":3.0},{"not_picked":["rmod:circuitoustactics","rmod:diamondstrike"],"picked":"rmod:fletcherpendant","floor":4.0},{"not_picked":["rmod:diamondstrike","rmod:gendarmerie"],"picked":"rmod:fletcherpendant","floor":6.0},{"not_picked":["rmod:goodsister","rmod:unsinkable"],"picked":"rmod:fuelsupply","floor":7.0},{"not_picked":["rmod:capitalist","rmod:victimresponsibility"],"picked":"rmod:supportescort","floor":8.0},{"not_picked":["rmod:diamondstrike","rmod:supriseattacks"],"picked":"rmod:goodfighter","floor":11.0},{"not_picked":["rmod:lonelyqueen","rmod:overbreakdown"],"picked":"rmod:supportaircraftcarrier","floor":13.0},{"not_picked":["rmod:acesubmarine","rmod:supriseattacks"],"picked":"rmod:seals","floor":16.0},{"not_picked":["rmod:aluminumsupply","rmod:slowdown"],"picked":"rmod:aviationdawn","floor":18.0},{"not_picked":["rmod:overbreakdown+1","rmod:steelsupply"],"picked":"rmod:aluminumsupply+1","floor":21.0},{"not_picked":["rmod:generalist","rmod:intelligenceanalysis","rmod:rockthrower"],"picked":"SKIP","floor":22.0},{"not_picked":["rmod:punchline","rmod:wolves"],"picked":"rmod:luckystar","floor":23.0},{"not_picked":["rmod:supportescort+1","rmod:gendarmerie"],"picked":"rmod:victimresponsibility+1","floor":24.0},{"not_picked":["rmod:combined+1","rmod:gendarmerie","rmod:bulid"],"picked":"SKIP","floor":27.0},{"not_picked":["rmod:ring","rmod:expeditionaryescort"],"picked":"rmod:overbreakdown+1","floor":28.0},{"not_picked":["rmod:chargemoney","rmod:diamondstrike"],"picked":"rmod:firesupport+1","floor":29.0},{"not_picked":["rmod:tearstotiara","rmod:ridicule"],"picked":"rmod:goodfighter","floor":31.0},{"not_picked":["rmod:acesubmarine","rmod:abidefaith"],"picked":"rmod:lastglory","floor":33.0},{"not_picked":["rmod:aviationdawn","rmod:guardianhero+1"],"picked":"rmod:fletcherpendant+1","floor":35.0},{"not_picked":["rmod:supportescort","rmod:aviationdawn"],"picked":"rmod:overbreakdown","floor":37.0},{"not_picked":["rmod:aviationdawn+1","rmod:lonelyqueen+1"],"picked":"rmod:openingtorpedo+1","floor":38.0},{"not_picked":["rmod:aluminumsupply+1","rmod:luckystar"],"picked":"rmod:bulid","floor":39.0},{"not_picked":["rmod:aviationdawn+1","rmod:victimresponsibility"],"picked":"rmod:expedition+1","floor":41.0},{"not_picked":["rmod:aviationdawn+1","rmod:diamondstrike"],"picked":"rmod:goodfighter+1","floor":44.0},{"not_picked":["Impatience","Violence"],"picked":"Bandage Up","floor":45.0},{"not_picked":["rmod:fuelsupply+1","rmod:tearstotiara+1"],"picked":"rmod:supportaircraftcarrier+1","floor":46.0},{"not_picked":["rmod:generalist+1","rmod:chargemoney"],"picked":"rmod:firesupport","floor":48.0},{"not_picked":["rmod:supportescort+1","rmod:intelligenceanalysis+1"],"picked":"rmod:steelsupply+1","floor":54}],"player_experience":372408,"relics_obtained":[{"floor":6.0,"key":"StrikeDummy"},{"floor":9.0,"key":"Toy Ornithopter"},{"floor":11.0,"key":"Kunai"},{"floor":13.0,"key":"MealTicket"},{"floor":23.0,"key":"Centennial Puzzle"},{"floor":26.0,"key":"Art of War"},{"floor":27.0,"key":"Blood Vial"},{"floor":28.0,"key":"rmod:quickrepair"},{"floor":28.0,"key":"White Beast Statue"},{"floor":37.0,"key":"TungstenRod"},{"floor":41.0,"key":"Gremlin Horn"},{"floor":46.0,"key":"The Courier"},{"floor":48.0,"key":"Prayer Wheel"},{"floor":54,"key":"War Paint"}],"event_choices":[{"damage_healed":0.0,"max_hp_gain":0.0,"max_hp_loss":0.0,"gold_gain":75.0,"event_name":"World of Goop","player_choice":"Gather Gold","floor":2.0,"gold_loss":0.0,"damage_taken":11.0},{"damage_healed":0.0,"max_hp_gain":0.0,"max_hp_loss":0.0,"gold_gain":0.0,"event_name":"Wheel of Change","player_choice":"Damaged","floor":5.0,"gold_loss":0.0,"damage_taken":7.0},{"damage_healed":0.0,"max_hp_gain":0.0,"max_hp_loss":0.0,"gold_gain":0.0,"cards_transformed":["rmod:fuelsupply","rmod:strick"],"event_name":"Drug Dealer","player_choice":"Became Test Subject","floor":20.0,"gold_loss":0.0,"damage_taken":0.0,"cards_obtained":["rmod:victimresponsibility","rmod:smokecover"]},{"damage_healed":0.0,"max_hp_gain":0.0,"max_hp_loss":0.0,"gold_gain":0.0,"event_name":"Colosseum","player_choice":"Fight","floor":28.0,"gold_loss":0.0,"damage_taken":0.0},{"damage_healed":0.0,"max_hp_gain":0.0,"max_hp_loss":0.0,"gold_gain":0.0,"event_name":"Colosseum","player_choice":"Fought Nobs","floor":28.0,"gold_loss":0.0,"damage_taken":0.0},{"damage_healed":0.0,"max_hp_gain":0.0,"max_hp_loss":0.0,"gold_gain":100.0,"event_name":"The Joust","player_choice":"Bet on Murderer","floor":30.0,"gold_loss":50.0,"damage_taken":0.0},{"damage_healed":0.0,"max_hp_gain":0.0,"max_hp_loss":0.0,"gold_gain":0.0,"event_name":"Mysterious Sphere","player_choice":"Fight","floor":37.0,"gold_loss":0.0,"damage_taken":0.0},{"damage_healed":0.0,"max_hp_gain":0.0,"max_hp_loss":0.0,"gold_gain":0.0,"event_name":"SensoryStone","player_choice":"Memory 1","floor":45.0,"gold_loss":0.0,"damage_taken":0.0},{"damage_healed":0.0,"max_hp_gain":0.0,"max_hp_loss":0.0,"gold_gain":0.0,"event_name":"MindBloom","player_choice":"Fight","floor":48.0,"gold_loss":0.0,"damage_taken":0.0}],"is_beta":false,"boss_relics":[{"not_picked":["Runic Pyramid","Sozu"],"picked":"rmod:monthlycard"},{"not_picked":["Empty Cage","Busted Crown"],"picked":"SlaversCollar"}],"items_purged_floors":[53],"is_endless":false,"potions_floor_spawned":[1,6,11,16,22,23,24,28,28,29,31,33,35,37,38,39,41,44,46,48,54],"ascension_level":0}}