{"host":"6a06qhlf17v5rcww","time":1610953874,"event":{"mods":["Act Like it!","Aspiration","BaseMod","Beaked The Cultist","Better Altar","Better Match","Better Note","Better Sensory Stone","Better Skull","Better Third Choice","Better Vampires","BetterRewards","Block Reminder","Colored Powertips","Downfall","Gensokyo","Infinite Spire","Minty Spire (QoL Compilation)","Pale of the Ancients","Poor People Problems","Rare Cards Sparkle","Shade Mod","StSLib","The Bug Knight","The Jungle","The Marked","Yakumo Yukari mod"],"gold_per_floor":[99,118,134,134,134,164,164,64,64,64],"floor_reached":9,"language":"ENG","playtime":684,"items_purged":[],"score":59,"play_id":"15b45f4f-7745-43f8-8d81-ae5c7ec36017","local_time":"20210118021114","is_ascension_mode":false,"campfire_choices":[{"floor":1.0,"key":"RECALL"},{"data":"Blind","floor":8.0,"key":"SMITH"}],"circlet_count":0,"master_deck":["bronze:Strike","bronze:Strike","bronze:Strike","bronze:Strike","bronze:Defend","bronze:Defend","bronze:Defend","bronze:Defend","bronze:Replicate","bronze:Goto","bronze:DelayedGuard","bronze:Turbo","bronze:Spike","bronze:ForLoop","Blind+1","bronze:DelayedSlice"],"relics":["bronze:BronzeCore","Nunchaku","Vajra","downfall:HeartBlessingRed"],"acts_visited":["Exordium"],"potions_floor_usage":[9],"damage_taken":[{"damage":0.0,"enemies":"Cultist","floor":2.0,"turns":3.0},{"damage":2.0,"enemies":"2 Louse","floor":3.0,"turns":3.0},{"damage":35.0,"enemies":"2 Louse","floor":4.0,"turns":10.0},{"damage":28.0,"enemies":"Lagavulin","floor":6.0,"turns":12.0},{"damage":16,"enemies":"Gremlin Nob","floor":9,"turns":3}],"seed_played":"-795947974052288802","potions_obtained":[{"floor":6.0,"key":"Energy Potion"}],"is_trial":false,"path_per_floor":["R","M","M","?","?","E","T","R","E"],"character_chosen":"THE_AUTOMATON","items_purchased":[],"campfire_rested":0,"item_purchase_floors":[],"current_hp_per_floor":[77,77,75,40,40,12,12,12,0,0],"gold":64,"neow_bonus":"TEN_PERCENT_HP_BONUS","is_daily":false,"chose_seed":false,"campfire_upgraded":1,"win_rate":0.0,"timestamp":1610953874,"path_taken":["R","M","M","?","?","E","T","R","E"],"items_purchased_type":[],"build_version":"2020-12-22","purchased_purges":0,"victory":false,"max_hp_per_floor":[77,77,77,77,77,77,77,77,77,77],"card_choices":[{"not_picked":["bronze:BitShift","bronze:ForLoop"],"picked":"bronze:DelayedGuard","floor":2.0},{"not_picked":["bronze:BuggyMess","bronze:Overheat"],"picked":"bronze:Turbo","floor":3.0},{"not_picked":[],"picked":"bronze:Spike","floor":4.0},{"not_picked":["bronze:Iterate","bronze:Overheat"],"picked":"bronze:ForLoop","floor":4.0},{"not_picked":["Finesse","Madness"],"picked":"Blind","floor":5.0},{"not_picked":["bronze:Repulsor","bronze:WildBeam"],"picked":"bronze:DelayedSlice","floor":6.0}],"player_experience":760417,"relics_obtained":[{"floor":6.0,"key":"Nunchaku"},{"floor":7.0,"key":"Vajra"}],"event_choices":[{"damage_healed":0.0,"max_hp_gain":0.0,"max_hp_loss":0.0,"gold_gain":1.0,"event_name":"betterStone:BetterStone","player_choice":"1","floor":5.0,"gold_loss":0.0,"damage_taken":0.0}],"is_beta":false,"boss_relics":[],"items_purged_floors":[],"is_endless":false,"potions_floor_spawned":[6],"killed_by":"Gremlin Nob","ascension_level":0}}