{"host":"d66n7ln59ex8canu","time":1610997993,"event":{"mods":["AchievementEnabler","BaseMod","Colored Map","Minty Spire (QoL Compilation)","Quick Restart","StSLib"],"gold_per_floor":[366,366,366,71,85,116,116,127,198,212,243,253,218,244,244,347,347,360,374,374,374,339,366,366,381,449,484,174,174,206,206,206,311,311,325,343,343,343,343],"floor_reached":38,"language":"ENG","playtime":1022,"items_purged":[],"score":675,"play_id":"743320c4-2a56-48cd-9cda-5413c9bb1a3e","local_time":"20210118142633","is_ascension_mode":true,"campfire_choices":[{"data":"Creative AI","floor":7,"key":"SMITH"},{"data":"Electrodynamics","floor":15,"key":"SMITH"},{"floor":29,"key":"REST"},{"floor":32,"key":"REST"}],"circlet_count":0,"master_deck":["Strike_B","Strike_B+1","Strike_B","Strike_B+1","Defend_B","Defend_B","Defend_B","Defend_B","Zap","Dualcast","FTL","Ball Lightning","Creative AI+1","Conserve Battery","Loop","Steam","Hologram","Electrodynamics+1","Thunder Strike","Consume","Writhe","BootSequence","Conserve Battery+1","Stack+1","Storm+1","Stack","Chill"],"relics":["Cracked Core","Lizard Tail","Happy Flower","Gremlin Horn","PreservedInsect","DataDisk","Black Star","Omamori","Centennial Puzzle","Symbiotic Virus","Frozen Egg 2","Turnip","Boot","TungstenRod","Smiling Mask","Whetstone","Inserter"],"acts_visited":["Exordium","TheCity","TheBeyond"],"potions_floor_usage":[11,11,16,23,23,33],"damage_taken":[{"damage":8,"enemies":"Jaw Worm","floor":1,"turns":4},{"damage":4,"enemies":"2 Louse","floor":5,"turns":3},{"damage":12,"enemies":"Gremlin Nob","floor":6,"turns":3},{"damage":7,"enemies":"Small Slimes","floor":8,"turns":4},{"damage":16,"enemies":"2 Fungi Beasts","floor":10,"turns":4},{"damage":5,"enemies":"3 Sentries","floor":11,"turns":3},{"damage":11,"enemies":"Looter","floor":12,"turns":3},{"damage":28,"enemies":"Gremlin Nob","floor":14,"turns":4},{"damage":0,"enemies":"Slime Boss","floor":16,"turns":5},{"damage":12,"enemies":"Chosen","floor":18,"turns":4},{"damage":10,"enemies":"Shell Parasite","floor":19,"turns":4},{"damage":38,"enemies":"Gremlin Leader","floor":23,"turns":6},{"damage":2,"enemies":"Chosen and Byrds","floor":25,"turns":5},{"damage":5,"enemies":"Book of Stabbing","floor":27,"turns":3},{"damage":19,"enemies":"Slavers","floor":30,"turns":2},{"damage":9,"enemies":"Collector","floor":33,"turns":7},{"damage":5,"enemies":"Orb Walker","floor":35,"turns":4},{"damage":13,"enemies":"3 Darklings","floor":36,"turns":5},{"damage":49,"enemies":"2 Orb Walkers","floor":38,"turns":3}],"seed_played":"2834865625563287687","potions_obtained":[{"floor":1,"key":"Explosive Potion"},{"floor":6,"key":"Explosive Potion"},{"floor":14,"key":"Explosive Potion"},{"floor":16,"key":"SteroidPotion"},{"floor":18,"key":"Regen Potion"},{"floor":30,"key":"PowerPotion"},{"floor":36,"key":"SteroidPotion"}],"is_trial":false,"path_per_floor":["M","$","?","$","M","E","R","M","T","M","E","M","?","E","R","B",null,"M","M","?","?","$","E","?","M","T","E","$","R","E","?","R","B",null,"M","M","?","?"],"character_chosen":"DEFECT","items_purchased":["Lizard Tail","BootSequence","TungstenRod"],"campfire_rested":2,"item_purchase_floors":[4,22,28],"current_hp_per_floor":[60,60,65,65,61,49,49,42,42,26,21,10,28,36,36,36,64,52,42,42,42,42,19,19,17,17,12,12,33,14,14,35,26,61,56,43,43,0,0],"gold":343,"neow_bonus":"TWO_FIFTY_GOLD","is_daily":false,"chose_seed":false,"campfire_upgraded":2,"win_rate":0.0,"timestamp":1610997993,"path_taken":["M","$","?","$","M","E","R","M","T","M","E","M","?","E","R","BOSS","M","M","?","?","$","E","?","M","T","E","$","R","E","?","R","BOSS","M","M","?","?"],"items_purchased_type":["Relic","Card","Relic"],"build_version":"2020-12-22","purchased_purges":0,"victory":false,"max_hp_per_floor":[68,68,73,73,73,73,73,73,73,73,73,73,73,73,73,73,73,73,73,73,73,73,73,73,73,73,73,73,73,73,73,73,73,73,73,73,73,73,73],"card_choices":[{"not_picked":["Turbo","Stack"],"picked":"FTL","floor":1},{"not_picked":["Hello World","Cold Snap"],"picked":"Ball Lightning","floor":5},{"not_picked":["Aggregate","Steam"],"picked":"Creative AI","floor":6},{"not_picked":["Sweeping Beam","Beam Cell"],"picked":"Conserve Battery","floor":8},{"not_picked":["Steam","Compile Driver","Loop"],"picked":"SKIP","floor":10},{"not_picked":["Steam","Compile Driver"],"picked":"Loop","floor":10},{"not_picked":["Chill","All For One"],"picked":"Steam","floor":11},{"not_picked":["Stack","Scrape"],"picked":"Hologram","floor":12},{"not_picked":["Rebound","Sweeping Beam"],"picked":"Electrodynamics","floor":14},{"not_picked":["All For One","Hyperbeam"],"picked":"Thunder Strike","floor":16},{"not_picked":["Coolheaded","Genetic Algorithm","Rebound"],"picked":"SKIP","floor":18},{"not_picked":["Melter+1","Sweeping Beam"],"picked":"Consume","floor":19},{"not_picked":["Redo","Ball Lightning"],"picked":"Conserve Battery+1","floor":23},{"not_picked":["Go for the Eyes","Chaos","Streamline+1"],"picked":"SKIP","floor":25},{"not_picked":["Melter","Cold Snap"],"picked":"Stack+1","floor":27},{"not_picked":["Steam","Recycle"],"picked":"Storm+1","floor":30},{"not_picked":["Sunder","Double Energy","Beam Cell+1"],"picked":"SKIP","floor":35},{"not_picked":["Conserve Battery+1","Beam Cell+1","Streamline+1"],"picked":"SKIP","floor":36}],"player_experience":334858,"relics_obtained":[{"floor":6,"key":"Happy Flower"},{"floor":9,"key":"Gremlin Horn"},{"floor":11,"key":"PreservedInsect"},{"floor":14,"key":"DataDisk"},{"floor":23,"key":"Centennial Puzzle"},{"floor":23,"key":"Symbiotic Virus"},{"floor":26,"key":"Frozen Egg 2"},{"floor":27,"key":"Turnip"},{"floor":27,"key":"Boot"},{"floor":30,"key":"Smiling Mask"},{"floor":30,"key":"Whetstone"}],"event_choices":[{"damage_healed":0,"gold_gain":0,"player_choice":"Donut","damage_taken":0,"max_hp_gain":5,"max_hp_loss":0,"event_name":"Big Fish","floor":3,"gold_loss":0},{"damage_healed":18,"gold_gain":0,"player_choice":"Healed","damage_taken":0,"max_hp_gain":0,"max_hp_loss":0,"event_name":"The Cleric","floor":13,"gold_loss":35},{"damage_healed":0,"gold_gain":0,"player_choice":"Ignored","damage_taken":0,"max_hp_gain":0,"max_hp_loss":0,"event_name":"Vampires","floor":20,"gold_loss":0},{"damage_healed":0,"gold_gain":0,"player_choice":"Opened","damage_taken":0,"relics_obtained":["Omamori"],"max_hp_gain":0,"max_hp_loss":0,"event_name":"The Mausoleum","floor":21,"gold_loss":0,"cards_obtained":["Writhe"]},{"damage_healed":0,"gold_gain":0,"player_choice":"Smashed Altar","damage_taken":0,"max_hp_gain":0,"max_hp_loss":0,"event_name":"Forgotten Altar","floor":24,"gold_loss":0,"cards_obtained":["Decay"]},{"damage_healed":0,"gold_gain":0,"player_choice":"2 cards matched","damage_taken":0,"max_hp_gain":0,"max_hp_loss":0,"event_name":"Match and Keep!","floor":31,"gold_loss":0,"cards_obtained":["Stack","Chill"]},{"damage_healed":0,"gold_gain":0,"player_choice":"Memory 1","damage_taken":0,"max_hp_gain":0,"max_hp_loss":0,"event_name":"SensoryStone","floor":37,"gold_loss":0},{"damage_healed":0,"gold_gain":0,"player_choice":"Fight","damage_taken":0,"max_hp_gain":0,"max_hp_loss":0,"event_name":"Mysterious Sphere","floor":38,"gold_loss":0}],"is_beta":false,"boss_relics":[{"not_picked":["Philosopher\u0027s Stone","Runic Dome"],"picked":"Black Star"},{"not_picked":["SlaversCollar","SacredBark"],"picked":"Inserter"}],"items_purged_floors":[],"is_endless":false,"potions_floor_spawned":[1,6,14,16,18,30,36],"killed_by":"2 Orb Walkers","ascension_level":7}}