{"host":"8fuipfsvjht9cgcs","time":1610970043,"event":{"mods":["AchievementEnabler","BaseMod","Colored Map","Colored Powertips","DeckTracker","Friendly Minions","Kiyohime£¨?ýï£©","Marisa£¨Ùöéë¡¡Øª×âÞÞ£©","Minty Spire (QoL Compilation)","Prisma Mod","Replay The Spire","StSLib","SuperFastMode","The Cursed","The Gatherer"],"gold_per_floor":[109,107,120,120,120,120,134,34,60,60,91,105,105,123,123,242,242,260,175,28,28,53,53,74,173,224,242,242,242],"floor_reached":28,"language":"KOR","playtime":1788,"items_purged":["CommonCold","Looming Evil"],"score":273,"play_id":"d751fa88-67a0-43e2-9231-471b31c4b488","local_time":"20210119004043","is_ascension_mode":true,"campfire_choices":[{"data":"ReplayTheSpireMod:Brewmster","floor":6,"key":"SMITH"},{"floor":13,"key":"REST"},{"floor":15,"key":"REST"},{"floor":23,"key":"REST"}],"circlet_count":0,"master_deck":["Strike_B","Defend_B+1","Defend_B","Defend_B","Zap","Dualcast+1","ReplayTheSpireMod:Brewmster+1","Chaos","Coolheaded","Static Discharge","Skim","Hyperbeam","FIFO Queue","Buffer","White Noise","Machine Learning","Chill","Coolheaded","White Noise"],"relics":["Cracked Core","ReplayTheSpireMod:CursedCoin","Replay:Wax Seal","Replay:PocketPolymizer","Replay:Antivirus Software","Golden Idol","Dream Catcher","Inserter","Divine Protection","Raider\u0027s Mask","Ancient Tea Set","Gremlin Food"],"acts_visited":["Exordium","TheCity"],"potions_floor_usage":[7,7,11,11,11,12,12,14,14,16,16,16,16,16,16,18,18,18,18,18,18,22,22,22,24,27,27,27,27,27,28,28,28],"damage_taken":[{"damage":1,"enemies":"2 Louse","floor":1,"turns":3},{"damage":15,"enemies":"Jaw Worm","floor":3,"turns":6},{"damage":0,"enemies":"Small Slimes","floor":7,"turns":4},{"damage":14,"enemies":"3 Sentries","floor":11,"turns":4},{"damage":2,"enemies":"Exordium Wildlife","floor":12,"turns":4},{"damage":26,"enemies":"Exordium Thugs","floor":14,"turns":7},{"damage":25,"enemies":"Hexaghost","floor":16,"turns":13},{"damage":26,"enemies":"Spheric Guardian","floor":18,"turns":14},{"damage":26,"enemies":"2 Thieves","floor":22,"turns":3},{"damage":11,"enemies":"Snecko","floor":24,"turns":8},{"damage":3,"enemies":"Cultist and Chosen","floor":27,"turns":9},{"damage":37,"enemies":"Slavers","floor":28,"turns":2}],"seed_played":"-4447158048829228262","potions_obtained":[{"floor":1,"key":"EssenceOfDarkness"},{"floor":11,"key":"Regen Potion"},{"floor":24,"key":"LifebloodPotion"}],"is_trial":false,"path_per_floor":["M","$","M","?","T","R","M","$","T","?","E","M","R","M","R","B",null,"M","?","$","?","M","R","M","?","T","M","E"],"character_chosen":"DEFECT","items_purchased":["ReplayTheSpireMod:CursedCoin","Replay:Wax Seal","Raider\u0027s Mask"],"campfire_rested":3,"item_purchase_floors":[2,2,20],"current_hp_per_floor":[74,74,59,44,44,44,44,44,44,26,12,19,41,30,52,27,63,37,37,37,37,11,33,22,22,22,34,0,0],"gold":242,"neow_bonus":"RANDOM_COLORLESS_2","is_daily":false,"chose_seed":false,"campfire_upgraded":1,"win_rate":0.0,"timestamp":1610970043,"path_taken":["M","$","M","?","?","R","M","$","T","?","E","M","R","M","R","BOSS","M","?","$","?","M","R","M","?","T","M","E"],"items_purchased_type":["Relic","Relic","Relic"],"build_version":"2020-12-22","purchased_purges":2,"victory":false,"max_hp_per_floor":[75,75,75,75,75,75,75,75,75,75,75,75,75,75,75,75,75,75,75,75,75,75,75,75,75,75,75,75,75],"card_choices":[{"not_picked":["ReplayUltimateDefense","Violence"],"picked":"ReplayTheSpireMod:Brewmster","floor":0},{"not_picked":["Turbo","Beam Cell"],"picked":"Chaos","floor":1},{"not_picked":["Leap","Sweeping Beam"],"picked":"Coolheaded","floor":3},{"not_picked":["Panic Button","BasicCrystalCard","Compile Driver"],"picked":"SKIP","floor":7},{"not_picked":["Mirror Shield","Barrage","Hologram"],"picked":"SKIP","floor":11},{"not_picked":["BasicCrystalCard","Beam Cell"],"picked":"Skim","floor":12},{"not_picked":["Barrage","Steam"],"picked":"FIFO Queue","floor":13},{"not_picked":["Turbo","BasicCrystalCard","Beam Cell"],"picked":"SKIP","floor":14},{"not_picked":["Beam Cell","Stack"],"picked":"White Noise","floor":15},{"not_picked":["Meteor Strike","Creative AI"],"picked":"Machine Learning","floor":16},{"not_picked":["Steam","Coolheaded","Stack"],"picked":"SKIP","floor":18},{"not_picked":["Melter+1","Fusion"],"picked":"Chill","floor":22},{"not_picked":["Reinforced Body+1","Capacitor+1"],"picked":"White Noise","floor":24},{"not_picked":["Stack","Go for the Eyes+1","ReplayTheSpireMod:Repulse"],"picked":"SKIP","floor":27}],"player_experience":413915,"relics_obtained":[{"floor":5,"key":"Replay:PocketPolymizer"},{"floor":9,"key":"Replay:Antivirus Software"},{"floor":11,"key":"Dream Catcher"},{"floor":26,"key":"Gremlin Food"}],"event_choices":[{"damage_healed":0,"gold_gain":0,"player_choice":"Entered Light","damage_taken":15,"max_hp_gain":0,"max_hp_loss":0,"event_name":"Shining Light","floor":4,"gold_loss":0,"cards_upgraded":["Dualcast","Defend_B"]},{"damage_healed":0,"gold_gain":0,"player_choice":"Take Damage","damage_taken":18,"relics_obtained":["Golden Idol"],"max_hp_gain":0,"max_hp_loss":0,"event_name":"Golden Idol","floor":10,"gold_loss":0},{"damage_healed":0,"gold_gain":0,"player_choice":"Obtained Relic","damage_taken":0,"relics_obtained":["Divine Protection"],"max_hp_gain":0,"max_hp_loss":0,"event_name":"Addict","floor":19,"gold_loss":85},{"damage_healed":0,"gold_gain":99,"player_choice":"Stole From Cult","damage_taken":0,"max_hp_gain":0,"max_hp_loss":0,"event_name":"Nest","floor":25,"gold_loss":0}],"is_beta":false,"boss_relics":[{"not_picked":["Black Star","Tiny House"],"picked":"Inserter"}],"items_purged_floors":[2,8],"is_endless":false,"potions_floor_spawned":[1,3,11,12,18,24,27],"killed_by":"Slavers","ascension_level":5}}