{"host":"xz7n3qy1zq36rzpg","time":1610958048,"event":{"mods":["BaseMod","Colored Map","Colored Powertips","Highlight Path","Minty Spire (QoL Compilation)","Quick Restart","Shop Mod"],"gold_per_floor":[114,64,76,88,107,107,139,139,218,218,237,89,102,112,112,214,214,196,23,35,35,35,35,63,63,63,63,63],"floor_reached":27,"language":"ENG","playtime":1114,"items_purged":["Injury","Defend_G"],"score":268,"play_id":"4948d46a-a36c-4e3a-b17b-db4868c2a848","local_time":"20210118092048","is_ascension_mode":true,"campfire_choices":[{"data":"Blade Dance","floor":6,"key":"SMITH"},{"floor":8,"key":"REST"},{"data":"Blur","floor":10,"key":"SMITH"},{"floor":15,"key":"REST"},{"data":"Deflect","floor":23,"key":"SMITH"},{"floor":25,"key":"REST"}],"circlet_count":0,"master_deck":["Strike_G","Strike_G","Strike_G","Strike_G","Strike_G","Defend_G","Defend_G","Defend_G","Survivor","Neutralize","Slice","Well Laid Plans","Poisoned Stab","Blade Dance+1","Blur+1","Bane","Noxious Fumes","Accuracy","Quick Slash","Unload","Deflect+1","Backstab","Dodge and Roll+1","Writhe","Quick Slash+1","Doubt"],"relics":["Cursed Key","Peace Pipe","Gremlin Horn","Black Star","PreservedInsect","Mercury Hourglass","Torii","CeramicFish"],"acts_visited":["Exordium","TheCity"],"potions_floor_usage":[7,16,24,24],"damage_taken":[{"damage":5,"enemies":"Small Slimes","floor":1,"turns":4},{"damage":3,"enemies":"2 Louse","floor":3,"turns":4},{"damage":5,"enemies":"Jaw Worm","floor":4,"turns":3},{"damage":9,"enemies":"Looter","floor":5,"turns":3},{"damage":26,"enemies":"Lagavulin","floor":7,"turns":6},{"damage":0,"enemies":"3 Louse","floor":11,"turns":3},{"damage":12,"enemies":"Exordium Thugs","floor":13,"turns":4},{"damage":11,"enemies":"Large Slime","floor":14,"turns":5},{"damage":33,"enemies":"The Guardian","floor":16,"turns":9},{"damage":13,"enemies":"2 Thieves","floor":18,"turns":4},{"damage":10,"enemies":"3 Byrds","floor":20,"turns":4},{"damage":37,"enemies":"Book of Stabbing","floor":24,"turns":5},{"damage":42,"enemies":"Slavers","floor":27,"turns":3}],"seed_played":"-3486476156600827705","potions_obtained":[{"floor":3,"key":"Swift Potion"},{"floor":4,"key":"GamblersBrew"},{"floor":5,"key":"BlessingOfTheForge"},{"floor":11,"key":"SteroidPotion"},{"floor":14,"key":"SkillPotion"},{"floor":18,"key":"Energy Potion"}],"is_trial":false,"path_per_floor":["M","?","M","M","M","R","E","R","T","R","M","$","M","M","R","B",null,"M","$","M","?","?","R","E","R","T","E"],"character_chosen":"THE_SILENT","items_purchased":["Noxious Fumes","Backstab"],"campfire_rested":3,"item_purchase_floors":[12,19],"current_hp_per_floor":[65,65,62,57,48,48,22,43,43,43,43,43,31,20,41,8,70,57,57,47,47,47,47,10,31,31,0,0],"gold":63,"neow_bonus":"BOSS_RELIC","is_daily":false,"chose_seed":false,"campfire_upgraded":3,"win_rate":0.0,"timestamp":1610958048,"path_taken":["M","?","M","M","M","R","E","R","T","R","M","$","M","M","R","BOSS","M","$","M","?","?","R","E","R","T","E"],"items_purchased_type":["Card","Card"],"build_version":"2020-12-22","purchased_purges":2,"victory":false,"max_hp_per_floor":[70,70,70,70,70,70,70,70,70,70,70,70,70,70,70,70,70,70,70,70,70,70,70,70,70,70,70,70],"card_choices":[{"not_picked":["Deflect","Deadly Poison"],"picked":"Slice","floor":1},{"not_picked":["Cloak And Dagger","Backflip"],"picked":"Well Laid Plans","floor":3},{"not_picked":["Predator","Deflect"],"picked":"Poisoned Stab","floor":4},{"not_picked":["Backflip","Night Terror"],"picked":"Blade Dance","floor":5},{"not_picked":["Dagger Throw","Predator"],"picked":"Blur","floor":7},{"not_picked":["Choke","Predator"],"picked":"Bane","floor":11},{"not_picked":["Dodge and Roll","Finisher"],"picked":"Accuracy","floor":13},{"not_picked":["Well Laid Plans","Sucker Punch"],"picked":"Quick Slash","floor":14},{"not_picked":["Grand Finale","Burst"],"picked":"Unload","floor":16},{"not_picked":["Quick Slash","Prepared"],"picked":"Deflect","floor":18},{"not_picked":["Slice","Dagger Throw"],"picked":"Dodge and Roll+1","floor":20},{"not_picked":["Escape Plan","Dagger Throw+1"],"picked":"Quick Slash+1","floor":24}],"player_experience":332821,"relics_obtained":[{"floor":7,"key":"Peace Pipe"},{"floor":9,"key":"Gremlin Horn"},{"floor":24,"key":"Mercury Hourglass"},{"floor":24,"key":"Torii"},{"floor":26,"key":"CeramicFish"}],"event_choices":[{"cards_removed":["Defend_G"],"damage_healed":0,"gold_gain":0,"player_choice":"Card Removal","damage_taken":0,"max_hp_gain":0,"max_hp_loss":0,"event_name":"The Cleric","floor":2,"gold_loss":50},{"damage_healed":0,"gold_gain":0,"player_choice":"Opened","damage_taken":0,"relics_obtained":["PreservedInsect"],"max_hp_gain":0,"max_hp_loss":0,"event_name":"The Mausoleum","floor":21,"gold_loss":0,"cards_obtained":["Writhe"]},{"damage_healed":0,"gold_gain":0,"player_choice":"Ignored","damage_taken":0,"max_hp_gain":0,"max_hp_loss":0,"event_name":"Ghosts","floor":22,"gold_loss":0}],"is_beta":false,"boss_relics":[{"not_picked":["HoveringKite","Busted Crown"],"picked":"Black Star"}],"items_purged_floors":[12,19],"is_endless":false,"potions_floor_spawned":[3,4,5,11,14,18],"killed_by":"Slavers","ascension_level":3}}