{"host":"oehe2dxjvdgux73m","time":1610945068,"event":{"mods":["AchievementEnabler","BaseMod","Colored Map","Colored Powertips","DeckTracker","Keyboard Shortcuts","Minty Spire (QoL Compilation)","Permanent Neow","Quick Restart","StSLib","SuperFastMode"],"gold_per_floor":[113,133,133,150,164,164,190,190,190,190,140,150,160,178,178,276,276,293,218,236,236,318,333,333,42,42,82,193,237,261,285,297,409,421,453,485,512,524,145,145,178,178,228,242,242,254,254,268,268,268],"floor_reached":51,"language":"KOR","playtime":1907,"items_purged":["Strike_B"],"score":846,"play_id":"506cc6c0-c0c9-43f6-a326-5f41eb2eca48","local_time":"20210118134428","is_ascension_mode":false,"campfire_choices":[{"data":"Barrage","floor":6.0,"key":"SMITH"},{"data":"Fission","floor":8.0,"key":"SMITH"},{"data":"Zap","floor":10.0,"key":"SMITH"},{"data":"Gash","floor":15.0,"key":"SMITH"},{"data":"Seek","floor":24.0,"key":"SMITH"},{"data":"Electrodynamics","floor":32,"key":"SMITH"},{"data":"Deep Breath","floor":40,"key":"SMITH"},{"data":"Double Energy","floor":42,"key":"SMITH"},{"data":"Defragment","floor":45,"key":"SMITH"},{"data":"Defragment","floor":49,"key":"SMITH"}],"circlet_count":0,"master_deck":["Strike_B","Defend_B","Defend_B","Defend_B","Defend_B","Zap+1","Dualcast+1","Glacier","Gash","Barrage+1","Fission+1","Gash+1","Seek+1","Redo","Gash","Scrape","Double Energy+1","Go for the Eyes+1","Electrodynamics+1","Double Energy+1","Compile Driver+1","All For One","Parasite","Hologram+1","Secret Technique","Deep Breath+1","Reprogram+1","Defragment+1","Defragment+1"],"relics":["Cracked Core","Bag of Marbles","Unceasing Top","Blue Candle","Nuclear Battery","Gremlin Horn","Potion Belt","MawBank","White Beast Statue","Bottled Lightning","Black Star","PreservedInsect","Bottled Tornado","Art of War"],"acts_visited":["Exordium","TheCity","TheBeyond"],"potions_floor_usage":[30,33,35,41,44,50,50,50,50,50,50,50,50,50,50],"damage_taken":[{"damage":2.0,"enemies":"Small Slimes","floor":1.0,"turns":3.0},{"damage":1.0,"enemies":"Cultist","floor":2.0,"turns":3.0},{"damage":1.0,"enemies":"2 Louse","floor":4.0,"turns":2.0},{"damage":2.0,"enemies":"Blue Slaver","floor":5.0,"turns":3.0},{"damage":0.0,"enemies":"3 Sentries","floor":7.0,"turns":4.0},{"damage":3.0,"enemies":"Red Slaver","floor":12.0,"turns":3.0},{"damage":0.0,"enemies":"Large Slime","floor":13.0,"turns":4.0},{"damage":0.0,"enemies":"Looter","floor":14.0,"turns":1.0},{"damage":32.0,"enemies":"Hexaghost","floor":16.0,"turns":11.0},{"damage":0.0,"enemies":"Chosen","floor":18.0,"turns":4.0},{"damage":1.0,"enemies":"Shell Parasite","floor":20.0,"turns":6.0},{"damage":3.0,"enemies":"Centurion and Healer","floor":23.0,"turns":7.0},{"damage":0.0,"enemies":"Slavers","floor":27.0,"turns":1.0},{"damage":0.0,"enemies":"Gremlin Leader","floor":29.0,"turns":2.0},{"damage":0,"enemies":"Snake Plant","floor":30,"turns":1},{"damage":0,"enemies":"Shelled Parasite and Fungi","floor":31,"turns":2},{"damage":45,"enemies":"Champ","floor":33,"turns":5},{"damage":5,"enemies":"3 Darklings","floor":35,"turns":2},{"damage":15,"enemies":"Orb Walker","floor":36,"turns":2},{"damage":0,"enemies":"Writhing Mass","floor":37,"turns":2},{"damage":0,"enemies":"Giant Head","floor":41,"turns":2},{"damage":0,"enemies":"Jaw Worm Horde","floor":44,"turns":1},{"damage":3,"enemies":"Transient","floor":46,"turns":5},{"damage":0,"enemies":"4 Shapes","floor":48,"turns":2},{"damage":49,"enemies":"Awakened One","floor":50,"turns":5}],"seed_played":"-381203300743804815","potions_obtained":[{"floor":4.0,"key":"CultistPotion"},{"floor":5.0,"key":"PowerPotion"},{"floor":12.0,"key":"EntropicBrew"},{"floor":13.0,"key":"GamblersBrew"},{"floor":23.0,"key":"Energy Potion"},{"floor":27.0,"key":"PowerPotion"},{"floor":29,"key":"FearPotion"},{"floor":30,"key":"Dexterity Potion"},{"floor":33,"key":"DistilledChaos"},{"floor":35,"key":"SteroidPotion"},{"floor":41,"key":"CultistPotion"},{"floor":44,"key":"AttackPotion"},{"floor":46,"key":"Energy Potion"}],"is_trial":false,"path_per_floor":["M","M","?","M","M","R","E","R","T","R","?","M","M","M","R","B",null,"M","?","M","?","T","M","R","$","T","E","?","E","M","M","R","B",null,"M","M","M","?","$","R","E","R","T","M","R","M","?","M","R","B",null],"character_chosen":"DEFECT","items_purchased":["Scrape","Double Energy","Potion Belt","Secret Technique","Deep Breath","Aggregate"],"campfire_rested":0,"item_purchase_floors":[25,25,25,39,39,39],"current_hp_per_floor":[73,72,72,71,69,69,69,69,69,69,69,66,66,66,66,34,75,75,75,74,74,74,71,71,71,71,71,71,71,71,71,71,26,75,70,55,55,55,55,55,55,55,55,55,55,52,52,52,52,17],"gold":268,"neow_bonus":"RANDOM_COMMON_RELIC","is_daily":false,"chose_seed":false,"campfire_upgraded":10,"win_rate":0.0,"timestamp":1610945068,"path_taken":["M","M","?","?","M","R","E","R","T","R","?","M","M","M","R","BOSS","M","?","M","?","?","?","R","$","T","E","?","E","M","M","R","BOSS","M","M","M","?","?","R","E","R","T","?","R","M","?","M","R","BOSS"],"items_purchased_type":["Card","Card","Relic","Card","Card","Card"],"build_version":"2020-12-22","purchased_purges":1,"victory":true,"max_hp_per_floor":[75,75,75,75,75,75,75,75,75,75,75,75,75,75,75,75,75,75,75,75,75,75,75,75,75,75,75,75,75,75,75,75,75,75,75,75,75,75,75,75,75,75,75,75,75,75,75,75,75,75],"card_choices":[{"not_picked":["Compile Driver","Consume"],"picked":"Glacier","floor":1.0},{"not_picked":["Beam Cell","Reinforced Body"],"picked":"Gash","floor":2.0},{"not_picked":["Go for the Eyes","Beam Cell"],"picked":"Barrage","floor":4.0},{"not_picked":["Fusion","Stack","Barrage"],"picked":"SKIP","floor":5.0},{"not_picked":["White Noise","Coolheaded"],"picked":"Fission","floor":7.0},{"not_picked":["Scrape","Blizzard"],"picked":"Gash","floor":12.0},{"not_picked":["Sweeping Beam","Ball Lightning","Glacier"],"picked":"SKIP","floor":13.0},{"not_picked":["Ball Lightning","Sweeping Beam","Go for the Eyes"],"picked":"SKIP","floor":14.0},{"not_picked":["Buffer","Reboot"],"picked":"Seek","floor":16.0},{"not_picked":["Doom and Gloom","Skim"],"picked":"Redo","floor":18.0},{"not_picked":["Redo","Streamline","Stack+1"],"picked":"SKIP","floor":20.0},{"not_picked":["Redo+1","Reprogram+1"],"picked":"Gash","floor":23.0},{"not_picked":["Heatsinks","Barrage"],"picked":"Go for the Eyes+1","floor":27.0},{"not_picked":["Self Repair+1","Leap"],"picked":"Electrodynamics","floor":29},{"not_picked":["Reinforced Body+1","Cold Snap"],"picked":"Double Energy+1","floor":30},{"not_picked":["Redo","Go for the Eyes"],"picked":"Compile Driver+1","floor":31},{"not_picked":["Thunder Strike","Seek"],"picked":"All For One","floor":33},{"not_picked":["Cold Snap","Doom and Gloom+1","Compile Driver"],"picked":"SKIP","floor":35},{"not_picked":["Force Field","Darkness","Streamline"],"picked":"SKIP","floor":36},{"not_picked":["Sweeping Beam","Cold Snap+1"],"picked":"Hologram+1","floor":37},{"not_picked":["Barrage+1","Auto Shields"],"picked":"Reprogram+1","floor":41},{"not_picked":["Coolheaded+1","Steam+1"],"picked":"Defragment","floor":44},{"not_picked":["Doom and Gloom","Reinforced Body","FTL"],"picked":"SKIP","floor":46},{"not_picked":["Darkness+1","Chaos"],"picked":"Defragment","floor":48}],"player_experience":272755,"relics_obtained":[{"floor":7.0,"key":"Unceasing Top"},{"floor":9.0,"key":"Blue Candle"},{"floor":22.0,"key":"Gremlin Horn"},{"floor":26.0,"key":"MawBank"},{"floor":27.0,"key":"White Beast Statue"},{"floor":29,"key":"Bottled Lightning"},{"floor":41,"key":"PreservedInsect"},{"floor":41,"key":"Bottled Tornado"},{"floor":43,"key":"Art of War"}],"event_choices":[{"damage_healed":0.0,"max_hp_gain":0.0,"max_hp_loss":0.0,"gold_gain":0.0,"event_name":"Accursed Blacksmith","player_choice":"Forge","floor":3.0,"gold_loss":0.0,"damage_taken":0.0,"cards_upgraded":["Dualcast"]},{"cards_removed":["Strike_B"],"damage_healed":0.0,"max_hp_gain":0.0,"max_hp_loss":0.0,"gold_gain":0.0,"event_name":"The Cleric","player_choice":"Card Removal","floor":11.0,"gold_loss":50.0,"damage_taken":0.0},{"cards_removed":["Strike_B"],"damage_healed":0.0,"max_hp_gain":0.0,"max_hp_loss":0.0,"gold_gain":0.0,"event_name":"Beggar","player_choice":"Gave Gold","floor":19.0,"gold_loss":75.0,"damage_taken":0.0},{"damage_healed":0.0,"max_hp_gain":0.0,"max_hp_loss":0.0,"gold_gain":0.0,"event_name":"Vampires","player_choice":"Ignored","floor":21.0,"gold_loss":0.0,"damage_taken":0.0},{"damage_healed":0.0,"max_hp_gain":0.0,"max_hp_loss":0.0,"gold_gain":99.0,"event_name":"Nest","player_choice":"Stole From Cult","floor":28.0,"gold_loss":0.0,"damage_taken":0.0},{"damage_healed":0,"gold_gain":0,"player_choice":"Ignored","damage_taken":0,"max_hp_gain":0,"max_hp_loss":0,"event_name":"SecretPortal","floor":38,"gold_loss":0},{"cards_removed":["Aggregate"],"damage_healed":0,"gold_gain":0,"player_choice":"Removed Skill","damage_taken":0,"max_hp_gain":0,"max_hp_loss":0,"event_name":"Falling","floor":47,"gold_loss":0}],"is_beta":false,"boss_relics":[{"not_picked":["Ectoplasm","Coffee Dripper"],"picked":"Nuclear Battery"},{"not_picked":["Calling Bell","SlaversCollar"],"picked":"Black Star"}],"items_purged_floors":[39],"is_endless":false,"potions_floor_spawned":[4,5,12,13,23,27,29,30,31,33,35,36,37,41,44,46,48],"ascension_level":0}}