{"host":"ln76an1o32p2wxtf","time":1610989035,"event":{"mods":["AchievementEnabler","Act Like it!","BaseMod","BetterRewards","Colored Powertips","Energized Spire","GifTheSpireLib","Infinite Spire","Minty Spire (QoL Compilation)","Shop Mod","StSLib"],"gold_per_floor":[118,193,49,49,64,90,90,120,120,120,120],"floor_reached":10,"language":"ENG","playtime":367,"items_purged":["Defend_R"],"score":104,"play_id":"dd10f7e5-bdc4-4867-a03e-b2cb311739bb","local_time":"20210119005715","is_ascension_mode":true,"campfire_choices":[{"floor":7,"key":"RECALL"}],"circlet_count":0,"master_deck":["Strike_R","Strike_R","Strike_R","Strike_R","Strike_R","Defend_R","Defend_R","Defend_R","Bash","Burning Pact","Dark Embrace","Feel No Pain","Warcry","Barricade"],"relics":["Burning Blood","NeowsBlessing","SsserpentHead","Bottled Tornado","Happy Flower","infinitespire:CheckeredPen"],"acts_visited":["Exordium"],"potions_floor_usage":[],"damage_taken":[{"damage":0.0,"enemies":"Jaw Worm","floor":1.0,"turns":1.0},{"damage":0,"enemies":"2 Louse","floor":5,"turns":1},{"damage":0,"enemies":"3 Sentries","floor":6,"turns":2},{"damage":69,"enemies":"Lagavulin","floor":8,"turns":9},{"damage":24,"enemies":"3 Sentries","floor":10,"turns":2}],"seed_played":"-3698048781695990507","potions_obtained":[{"floor":1.0,"key":"GamblersBrew"},{"floor":5,"key":"FearPotion"},{"floor":6,"key":"Swift Potion"}],"is_trial":false,"path_per_floor":["M","?","$","?","M","E","R","E","T","E"],"character_chosen":"IRONCLAD","items_purchased":["Dark Embrace"],"campfire_rested":0,"item_purchase_floors":[3],"current_hp_per_floor":[80,69,69,69,75,80,80,17,17,0,0],"gold":120,"neow_bonus":"THREE_ENEMY_KILL","is_daily":false,"chose_seed":false,"campfire_upgraded":0,"win_rate":0.0,"timestamp":1610989035,"path_taken":["M","?","$","?","M","E","R","E","T","E"],"items_purchased_type":["Card"],"build_version":"2020-12-22","purchased_purges":1,"victory":false,"max_hp_per_floor":[80,80,80,80,80,80,80,80,80,80,80],"card_choices":[{"not_picked":["Searing Blow","Flame Barrier"],"picked":"Burning Pact","floor":1.0},{"not_picked":["True Grit","Armaments"],"picked":"Feel No Pain","floor":5},{"not_picked":["Pommel Strike","Clash"],"picked":"Warcry","floor":6},{"not_picked":["Havoc","Inflame"],"picked":"Barricade","floor":8}],"player_experience":732058,"relics_obtained":[{"floor":6,"key":"Bottled Tornado"},{"floor":8,"key":"Happy Flower"},{"floor":9,"key":"infinitespire:CheckeredPen"}],"event_choices":[{"damage_healed":0.0,"max_hp_gain":0.0,"max_hp_loss":0.0,"gold_gain":75.0,"event_name":"World of Goop","player_choice":"Gather Gold","floor":2.0,"gold_loss":0.0,"damage_taken":11.0},{"damage_healed":0.0,"max_hp_gain":0.0,"max_hp_loss":0.0,"gold_gain":0.0,"event_name":"FaceTrader","player_choice":"Trade","floor":4.0,"gold_loss":0.0,"damage_taken":0.0,"relics_obtained":["SsserpentHead"]}],"is_beta":false,"boss_relics":[],"items_purged_floors":[3],"is_endless":false,"potions_floor_spawned":[1,5,6],"killed_by":"3 Sentries","ascension_level":1}}