{"host":"ecaj4hn004xnnrw9","time":1610976802,"event":{"mods":["AchievementEnabler","BaseMod","Better Third Choice","Card Forge","Hermit","Hubris","Infinite Spire","Jorbs\u0027s Wanderer Trilogy","Minty Spire (QoL Compilation)","Quick Restart","Relic Stats","Shop Mod","StSLib","The Construct","The Jungle","The Runesmith"],"gold_per_floor":[112,129,129,129,129,129,155,30,30,30,43,56,83,96,96,195,195,205,205,205,224,27,27,37,37,61,61,61,78,7,23,23,118,118,129,229,25,38,0,28,28,28,28],"floor_reached":42,"language":"ENG","playtime":1828,"items_purged":["Strike_G","Strike_G","Metamorphosis+1","Strike_G"],"score":574,"play_id":"7b2df8ca-b2fe-4eef-a8a2-ed61e52f84cf","local_time":"20210118133322","is_ascension_mode":true,"campfire_choices":[{"data":"Neutralize","floor":6,"key":"SMITH"},{"floor":15,"key":"REST"},{"data":"Venomology","floor":23,"key":"SMITH"},{"data":"Blur","floor":25,"key":"SMITH"},{"data":"infinitespire:Gouge","floor":27,"key":"SMITH"},{"data":"Footwork","floor":32,"key":"SMITH"},{"floor":41,"key":"REST"}],"circlet_count":0,"master_deck":["Strike_G+1","Strike_G+1","Defend_G","Defend_G","Defend_G","Defend_G","Defend_G","Survivor","Neutralize+1","Blur+1","Acrobatics","Dodge and Roll+1","Acrobatics+1","Escape Plan","Venomology+1","Good Instincts","infinitespire:Gouge+1","hubris:Insight","Dash+1","Expertise","Footwork+1","Malaise","Well Laid Plans","Leg Sweep+1"],"relics":["Ring of the Snake","Hammer of Thor","Seething Fire","Anvil of the Gods","Anchor","hubris:Towel","Whetstone","War Paint","Mercury Hourglass","hubris:GrandSneckoEye","Centennial Puzzle","Akabeko","hubris:Stopwatch","Red Mask","Sundial"],"acts_visited":["Exordium","TheCity","TheBeyond"],"potions_floor_usage":[13,16,16,33,35,40,40,40,40],"damage_taken":[{"damage":2,"enemies":"Cultist","floor":1,"turns":4},{"damage":9,"enemies":"2 Louse","floor":2,"turns":3},{"damage":15,"enemies":"3 Sentries","floor":7,"turns":9},{"damage":0,"enemies":"Small Slimes","floor":11,"turns":3},{"damage":2,"enemies":"3 Louse","floor":12,"turns":6},{"damage":0,"enemies":"Gremlin Nob","floor":13,"turns":3},{"damage":1,"enemies":"Blue Slaver","floor":14,"turns":3},{"damage":2,"enemies":"Slime Boss","floor":16,"turns":6},{"damage":9,"enemies":"Spheric Guardian","floor":18,"turns":4},{"damage":0,"enemies":"3 Byrds","floor":21,"turns":4},{"damage":0,"enemies":"Centurion and Healer","floor":24,"turns":8},{"damage":0,"enemies":"Snecko","floor":29,"turns":3},{"damage":0,"enemies":"3 Cultists","floor":31,"turns":3},{"damage":32,"enemies":"hubris:MusketHawk","floor":33,"turns":9},{"damage":0,"enemies":"Orb Walker","floor":35,"turns":4},{"damage":14,"enemies":"3 Darklings","floor":38,"turns":8},{"damage":35,"enemies":"Giant Head","floor":40,"turns":9},{"damage":0,"enemies":"Transient","floor":42,"turns":1}],"seed_played":"8735725895797109369","potions_obtained":[{"floor":12,"key":"FearPotion"},{"floor":13,"key":"Dexterity Potion"},{"floor":14,"key":"construct:ShiftPotion"},{"floor":21,"key":"SpeedPotion"},{"floor":35,"key":"AttackPotion"}],"is_trial":false,"path_per_floor":["M","M","?","?","?","R","E","$","T","?","M","M","E","M","R","B",null,"M","?","AVR","M","$","R","M","R","T","R","$","M","$","M","R","B",null,"M","?","$","M","?","E","R","M"],"character_chosen":"THE_SILENT","items_purchased":["Acrobatics","hubris:Insight","Footwork","Well Laid Plans"],"campfire_rested":2,"item_purchase_floors":[8,22,30,37],"current_hp_per_floor":[47,38,38,31,31,31,16,16,16,16,16,14,14,13,34,32,61,52,52,52,52,52,52,52,52,52,52,52,52,52,52,52,20,58,58,58,58,44,44,9,30,30,30],"gold":28,"neow_bonus":"RANDOM_COLORLESS_2","is_daily":false,"chose_seed":false,"campfire_upgraded":5,"win_rate":0.0,"timestamp":1610976802,"path_taken":["M","M","?","?","?","R","E","$","T","?","M","M","E","M","R","BOSS","M","?","AVR","?","$","R","M","R","T","R","?","M","$","?","R","BOSS","M","?","?","M","?","E","R","?"],"items_purchased_type":["Card","Card","Card","Card"],"build_version":"2020-12-22","purchased_purges":4,"victory":false,"max_hp_per_floor":[70,70,70,70,70,70,70,70,70,70,70,70,70,70,70,70,70,70,70,70,70,70,70,70,70,70,70,70,70,70,70,70,70,70,70,70,70,70,70,70,70,70,70],"relic_stats":{"Centennial Puzzle":[9],"counters":[18,89],"Sundial":[0],"Whetstone":["Strike_G","Strike_G"],"War Paint":["Acrobatics","Dodge and Roll"],"obtain_stats":[{"Hammer of Thor":0,"Seething Fire":0,"Whetstone":7,"hubris:Towel":5,"War Paint":9,"Akabeko":26,"Mercury Hourglass":13,"Anchor":4,"Centennial Puzzle":20,"Anvil of the Gods":0,"Sundial":40,"hubris:Stopwatch":34,"hubris:GrandSneckoEye":17,"Red Mask":39,"Ring of the Snake":0},{"Hammer of Thor":0,"Seething Fire":0,"Whetstone":3,"hubris:Towel":2,"War Paint":3,"Akabeko":11,"Mercury Hourglass":6,"Anchor":2,"Centennial Puzzle":9,"Anvil of the Gods":0,"Sundial":17,"hubris:Stopwatch":14,"hubris:GrandSneckoEye":8,"Red Mask":16,"Ring of the Snake":0},{"Hammer of Thor":0,"Seething Fire":0,"Whetstone":16,"hubris:Towel":7,"War Paint":16,"Akabeko":52,"Mercury Hourglass":28,"Anchor":7,"Centennial Puzzle":40,"Anvil of the Gods":0,"Sundial":88,"hubris:Stopwatch":67,"hubris:GrandSneckoEye":36,"Red Mask":79,"Ring of the Snake":0}],"Ring of the Snake":[36],"Mercury Hourglass":[251]},"card_choices":[{"not_picked":["Secret Weapon","Sadistic Nature"],"picked":"Metamorphosis","floor":0},{"not_picked":["Poisoned Stab","Prepared"],"picked":"Blur","floor":1},{"not_picked":["Eviscerate","Tactician"],"picked":"Acrobatics","floor":2},{"not_picked":["Endless Agony","Catalyst"],"picked":"Dodge and Roll","floor":7},{"not_picked":["Flying Knee","Sucker Punch","hubris:TrickCloak"],"picked":"SKIP","floor":11},{"not_picked":["Outmaneuver","Infinite Blades","Eviscerate"],"picked":"SKIP","floor":12},{"not_picked":["Heel Hook","Dagger Throw"],"picked":"Escape Plan","floor":13},{"not_picked":["Backstab","Sucker Punch","Dagger Spray"],"picked":"SKIP","floor":14},{"not_picked":["Storm of Steel","Grand Finale"],"picked":"Venomology","floor":16},{"not_picked":["Predator+1","Deadly Poison","Caltrops"],"picked":"SKIP","floor":18},{"not_picked":["Eviscerate+1","Dagger Spray","Infinite Blades+1"],"picked":"SKIP","floor":21},{"not_picked":["Flechettes","Cloak And Dagger"],"picked":"Dash+1","floor":24},{"not_picked":["Flying Knee","hubris:Counter"],"picked":"Expertise","floor":29},{"not_picked":["Dagger Throw","Calculated Gamble","Bane"],"picked":"SKIP","floor":31},{"not_picked":["Envenom","Phantasmal Killer"],"picked":"Malaise","floor":33},{"not_picked":["Quick Slash+1","Deflect+1","Cloak And Dagger"],"picked":"SKIP","floor":35},{"not_picked":["Underhanded Strike","Slice"],"picked":"Leg Sweep+1","floor":38},{"not_picked":["Finisher+1","Slice","Deflect+1"],"picked":"SKIP","floor":40}],"player_experience":361143,"relics_obtained":[{"floor":7,"key":"Whetstone"},{"floor":9,"key":"War Paint"},{"floor":13,"key":"Mercury Hourglass"},{"floor":26,"key":"Akabeko"},{"floor":40,"key":"Sundial"}],"event_choices":[{"damage_healed":0,"gold_gain":0,"player_choice":"Relic ","damage_taken":7,"max_hp_gain":0,"max_hp_loss":0,"event_name":"betterThird:BetterScrap","floor":4,"gold_loss":0,"cards_obtained":["Hello World"]},{"damage_healed":0,"gold_gain":0,"player_choice":"1 cards matched","damage_taken":0,"max_hp_gain":0,"max_hp_loss":0,"event_name":"Match and Keep!","floor":19,"gold_loss":0,"cards_obtained":["Good Instincts"]},{"damage_healed":0,"gold_gain":100,"player_choice":"Pray","damage_taken":0,"max_hp_gain":0,"max_hp_loss":0,"event_name":"Golden Shrine","floor":36,"gold_loss":0},{"damage_healed":0,"gold_gain":0,"player_choice":"Paid","damage_taken":0,"relics_obtained":["Red Mask"],"max_hp_gain":0,"max_hp_loss":0,"event_name":"Tomb of Lord Red Mask","floor":39,"gold_loss":38}],"is_beta":false,"boss_relics":[{"not_picked":["SacredBark","Philosopher\u0027s Stone"],"picked":"hubris:GrandSneckoEye"},{"not_picked":["Velvet Choker","Astrolabe"],"picked":"hubris:Stopwatch"}],"items_purged_floors":[8,20,22,37],"is_endless":false,"potions_floor_spawned":[7,12,13,14,21,24,31,33,35,38],"killed_by":"Transient","ascension_level":5}}