{"host":"0ueeacaatm8t6jyh","time":1610975206,"event":{"mods":["AchievementEnabler","BaseMod","Colored Powertips","Minty Spire (QoL Compilation)","Quick Restart","Rare Cards Sparkle","Shop Mod","StSLib"],"gold_per_floor":[114,39,52,70,90,90,108,108,108],"floor_reached":8,"language":"ZHS","playtime":452,"items_purged":["Strike_B"],"score":200,"play_id":"5e58910f-ced6-4c6b-86ad-bff9f7118f68","local_time":"20210118210646","daily_mods":["Draft","Chimera","Diverse","Heirloom","Elite Swarm"],"is_ascension_mode":true,"campfire_choices":[{"data":"Burning Pact","floor":6.0,"key":"SMITH"}],"circlet_count":0,"master_deck":["AscendersBane","Bash","Survivor","Zap","Eruption","Strike_R","Strike_G","Defend_R","Defend_G","Defend_P","EmptyFist","Shockwave","Burning Pact+1","Recycle","Adaptation","Chill","Prepared","Battle Trance","Tactician","Redo","Turbo","Backflip","Dodge and Roll","Pommel Strike","Conserve Battery","Steam Power"],"relics":["Burning Blood","Incense Burner"],"acts_visited":["Exordium"],"potions_floor_usage":[],"damage_taken":[{"damage":6.0,"enemies":"Cultist","floor":1.0,"turns":5.0},{"damage":3.0,"enemies":"Small Slimes","floor":3.0,"turns":4.0},{"damage":7.0,"enemies":"Jaw Worm","floor":4.0,"turns":5.0},{"damage":28.0,"enemies":"Gremlin Gang","floor":5.0,"turns":5.0},{"damage":10,"enemies":"Looter","floor":7,"turns":5},{"damage":109,"enemies":"Gremlin Nob","floor":8,"turns":4}],"seed_played":"-8204873806998560766","potions_obtained":[{"floor":5.0,"key":"Fruit Juice"}],"is_trial":true,"path_per_floor":["M","$","M","M","M","R","M","E"],"character_chosen":"IRONCLAD","items_purchased":[],"campfire_rested":0,"item_purchase_floors":[],"current_hp_per_floor":[68,68,71,70,53,53,49,0,0],"gold":108,"neow_bonus":"","is_daily":false,"chose_seed":false,"campfire_upgraded":1,"win_rate":0.0,"timestamp":1610975206,"path_taken":["M","$","?","?","M","R","M","E"],"items_purchased_type":[],"build_version":"2020-12-22","purchased_purges":1,"victory":false,"max_hp_per_floor":[75,75,75,75,80,80,80,80,80],"card_choices":[{"not_picked":["LikeWater","Deflect"],"picked":"EmptyFist","floor":0.0},{"not_picked":["Reflex","CrushJoints"],"picked":"Shockwave","floor":0.0},{"not_picked":["Slice","Havoc"],"picked":"Burning Pact","floor":0.0},{"not_picked":["Shrug It Off","Barrage"],"picked":"Recycle","floor":0.0},{"not_picked":["BowlingBash","Leap"],"picked":"Adaptation","floor":0.0},{"not_picked":["Heavy Blade","Anger"],"picked":"Chill","floor":0.0},{"not_picked":["Darkness","Bane"],"picked":"Prepared","floor":0.0},{"not_picked":["Consecrate","Barrage"],"picked":"Battle Trance","floor":0.0},{"not_picked":["Gash","Sword Boomerang"],"picked":"Tactician","floor":0.0},{"not_picked":["Cloak And Dagger","Dodge and Roll"],"picked":"Redo","floor":0.0},{"not_picked":["Sword Boomerang","Acrobatics"],"picked":"Turbo","floor":0.0},{"not_picked":["Streamline","Doom and Gloom"],"picked":"Backflip","floor":0.0},{"not_picked":["Flying Knee","Finisher"],"picked":"Dodge and Roll","floor":0.0},{"not_picked":["Melter","Flame Barrier"],"picked":"Pommel Strike","floor":0.0},{"not_picked":["Deadly Poison","Distraction"],"picked":"Conserve Battery","floor":0.0},{"not_picked":["Conserve Battery","Flechettes","Blade Dance"],"picked":"SKIP","floor":1.0},{"not_picked":["Underhanded Strike","Compile Driver","Dodge and Roll"],"picked":"SKIP","floor":3.0},{"not_picked":["Flying Knee","Rebound","Prepared"],"picked":"SKIP","floor":4.0},{"not_picked":["Body Slam","Barrage"],"picked":"Steam Power","floor":5.0},{"not_picked":["Leap","Acrobatics","Streamline"],"picked":"SKIP","floor":7}],"player_experience":393490,"relics_obtained":[],"event_choices":[],"is_beta":false,"boss_relics":[],"items_purged_floors":[2],"is_endless":true,"potions_floor_spawned":[5],"killed_by":"Gremlin Nob","ascension_level":20}}