{"host":"bxd97rc2ofc6op20","time":1610950372,"event":{"mods":["BaseMod","Googly Eyes","Minty Spire (QoL Compilation)"],"gold_per_floor":[115,125,136,147,157,188,18,18,18,35,64,64,98,23,23,125,125,140,160,160,175,175,175,202,202,278,291,311,337,350,23,23,121,121,139,155,173,193,211,240,240,274,274,302,344,344,380,72,72,72,72,72,27,71,71,71],"floor_reached":55,"language":"ENG","playtime":8085,"items_purged":["Injury","Auto Shields+1"],"score":919,"play_id":"0b8444d3-b0e7-4854-949e-864e4f3bf51b","local_time":"20210117221252","is_ascension_mode":true,"campfire_choices":[{"data":"Dualcast","floor":8.0,"key":"SMITH"},{"floor":15.0,"key":"REST"},{"data":"Doom and Gloom","floor":23.0,"key":"SMITH"},{"data":"Undo","floor":25.0,"key":"SMITH"},{"data":"Steam Power","floor":32.0,"key":"SMITH"},{"data":"Creative AI","floor":41,"key":"SMITH"},{"floor":49,"key":"RECALL"},{"data":"Hologram","floor":52,"key":"SMITH"}],"circlet_count":0,"master_deck":["Defend_B","Defend_B","Defend_B","Defend_B","Zap","Dualcast+1","Rainbow","Conserve Battery","Sweeping Beam","Compile Driver","Barrage","Doom and Gloom+1","Undo+1","Redo","FTL","Go for the Eyes","Compile Driver","Steam Power+1","Creative AI+1","Stack+1","Turbo","Auto Shields+1","Amplify","BootSequence+1","Streamline","Core Surge","Conserve Battery+1","White Noise+1","Storm+1","Beam Cell+1","Loop+1","Self Repair","Hologram+1","Recycle+1","Capacitor","Fission","Defragment","Reinforced Body"],"relics":["Cracked Core","Eternal Feather","Toolbox","Matryoshka","InkBottle","Mummified Hand","SlaversCollar","Nunchaku","Happy Flower","The Courier","Potion Belt","White Beast Statue","MealTicket","Astrolabe","Omamori","CeramicFish","Blue Candle","Cables","Prayer Wheel","Anchor"],"acts_visited":["Exordium","TheCity","TheBeyond","TheEnding"],"potions_floor_usage":[44,45,45,45,47,50,50,50,55,55],"damage_taken":[{"damage":0.0,"enemies":"2 Louse","floor":1.0,"turns":3.0},{"damage":0.0,"enemies":"Cultist","floor":2.0,"turns":3.0},{"damage":0.0,"enemies":"Small Slimes","floor":3.0,"turns":2.0},{"damage":0.0,"enemies":"Blue Slaver","floor":4.0,"turns":4.0},{"damage":5.0,"enemies":"Looter","floor":5.0,"turns":4.0},{"damage":33.0,"enemies":"Lagavulin","floor":6.0,"turns":7.0},{"damage":0.0,"enemies":"Exordium Wildlife","floor":10.0,"turns":2.0},{"damage":28.0,"enemies":"Gremlin Nob","floor":11.0,"turns":4.0},{"damage":14.0,"enemies":"3 Sentries","floor":13.0,"turns":4.0},{"damage":4.0,"enemies":"The Guardian","floor":16.0,"turns":13.0},{"damage":17.0,"enemies":"3 Byrds","floor":18.0,"turns":5.0},{"damage":5.0,"enemies":"Chosen","floor":19.0,"turns":4.0},{"damage":8.0,"enemies":"3 Cultists","floor":21.0,"turns":3.0},{"damage":30.0,"enemies":"Book of Stabbing","floor":24.0,"turns":7.0},{"damage":0.0,"enemies":"Centurion and Healer","floor":27.0,"turns":6.0},{"damage":0.0,"enemies":"Snake Plant","floor":28.0,"turns":4.0},{"damage":6.0,"enemies":"Gremlin Leader","floor":29.0,"turns":7.0},{"damage":0.0,"enemies":"Sentry and Sphere","floor":30.0,"turns":3.0},{"damage":36.0,"enemies":"Collector","floor":33.0,"turns":8.0},{"damage":0.0,"enemies":"3 Shapes","floor":35.0,"turns":6.0},{"damage":0.0,"enemies":"Orb Walker","floor":36.0,"turns":5.0},{"damage":0.0,"enemies":"Maw","floor":37.0,"turns":10.0},{"damage":0.0,"enemies":"4 Shapes","floor":38.0,"turns":4.0},{"damage":0.0,"enemies":"Spire Growth","floor":39.0,"turns":5.0},{"damage":0,"enemies":"Nemesis","floor":40,"turns":5},{"damage":12,"enemies":"Giant Head","floor":42,"turns":6},{"damage":10,"enemies":"3 Darklings","floor":44,"turns":5},{"damage":0,"enemies":"Reptomancer","floor":45,"turns":4},{"damage":24,"enemies":"Nemesis","floor":47,"turns":7},{"damage":50,"enemies":"Time Eater","floor":50,"turns":10},{"damage":23,"enemies":"Shield and Spear","floor":54,"turns":6},{"damage":60,"enemies":"The Heart","floor":55,"turns":3}],"seed_played":"-3543555369571867522","potions_obtained":[{"floor":2.0,"key":"FearPotion"},{"floor":5.0,"key":"Swift Potion"},{"floor":6.0,"key":"Energy Potion"},{"floor":13.0,"key":"Dexterity Potion"},{"floor":16.0,"key":"SmokeBomb"},{"floor":18.0,"key":"AttackPotion"},{"floor":21.0,"key":"EssenceOfSteel"},{"floor":29.0,"key":"Energy Potion"},{"floor":33.0,"key":"LiquidBronze"},{"floor":35.0,"key":"Block Potion"},{"floor":36.0,"key":"PowerPotion"},{"floor":37.0,"key":"BlessingOfTheForge"},{"floor":38.0,"key":"PowerPotion"},{"floor":39.0,"key":"FocusPotion"},{"floor":40,"key":"BlessingOfTheForge"},{"floor":42,"key":"DistilledChaos"},{"floor":44,"key":"Swift Potion"},{"floor":45,"key":"Strength Potion"},{"floor":47,"key":"Dexterity Potion"},{"floor":54,"key":"Ancient Potion"}],"is_trial":false,"path_per_floor":["M","M","M","M","M","E","$","R","T","M","E","?","E","$","R","B",null,"M","M","?","M","?","R","E","R","T","M","M","E","M","$","R","B",null,"M","M","M","M","M","E","R","E","T","M","E","?","E","$","R","B",null,"R","$","E","B"],"character_chosen":"DEFECT","items_purchased":["Toolbox","Redo","White Beast Statue","MealTicket","Fission","EssenceOfDarkness","Block Potion","Defragment"],"campfire_rested":1,"item_purchase_floors":[7,7,31,31,48,48,48,53],"current_hp_per_floor":[75,75,75,75,70,37,37,46,46,46,18,18,4,4,38,34,75,58,53,53,45,45,60,30,45,45,45,45,39,39,39,54,18,75,75,75,75,75,75,75,75,73,73,63,75,75,65,75,75,32,75,75,75,59,0,0],"gold":71,"neow_bonus":"THREE_RARE_CARDS","is_daily":false,"chose_seed":false,"campfire_upgraded":6,"win_rate":0.0,"timestamp":1610950372,"path_taken":["M","M","M","M","M","E","$","R","T","M","E","?","E","$","R","BOSS","M","?","?","M","?","R","E","R","T","M","M","E","M","$","R","BOSS","M","M","M","M","M","E","R","E","T","M","E","?","E","$","R","BOSS","R","$","E","BOSS"],"items_purchased_type":["Relic","Card","Relic","Relic","Card","Potion","Potion","Card"],"build_version":"2020-12-22","purchased_purges":2,"victory":false,"max_hp_per_floor":[75,75,75,75,75,75,75,75,75,75,75,75,75,75,75,75,75,75,75,75,75,75,75,75,75,75,75,75,75,75,75,75,75,75,75,75,75,75,75,75,75,75,75,75,75,75,75,75,75,75,75,75,75,75,75,75],"card_choices":[{"not_picked":["Hyperbeam","All For One"],"picked":"Rainbow","floor":0.0},{"not_picked":["Go for the Eyes","Steam"],"picked":"Conserve Battery","floor":1.0},{"not_picked":["Recycle","Melter"],"picked":"Sweeping Beam","floor":2.0},{"not_picked":["Coolheaded","Recycle"],"picked":"Compile Driver","floor":3.0},{"not_picked":["Redo","Steam"],"picked":"Barrage","floor":4.0},{"not_picked":["Capacitor","Heatsinks"],"picked":"Doom and Gloom","floor":5.0},{"not_picked":["Force Field","Recycle"],"picked":"Undo","floor":6.0},{"not_picked":["Biased Cognition","Reinforced Body"],"picked":"FTL","floor":10.0},{"not_picked":["Barrage","Hologram"],"picked":"Go for the Eyes","floor":11.0},{"not_picked":["Sweeping Beam","Melter"],"picked":"Steam Power","floor":13.0},{"not_picked":["Biased Cognition","Multi-Cast"],"picked":"Creative AI","floor":16.0},{"not_picked":["Rebound","Turbo"],"picked":"Stack+1","floor":18.0},{"not_picked":["Barrage","Conserve Battery+1","Turbo"],"picked":"SKIP","floor":19.0},{"not_picked":["Barrage","Conserve Battery+1"],"picked":"Turbo","floor":19.0},{"not_picked":["BootSequence","Capacitor"],"picked":"Auto Shields+1","floor":21.0},{"not_picked":["Self Repair","Steam Power"],"picked":"Amplify","floor":24.0},{"not_picked":["Stack","Tempest","Compile Driver"],"picked":"SKIP","floor":27.0},{"not_picked":["Cold Snap","Gash+1"],"picked":"BootSequence+1","floor":28.0},{"not_picked":["Scrape+1","FTL"],"picked":"Streamline","floor":29.0},{"not_picked":["Turbo","Stack","Barrage"],"picked":"SKIP","floor":30.0},{"not_picked":["Turbo","Stack","Barrage"],"picked":"SKIP","floor":30.0},{"not_picked":["Fission","Machine Learning"],"picked":"Core Surge","floor":33.0},{"not_picked":["Barrage","Go for the Eyes+1","Compile Driver"],"picked":"SKIP","floor":35.0},{"not_picked":["Barrage","Leap+1","Beam Cell"],"picked":"SKIP","floor":36.0},{"not_picked":["Beam Cell","Heatsinks"],"picked":"Storm+1","floor":37.0},{"not_picked":["Loop","Steam"],"picked":"Beam Cell+1","floor":38.0},{"not_picked":["Streamline+1","Sweeping Beam"],"picked":"Loop+1","floor":39.0},{"not_picked":["Chaos+1","Genetic Algorithm+1"],"picked":"Self Repair","floor":40},{"not_picked":["Coolheaded","Hyperbeam","Cold Snap"],"picked":"SKIP","floor":42},{"not_picked":["Conserve Battery+1","Rebound+1"],"picked":"Hologram","floor":44},{"not_picked":["Conserve Battery+1","Lockon"],"picked":"Recycle+1","floor":45},{"not_picked":["Genetic Algorithm+1","Blizzard"],"picked":"Capacitor","floor":47},{"not_picked":["Redo+1","Lockon+1"],"picked":"Reinforced Body","floor":54}],"player_experience":297098,"relics_obtained":[{"floor":6.0,"key":"Eternal Feather"},{"floor":9.0,"key":"Matryoshka"},{"floor":11.0,"key":"InkBottle"},{"floor":13.0,"key":"Mummified Hand"},{"floor":24.0,"key":"Nunchaku"},{"floor":26.0,"key":"Happy Flower"},{"floor":26.0,"key":"The Courier"},{"floor":29.0,"key":"Potion Belt"},{"floor":40,"key":"Omamori"},{"floor":42,"key":"CeramicFish"},{"floor":43,"key":"Blue Candle"},{"floor":45,"key":"Cables"},{"floor":47,"key":"Prayer Wheel"},{"floor":54,"key":"Anchor"}],"event_choices":[{"damage_healed":0.0,"max_hp_gain":0.0,"max_hp_loss":0.0,"gold_gain":0.0,"cards_transformed":["Strike_B"],"event_name":"Transmorgrifier","player_choice":"Transformed","floor":12.0,"gold_loss":0.0,"damage_taken":0.0,"cards_obtained":["Compile Driver"]},{"damage_healed":0.0,"max_hp_gain":0.0,"max_hp_loss":0.0,"gold_gain":0.0,"event_name":"Vampires","player_choice":"Ignored","floor":20.0,"gold_loss":0.0,"damage_taken":0.0},{"damage_healed":0.0,"max_hp_gain":0.0,"max_hp_loss":0.0,"gold_gain":0.0,"event_name":"Ghosts","player_choice":"Ignored","floor":22.0,"gold_loss":0.0,"damage_taken":0.0},{"damage_healed":0,"gold_gain":0,"player_choice":"0 cards matched","damage_taken":0,"max_hp_gain":0,"max_hp_loss":0,"event_name":"Match and Keep!","floor":46,"gold_loss":0,"cards_obtained":[]}],"is_beta":false,"boss_relics":[{"not_picked":["Empty Cage","Pandora\u0027s Box"],"picked":"SlaversCollar"},{"not_picked":["Busted Crown","Nuclear Battery"],"picked":"Astrolabe"}],"items_purged_floors":[14,48],"is_endless":false,"potions_floor_spawned":[2,5,6,13,16,18,21,29,33,35,36,37,38,39,40,42,44,45,47,54],"killed_by":"The Heart","ascension_level":1}}