{"host":"baymyijz6sxaqj5s","time":1610993418,"event":{"mods":["AchievementEnabler","BaseMod","Colored Map","Colored Powertips","DeckTracker","Highlight Path","KOR Keyword Fix","Keyboard Shortcuts","Minty Spire (QoL Compilation)","StSLib","SuperFastMode","everything is the same but u backflip on backflip"],"gold_per_floor":[113,132,144,159,3,3,14,14,14,14,14,32,32,51,51,151,151,165,184,184,184],"floor_reached":20,"language":"KOR","playtime":502,"items_purged":[],"score":185,"play_id":"ef610ff1-26f7-4e4a-b26f-8c44b9a61f59","local_time":"20210119031018","is_ascension_mode":true,"campfire_choices":[{"data":"Whirlwind","floor":8,"key":"SMITH"},{"data":"Thunderclap","floor":13,"key":"SMITH"},{"floor":15,"key":"REST"}],"circlet_count":0,"master_deck":["Strike_R","Strike_R","Strike_R","Strike_R","Strike_R","Defend_R","Defend_R","Defend_R","Defend_R","Bash","Thunderclap+1","Whirlwind+1","Sword Boomerang+1","Double Tap","Heavy Blade+1","Seeing Red"],"relics":["Burning Blood","Nunchaku","Meat on the Bone","Runic Pyramid"],"acts_visited":["Exordium","TheCity"],"potions_floor_usage":[16,16,19,20],"damage_taken":[{"damage":5,"enemies":"Cultist","floor":1,"turns":5},{"damage":11,"enemies":"Jaw Worm","floor":2,"turns":6},{"damage":3,"enemies":"Small Slimes","floor":3,"turns":4},{"damage":30,"enemies":"Gremlin Gang","floor":4,"turns":5},{"damage":12,"enemies":"Large Slime","floor":7,"turns":6},{"damage":15,"enemies":"Exordium Wildlife","floor":12,"turns":4},{"damage":4,"enemies":"3 Louse","floor":14,"turns":3},{"damage":45,"enemies":"Hexaghost","floor":16,"turns":8},{"damage":30,"enemies":"Chosen","floor":18,"turns":5},{"damage":57,"enemies":"Shell Parasite","floor":19,"turns":10},{"damage":36,"enemies":"Snake Plant","floor":20,"turns":5}],"seed_played":"-2228180582789151528","potions_obtained":[{"floor":2,"key":"ElixirPotion"},{"floor":12,"key":"SkillPotion"},{"floor":14,"key":"CultistPotion"},{"floor":16,"key":"BlessingOfTheForge"},{"floor":18,"key":"Swift Potion"}],"is_trial":false,"path_per_floor":["M","M","M","M","$","?","M","R","T","$","?","M","R","M","R","B",null,"M","M","M"],"character_chosen":"IRONCLAD","items_purchased":["Nunchaku"],"campfire_rested":1,"item_purchase_floors":[5],"current_hp_per_floor":[88,83,86,62,62,67,61,61,61,61,61,64,64,66,93,54,93,69,30,0,0],"gold":184,"neow_bonus":"TEN_PERCENT_HP_BONUS","is_daily":false,"chose_seed":false,"campfire_upgraded":2,"win_rate":0.0,"timestamp":1610993418,"path_taken":["M","?","M","?","$","?","M","R","T","$","?","M","R","?","R","BOSS","M","?","M"],"items_purchased_type":["Relic"],"build_version":"2020-12-22","purchased_purges":0,"victory":false,"max_hp_per_floor":[88,88,88,88,88,93,93,93,93,93,93,93,93,93,93,93,93,93,93,93,93],"card_choices":[{"not_picked":["Headbutt","Clothesline","True Grit"],"picked":"SKIP","floor":1},{"not_picked":["Perfected Strike","Anger"],"picked":"Thunderclap","floor":2},{"not_picked":["Seeing Red","Twin Strike"],"picked":"Whirlwind","floor":3},{"not_picked":["Intimidate","Cleave","Clothesline"],"picked":"SKIP","floor":4},{"not_picked":["Shockwave","Warcry"],"picked":"Sword Boomerang","floor":7},{"not_picked":["Flex","True Grit","Clash"],"picked":"SKIP","floor":12},{"not_picked":["Havoc","Bludgeon","Anger"],"picked":"SKIP","floor":14},{"not_picked":["Exhume","Juggernaut"],"picked":"Double Tap","floor":16},{"not_picked":["Clash","Armaments"],"picked":"Heavy Blade+1","floor":18},{"not_picked":["Searing Blow","Thunderclap"],"picked":"Seeing Red","floor":19}],"player_experience":57277,"relics_obtained":[{"floor":9,"key":"Meat on the Bone"}],"event_choices":[{"damage_healed":0,"gold_gain":0,"player_choice":"Donut","damage_taken":0,"max_hp_gain":5,"max_hp_loss":0,"event_name":"Big Fish","floor":6,"gold_loss":0},{"damage_healed":0,"gold_gain":0,"player_choice":"Forge","damage_taken":0,"max_hp_gain":0,"max_hp_loss":0,"event_name":"Accursed Blacksmith","floor":11,"gold_loss":0,"cards_upgraded":["Sword Boomerang"]}],"is_beta":false,"boss_relics":[{"not_picked":["Tiny House","Mark of Pain"],"picked":"Runic Pyramid"}],"items_purged_floors":[],"is_endless":false,"potions_floor_spawned":[2,12,14,16,18],"killed_by":"Snake Plant","ascension_level":2}}