{"host":"chv1qanoipyt46jc","time":1610948210,"event":{"mods":["2.2 Compatiblity","AchievementEnabler","BaseMod","BetterRewards","CapriCore","Card Filter","Evolution","Gold Saver","Grow up Mod","Kratos Character Expansion","Minty Spire (QoL Compilation)","Rare Cards Sparkle","Relic Filter","Remove Card Discount Mod","Reorder Act Four","StSLib"],"gold_per_floor":[934,946,946,961,979,979,1002,1032,1111,1124,1143,1162,1177,1206,1206,1301,1301,1317,1333,1347,1367,1383,1414,1414,1430,1430,1430,1450,1479,1499,1499,1499,1601,1601,1612,1612,1624,1634,1654,1654,1689,1702,1726,1752,1768,1802,1802,1821,1821,1821,1821,1821,1821,1864,1864],"floor_reached":56,"language":"ENG","playtime":975,"items_purged":["KratosMod:Defend_K","KratosMod:Defend_K","KratosMod:Defend_K","KratosMod:Defend_K","KratosMod:cyclone","KratosMod:BladeWhip","KratosMod:BladeWhip","KratosMod:BladeWhip","KratosMod:BladeWhip","KratosMod:BladeWhip","KratosMod:BladeWhip","KratosMod:BladeWhip","KratosMod:BladeWhip"],"score":2026,"play_id":"7bf20730-aa2e-426a-b196-b9168fdcd7f7","local_time":"20210117233650","is_ascension_mode":false,"campfire_choices":[{"floor":6,"key":"RECALL"},{"floor":15,"key":"REST"},{"floor":27,"key":"REST"},{"floor":32,"key":"REST"},{"floor":40,"key":"REST"},{"floor":49,"key":"REST"},{"floor":53,"key":"REST"}],"circlet_count":0,"master_deck":["KratosMod:AthenaBane","KratosMod:BladeWhip+1","KratosMod:Revenge+1","KratosMod:ShieldBash+1"],"relics":["KratosMod:eagle","EVO:Axolotl","Torii","Medical Kit","Gremlin Horn","KratosMod:minohorn","Molten Egg 2","Boot","Membership Card","Unceasing Top","Toxic Egg 2","Singing Bowl","Potion Belt","Blood Vial","Ginger","Letter Opener","CeramicFish","Calipers","Strawberry","Matryoshka","Black Star","Darkstone Periapt","Du-Vu Doll","Bronze Scales","Vajra","Juzu Bracelet","Eternal Feather","Whetstone","Orichalcum","Ornamental Fan","Bag of Preparation"],"acts_visited":["Exordium","TheCity","TheBeyond","TheEnding"],"potions_floor_usage":[],"damage_taken":[{"damage":0,"enemies":"Jaw Worm","floor":1,"turns":1},{"damage":0,"enemies":"Cultist","floor":2,"turns":1},{"damage":0,"enemies":"Small Slimes","floor":4,"turns":1},{"damage":0,"enemies":"Blue Slaver","floor":5,"turns":1},{"damage":0,"enemies":"Gremlin Nob","floor":8,"turns":1},{"damage":0,"enemies":"Gremlin Gang","floor":10,"turns":1},{"damage":0,"enemies":"3 Louse","floor":11,"turns":1},{"damage":0,"enemies":"2 Fungi Beasts","floor":12,"turns":1},{"damage":0,"enemies":"Blue Slaver","floor":13,"turns":1},{"damage":0,"enemies":"3 Sentries","floor":14,"turns":1},{"damage":0,"enemies":"Slime Boss","floor":16,"turns":1},{"damage":0,"enemies":"Chosen","floor":18,"turns":1},{"damage":0,"enemies":"Shell Parasite","floor":19,"turns":1},{"damage":0,"enemies":"3 Cultists","floor":20,"turns":1},{"damage":0,"enemies":"Snake Plant","floor":21,"turns":1},{"damage":0,"enemies":"Shelled Parasite and Fungi","floor":22,"turns":1},{"damage":0,"enemies":"Slavers","floor":23,"turns":1},{"damage":0,"enemies":"Centurion and Healer","floor":25,"turns":1},{"damage":0,"enemies":"Snecko","floor":28,"turns":1},{"damage":0,"enemies":"Gremlin Leader","floor":29,"turns":1},{"damage":0,"enemies":"Chosen and Byrds","floor":30,"turns":1},{"damage":0,"enemies":"Champ","floor":33,"turns":1},{"damage":0,"enemies":"3 Darklings","floor":35,"turns":1},{"damage":3,"enemies":"3 Shapes","floor":37,"turns":1},{"damage":3,"enemies":"Sphere and 2 Shapes","floor":38,"turns":1},{"damage":0,"enemies":"Writhing Mass","floor":39,"turns":1},{"damage":0,"enemies":"Giant Head","floor":41,"turns":1},{"damage":0,"enemies":"Spire Growth","floor":42,"turns":1},{"damage":0,"enemies":"Reptomancer","floor":44,"turns":1},{"damage":3,"enemies":"4 Shapes","floor":45,"turns":1},{"damage":0,"enemies":"Giant Head","floor":46,"turns":1},{"damage":0,"enemies":"Maw","floor":48,"turns":2},{"damage":14,"enemies":"Awakened One","floor":50,"turns":3},{"damage":14,"enemies":"Shield and Spear","floor":54,"turns":2},{"damage":64,"enemies":"The Heart","floor":55,"turns":3}],"seed_played":"6358445151994137305","potions_obtained":[{"floor":10,"key":"Explosive Potion"},{"floor":11,"key":"EssenceOfSteel"},{"floor":14,"key":"PowerPotion"},{"floor":16,"key":"Regen Potion"},{"floor":18,"key":"EssenceOfSteel"},{"floor":28,"key":"Explosive Potion"},{"floor":29,"key":"PowerPotion"},{"floor":35,"key":"Ancient Potion"},{"floor":38,"key":"DuplicationPotion"}],"is_trial":false,"path_per_floor":["M","M","?","M","M","R","T","E","T","M","M","M","M","E","R","B",null,"M","M","M","M","M","E","?","M","T","R","M","E","M","$","R","B",null,"M","?","M","M","M","R","E","M","T","E","M","E","?","M","R","B",null,"$","R","E","B",null],"character_chosen":"KRATOS","items_purchased":["Torii","Medical Kit","KratosMod:BladeWhip","KratosMod:BladeWhip","Gremlin Horn","KratosMod:BladeWhip","KratosMod:BladeWhip","KratosMod:minohorn","Molten Egg 2","KratosMod:BladeWhip+1","KratosMod:BladeWhip+1","Boot","Membership Card","Unceasing Top","Toxic Egg 2","Singing Bowl","Potion Belt","KratosMod:Revenge+1","Blood Vial"],"campfire_rested":6,"item_purchase_floors":[0,0,0,0,0,0,0,0,0,0,0,0,0,0,0,0,0,0,0],"current_hp_per_floor":[48,62,72,86,98,108,118,132,142,156,170,184,198,212,238,250,260,272,284,296,308,320,332,342,354,371,381,393,405,417,427,437,449,459,471,481,490,501,515,527,539,551,561,573,582,596,606,619,629,625,649,659,669,665,613],"gold":1864,"neow_bonus":"","is_daily":false,"chose_seed":false,"campfire_upgraded":0,"win_rate":0.0,"timestamp":1610948210,"path_taken":["M","M","?","?","M","R","?","E","T","M","M","M","?","E","R","BOSS","M","M","M","M","M","E","?","M","T","R","M","E","M","$","R","BOSS","M","?","M","?","M","R","E","M","T","E","M","E","?","M","R","BOSS","$","R","E","BOSS"],"items_purchased_type":["Relic","Relic","Card","Card","Relic","Card","Card","Relic","Relic","Card","Card","Relic","Relic","Relic","Relic","Relic","Relic","Card","Relic"],"build_version":"2020-12-22","purchased_purges":13,"victory":true,"max_hp_per_floor":[82,94,104,116,126,136,146,158,168,180,192,204,216,228,238,250,260,272,284,296,308,320,332,342,354,371,381,393,405,417,427,437,449,459,471,481,493,505,517,527,539,551,561,573,585,597,607,619,629,639,649,659,669,679,689],"card_choices":[{"not_picked":["KratosMod:Roll+1","KratosMod:clawsofhades+1","KratosMod:Tempor+1"],"picked":"Singing Bowl","floor":1},{"not_picked":["KratosMod:Roll+1","KratosMod:ShieldBash+1","KratosMod:Tempor+1"],"picked":"Singing Bowl","floor":2},{"not_picked":["KratosMod:clawsofhades+1","KratosMod:settle+1","KratosMod:SmashStone+1"],"picked":"Singing Bowl","floor":4},{"not_picked":["KratosMod:Roll+1","KratosMod:conjuresoul","KratosMod:Tempor+1"],"picked":"SKIP","floor":5},{"not_picked":["KratosMod:conjuresoul","KratosMod:Endure+1","KratosMod:ShieldBash+1"],"picked":"Singing Bowl","floor":8},{"not_picked":["KratosMod:settle+1","KratosMod:conjuresoul","KratosMod:ShieldBash+1"],"picked":"Singing Bowl","floor":10},{"not_picked":["KratosMod:ShieldBash+1","KratosMod:Roll+1","KratosMod:settle+1"],"picked":"Singing Bowl","floor":11},{"not_picked":["KratosMod:ShieldBash+1","KratosMod:BladeWhip+1","KratosMod:SmashStone+1"],"picked":"Singing Bowl","floor":12},{"not_picked":["KratosMod:Tempor+1","KratosMod:tartarusrage+1","KratosMod:SmashStone+1"],"picked":"Singing Bowl","floor":13},{"not_picked":["KratosMod:rattle","KratosMod:ShieldBash+1","KratosMod:Roll+1"],"picked":"Singing Bowl","floor":14},{"not_picked":["KratosMod:styx+1","KratosMod:tartarusrage+1","KratosMod:kBerserk"],"picked":"Singing Bowl","floor":16},{"not_picked":["KratosMod:Tempor+1","KratosMod:ShieldBash+1","KratosMod:clawsofhades+1"],"picked":"Singing Bowl","floor":18},{"not_picked":["KratosMod:rattle+1","KratosMod:ShieldBash+1","KratosMod:Roll+1"],"picked":"Singing Bowl","floor":19},{"not_picked":["KratosMod:ShieldBash+1","KratosMod:Tempor+1","KratosMod:Roll+1"],"picked":"Singing Bowl","floor":20},{"not_picked":["KratosMod:settle+1","KratosMod:ShieldBash+1","KratosMod:conjuresoul"],"picked":"Singing Bowl","floor":21},{"not_picked":["KratosMod:Roll+1","KratosMod:clawsofhades+1","KratosMod:Endure+1"],"picked":"Singing Bowl","floor":22},{"not_picked":["KratosMod:tartarusrage+1","KratosMod:rattle","KratosMod:SmashStone+1"],"picked":"Singing Bowl","floor":23},{"not_picked":["KratosMod:Roll+1","KratosMod:BladeWhip+1","KratosMod:Tempor+1"],"picked":"Singing Bowl","floor":25},{"not_picked":["KratosMod:clawsofhades+1","KratosMod:Roll+1","KratosMod:BladeWhip+1"],"picked":"Singing Bowl","floor":28},{"not_picked":["KratosMod:rattle+1","KratosMod:BladeWhip+1","KratosMod:ShieldBash+1"],"picked":"Singing Bowl","floor":29},{"not_picked":["KratosMod:ablockalypse+1","KratosMod:BladeWhip+1","KratosMod:ShieldBash+1"],"picked":"Singing Bowl","floor":30},{"not_picked":["KratosMod:Revenge+1","KratosMod:kBerserk","KratosMod:styx+1"],"picked":"Singing Bowl","floor":33},{"not_picked":["KratosMod:ShieldBash+1","KratosMod:Roll+1","KratosMod:Endure+1"],"picked":"Singing Bowl","floor":35},{"not_picked":["KratosMod:clawsofhades+1","KratosMod:Roll+1","KratosMod:conjuresoul+1"],"picked":"Singing Bowl","floor":37},{"not_picked":["KratosMod:rattle","KratosMod:conjuresoul","KratosMod:Endure+1"],"picked":"Singing Bowl","floor":38},{"not_picked":["KratosMod:Roll+1","KratosMod:rattle+1","KratosMod:conjuresoul+1"],"picked":"Singing Bowl","floor":39},{"not_picked":["KratosMod:SmashStone+1","KratosMod:Endure+1","KratosMod:Roll+1"],"picked":"Singing Bowl","floor":41},{"not_picked":["KratosMod:settle+1","KratosMod:SmashStone+1","KratosMod:Tempor+1"],"picked":"Singing Bowl","floor":42},{"not_picked":["KratosMod:Endure+1","KratosMod:Roll+1","KratosMod:SmashStone+1"],"picked":"Singing Bowl","floor":44},{"not_picked":["KratosMod:Endure+1","KratosMod:SmashStone+1","KratosMod:clawsofhades+1"],"picked":"Singing Bowl","floor":45},{"not_picked":["KratosMod:conjuresoul","KratosMod:SmashStone+1","KratosMod:rattle"],"picked":"Singing Bowl","floor":46},{"not_picked":["KratosMod:Roll+1","KratosMod:Endure+1","KratosMod:ShieldBash+1"],"picked":"Singing Bowl","floor":48},{"not_picked":["KratosMod:settle+1","KratosMod:kBerserk"],"picked":"KratosMod:ShieldBash+1","floor":54}],"player_experience":346402,"relics_obtained":[{"floor":8,"key":"Ginger"},{"floor":9,"key":"Letter Opener"},{"floor":14,"key":"CeramicFish"},{"floor":23,"key":"Calipers"},{"floor":26,"key":"Strawberry"},{"floor":29,"key":"Matryoshka"},{"floor":41,"key":"Darkstone Periapt"},{"floor":41,"key":"Du-Vu Doll"},{"floor":43,"key":"Bronze Scales"},{"floor":43,"key":"Vajra"},{"floor":44,"key":"Juzu Bracelet"},{"floor":44,"key":"Eternal Feather"},{"floor":46,"key":"Whetstone"},{"floor":46,"key":"Orichalcum"},{"floor":54,"key":"Ornamental Fan"},{"floor":54,"key":"Bag of Preparation"}],"event_choices":[{"damage_healed":0,"gold_gain":0,"player_choice":"Bought 0 Potions","damage_taken":0,"max_hp_gain":0,"max_hp_loss":0,"event_name":"The Woman in Blue","floor":3,"gold_loss":0},{"damage_healed":0,"gold_gain":0,"player_choice":"Ignored","damage_taken":0,"max_hp_gain":0,"max_hp_loss":0,"event_name":"Ghosts","floor":24,"gold_loss":0},{"damage_healed":0,"gold_gain":0,"player_choice":"0 cards matched","damage_taken":0,"max_hp_gain":0,"max_hp_loss":0,"event_name":"Match and Keep!","floor":36,"gold_loss":0,"cards_obtained":[]},{"cards_removed":["KratosMod:BladeWhip"],"damage_healed":0,"gold_gain":0,"player_choice":"Removed Attack","damage_taken":0,"max_hp_gain":0,"max_hp_loss":0,"event_name":"Falling","floor":47,"gold_loss":0}],"is_beta":false,"boss_relics":[{"not_picked":["Astrolabe","Empty Cage","Calling Bell"]},{"not_picked":["Runic Pyramid","Sozu"],"picked":"Black Star"}],"items_purged_floors":[0,0,0,0,0,0,0,0,0,0,0,0,0],"is_endless":false,"potions_floor_spawned":[5,10,11,14,16,18,23,25,28,29,35,38,39,45,46,48],"ascension_level":0}}