{"host":"u9h06qdlnp3wgzsw","time":1610951588,"event":{"mods":["BaseMod","Downfall","Hermit","Minty Spire (QoL Compilation)","Rare Cards Sparkle","Shop Mod","StSLib","The Hierophant","The Servant 0.9.4"],"gold_per_floor":[99,117,127,127,127,37,64,78,136,311,211,211,17,44,62,161,161,61,61,78,91,76,76,76,102,102,302,202,21,21,34,49,149,199,199,212,62,76,91,106,106,137,149,160,215,215,215,230,240,240,240],"floor_reached":50,"language":"ENG","playtime":4038,"items_purged":["downfall:Malfunctioning","Doubt","downfall:Haunted","downfall:Bewildered"],"score":622,"play_id":"bf16b1f5-a498-48d8-8e41-74a016f0f89e","local_time":"20210118013308","is_ascension_mode":false,"campfire_choices":[{"floor":1,"key":"RECALL"},{"floor":11,"key":"REST"},{"data":"MurderousAura","floor":18,"key":"SMITH"},{"data":"BestPractice","floor":23,"key":"SMITH"},{"data":"ReturningBlade+1","floor":28,"key":"SMITH"},{"floor":30,"key":"REST"},{"data":"MurderousAura","floor":35,"key":"SMITH"}],"circlet_count":0,"master_deck":["Defend_S","Defend_S","Defend_S","Defend_S","KidneyShot","Exchange","ShatteredReality+1","Replace+1","Starlight","Revamp","TheWorld","Starlight","BestPractice+1","SilverBlades","BottledTime","MurderousAura+1","Starlight+1","Ricochet+1","ShatteredReality","ReturningBlade+2","Bite","Bite+1","Bite","Bite","Bite","Potential","MurderousAura+1","StarChef","MurderousAura+1","BottledTime+1","MurderousAura","Desolation+1","BottledTime+1","Dilation","expansioncontent:PolyBeam","TimeWarp+1"],"relics":["Uniform","downfall:ShatteredFragment","Oddly Smooth Stone","Pen Nib","downfall:HeartBlessingRed","Happy Flower","Lantern","StoneMask","downfall:HeartBlessingGreen","sneckomod:BabySnecko","downfall:HeartBlessingBlue","MerchantsRug","DollysMirror","Strawberry","Tiny House","Thread and Needle","Eternal Feather","CaptainsWheel"],"acts_visited":["Exordium","TheCity","TheBeyond"],"potions_floor_usage":[16,16,16,29,38,38,40,42,45,48,48,49,50],"damage_taken":[{"damage":4,"enemies":"Small Slimes","floor":2,"turns":4},{"damage":1,"enemies":"Jaw Worm","floor":3,"turns":3},{"damage":0,"enemies":"downfall:FleeingMerchant","floor":6,"turns":4},{"damage":0,"enemies":"Cultist","floor":8,"turns":2},{"damage":3,"enemies":"3 Sentries","floor":9,"turns":4},{"damage":0,"enemies":"downfall:FleeingMerchant","floor":13,"turns":4},{"damage":9,"enemies":"3 Sentries","floor":14,"turns":4},{"damage":0,"enemies":"Gremlin Gang","floor":15,"turns":2},{"damage":8,"enemies":"SI_SHIV_ARCHETYPE","floor":16,"turns":5},{"damage":5,"enemies":"3 Byrds","floor":20,"turns":3},{"damage":0,"enemies":"Spheric Guardian","floor":21,"turns":2},{"damage":1,"enemies":"downfall:FleeingMerchant","floor":22,"turns":4},{"damage":10,"enemies":"Masked Bandits","floor":25,"turns":2},{"damage":25,"enemies":"downfall:FleeingMerchant","floor":29,"turns":3},{"damage":11,"enemies":"Snecko","floor":31,"turns":3},{"damage":10,"enemies":"Cultist and Chosen","floor":32,"turns":4},{"damage":22,"enemies":"WA_ARCHETYPE_CALM","floor":33,"turns":5},{"damage":15,"enemies":"Orb Walker","floor":36,"turns":2},{"damage":15,"enemies":"3 Darklings","floor":38,"turns":2},{"damage":24,"enemies":"4 Shapes","floor":39,"turns":6},{"damage":46,"enemies":"Sphere and 2 Shapes","floor":40,"turns":5},{"damage":28,"enemies":"Reptomancer","floor":42,"turns":4},{"damage":24,"enemies":"Maw","floor":43,"turns":5},{"damage":1,"enemies":"Transient","floor":44,"turns":5},{"damage":24,"enemies":"2 Orb Walkers","floor":45,"turns":3},{"damage":0,"enemies":"3 Darklings","floor":48,"turns":2},{"damage":11,"enemies":"Writhing Mass","floor":49,"turns":4},{"damage":56,"enemies":"DF_ARCHETYPE_ORBS","floor":50,"turns":4}],"seed_played":"-2406044581697627725","potions_obtained":[{"floor":3,"key":"FearPotion"},{"floor":9,"key":"champ:CounterPotion"},{"floor":15,"key":"SteroidPotion"},{"floor":25,"key":"Swift Potion"},{"floor":31,"key":"sneckomod:MuddlingPotion"},{"floor":32,"key":"Energy Potion"},{"floor":34,"key":"DuplicationPotion"},{"floor":39,"key":"SteroidPotion"},{"floor":42,"key":"FairyPotion"},{"floor":44,"key":"PowerPotion"},{"floor":47,"key":"SneckoOil"},{"floor":47,"key":"DuplicationPotion"},{"floor":47,"key":"BlessingOfTheForge"},{"floor":49,"key":"ColorlessPotion"}],"is_trial":false,"path_per_floor":["R","M","M","?","?","$","T","M","?","?","R","?","$","E","M","B",null,"R","?","M","M","$","R","T","?","?","?","R","$","R","M","M","B",null,"R","M","$","M","M","M","T","E","M","M","?","?","?","M","M","B"],"character_chosen":"THE_SERVANT","items_purchased":["BestPractice","MerchantsRug","DollysMirror","Strawberry"],"campfire_rested":2,"item_purchase_floors":[13,29,29,29],"current_hp_per_floor":[71,67,66,66,51,51,51,51,48,48,69,57,57,48,48,40,71,71,71,73,75,74,74,74,72,54,54,64,49,70,67,67,54,81,81,71,71,61,58,27,27,4,32,43,33,33,33,40,41,0,0],"gold":240,"neow_bonus":"TEN_PERCENT_HP_BONUS","is_daily":false,"chose_seed":false,"campfire_upgraded":4,"win_rate":0.0,"timestamp":1610951588,"path_taken":["R","M","M","?","?","$","T","M","?","?","R","?","?","E","M","BOSS","R","?","M","M","$","R","T","?","?","?","R","$","R","M","M","BOSS","R","M","$","M","M","M","T","E","M","M","?","?","?","M","M","BOSS"],"items_purchased_type":["Card","Relic","Relic","Relic"],"build_version":"2020-12-22","purchased_purges":4,"victory":false,"max_hp_per_floor":[71,71,71,71,71,71,71,71,71,71,71,71,71,71,71,71,71,71,71,74,75,75,75,75,78,54,54,64,72,72,73,75,76,81,81,82,82,83,87,90,90,91,92,93,95,95,95,96,97,97,97],"card_choices":[{"not_picked":["MoonPhase","Alleviate"],"picked":"ShatteredReality","floor":2},{"not_picked":["Revamp","Rewind"],"picked":"Replace","floor":3},{"not_picked":["DoubleEdge","Comet"],"picked":"Starlight","floor":6},{"not_picked":["Read","ShatteredReality"],"picked":"Revamp","floor":8},{"not_picked":["Alleviate","Rearm"],"picked":"TheWorld","floor":9},{"not_picked":["Misdirection","Spin"],"picked":"Starlight","floor":13},{"not_picked":["Defy","InstantArmor"],"picked":"SilverBlades","floor":14},{"not_picked":["FanOfKnives","Read"],"picked":"BottledTime","floor":15},{"not_picked":["Sunlight","Initiator"],"picked":"MurderousAura","floor":16},{"not_picked":["Rewind","Reset"],"picked":"Starlight+1","floor":20},{"not_picked":["TimeWarp","Revamp"],"picked":"Ricochet+1","floor":21},{"not_picked":["BottledTime+1","Foresight"],"picked":"ShatteredReality","floor":22},{"not_picked":["WasteNot","Unruled+1"],"picked":"ReturningBlade+1","floor":25},{"not_picked":["Snipe","FastForward"],"picked":"Potential","floor":29},{"not_picked":["BottledTime","Reset+1"],"picked":"StarChef","floor":31},{"not_picked":["Starlight","Collapse+1","ShatteredReality"],"picked":"SKIP","floor":32},{"not_picked":["TheWorld","Solidify"],"picked":"MurderousAura","floor":33},{"not_picked":["FastForward","Defy"],"picked":"BottledTime+1","floor":34},{"not_picked":["Ricochet","StarChef+1","Gouge+1"],"picked":"SKIP","floor":36},{"not_picked":["Revamp","Collapse","MoonPhase+1"],"picked":"SKIP","floor":38},{"not_picked":["Unruled","DualDimension+1","Rewind+1"],"picked":"SKIP","floor":39},{"not_picked":["Sabotage+1","BottledTime"],"picked":"MurderousAura","floor":40},{"not_picked":["Spin+1","FastForward+1"],"picked":"Desolation+1","floor":42},{"not_picked":["DoubleEdge+1","Rewind+1","ShatteredReality+1"],"picked":"SKIP","floor":43},{"not_picked":["Replace","WasteNot"],"picked":"BottledTime+1","floor":44},{"not_picked":["Starlight+1","Hightail"],"picked":"Dilation","floor":45},{"not_picked":["expansioncontent:GuardianWhirl","expansioncontent:Hexaburn"],"picked":"expansioncontent:PolyBeam","floor":46},{"not_picked":["FastForward","Defy+1"],"picked":"TimeWarp+1","floor":48},{"not_picked":["Starlight+1","Replace","Defy"],"picked":"SKIP","floor":49}],"player_experience":806712,"relics_obtained":[{"floor":7,"key":"Oddly Smooth Stone"},{"floor":9,"key":"Pen Nib"},{"floor":14,"key":"Lantern"},{"floor":25,"key":"Red Mask"},{"floor":41,"key":"Thread and Needle"},{"floor":42,"key":"Eternal Feather"},{"floor":45,"key":"CaptainsWheel"}],"event_choices":[{"damage_healed":0,"gold_gain":0,"player_choice":"Success","damage_taken":12,"relics_obtained":["Happy Flower"],"max_hp_gain":0,"max_hp_loss":0,"event_name":"Scrap Ooze","floor":12,"gold_loss":0},{"damage_healed":0,"gold_gain":0,"player_choice":"Fought Bandits","damage_taken":0,"max_hp_gain":0,"max_hp_loss":0,"event_name":"Masked Bandits","floor":25,"gold_loss":0},{"damage_healed":0,"gold_gain":0,"player_choice":"Became a vampire","damage_taken":0,"max_hp_gain":0,"max_hp_loss":24,"event_name":"Vampires","floor":26,"gold_loss":0,"cards_obtained":["Bite","Bite","Bite","Bite","Bite"]},{"damage_healed":0,"gold_gain":0,"player_choice":"Fight","damage_taken":0,"max_hp_gain":0,"max_hp_loss":0,"event_name":"Mysterious Sphere","floor":45,"gold_loss":0},{"damage_healed":0,"gold_gain":0,"player_choice":"Got Potions","damage_taken":0,"max_hp_gain":0,"max_hp_loss":0,"event_name":"Lab","floor":47,"gold_loss":0}],"is_beta":false,"boss_relics":[{"not_picked":["Cursed Key","Pandora\u0027s Box"],"picked":"StoneMask"},{"not_picked":["Sozu","Fusion Hammer"],"picked":"Tiny House"}],"items_purged_floors":[6,13,29,37],"is_endless":false,"potions_floor_spawned":[3,9,15,25,31,32,39,42,44,49],"killed_by":"DF_ARCHETYPE_ORBS","ascension_level":0}}