{"host":"ln76an1o32p2wxtf","time":1610995347,"event":{"mods":["AchievementEnabler","Act Like it!","BaseMod","BetterRewards","Colored Powertips","Energized Spire","GifTheSpireLib","Infinite Spire","Minty Spire (QoL Compilation)","Shop Mod","StSLib"],"gold_per_floor":[118,38,57,57,81,81,109,122,122,133,133,133,150,164,164,260,260,277,277,293,218,218,249,249,249,249,268,268,268],"floor_reached":28,"language":"ENG","playtime":1246,"items_purged":["Strike_R"],"score":276,"play_id":"0869a1c7-bbca-4829-ae12-295a5e19a406","local_time":"20210119024227","is_ascension_mode":true,"campfire_choices":[{"floor":6,"key":"RECALL"},{"floor":12,"key":"REST"},{"floor":15,"key":"REST"},{"floor":25,"key":"REST"}],"circlet_count":0,"master_deck":["Strike_R","Strike_R","Strike_R","Strike_R","Defend_R","Defend_R","Defend_R","Defend_R","Bash","Intimidate","Armaments","Headbutt","Feel No Pain","Clothesline","Heavy Blade","Inflame","Demon Form","Pommel Strike","Anger","Blood for Blood","Demon Form","Limit Break","Brutality","Limit Break","Burning Pact"],"relics":["energizedSpire:StickyHand","Omamori","Bottled Flame","Shuriken","infinitespire:PuzzleCube","Busted Crown","Darkstone Periapt"],"acts_visited":["Exordium","TheCity"],"potions_floor_usage":[23,23,28,28,28],"damage_taken":[{"damage":0,"enemies":"Cultist","floor":1,"turns":2},{"damage":0,"enemies":"2 Louse","floor":3,"turns":3},{"damage":19,"enemies":"Gremlin Nob","floor":7,"turns":4},{"damage":9,"enemies":"Jaw Worm","floor":8,"turns":3},{"damage":9,"enemies":"Exordium Wildlife","floor":10,"turns":4},{"damage":6,"enemies":"Gremlin Gang","floor":13,"turns":3},{"damage":5,"enemies":"Looter","floor":14,"turns":3},{"damage":36,"enemies":"Slime Boss","floor":16,"turns":7},{"damage":27,"enemies":"2 Thieves","floor":18,"turns":3},{"damage":23,"enemies":"Shell Parasite","floor":20,"turns":4},{"damage":28,"enemies":"Gremlin Leader","floor":23,"turns":6},{"damage":23,"enemies":"3 Cultists","floor":27,"turns":5},{"damage":9,"enemies":"Centurion and Healer","floor":28,"turns":2}],"seed_played":"-4070336172399257703","potions_obtained":[{"floor":1,"key":"Strength Potion"},{"floor":10,"key":"SteroidPotion"},{"floor":13,"key":"ElixirPotion"},{"floor":20,"key":"BlessingOfTheForge"},{"floor":23,"key":"LiquidMemories"},{"floor":27,"key":"infinitespire:BlackPotion"}],"is_trial":false,"path_per_floor":["M","$","M","$","T","R","E","M","T","M","?","R","M","M","R","B",null,"M","?","M","$","?","E","AVR","R","T","M","M"],"character_chosen":"IRONCLAD","items_purchased":["Feel No Pain"],"campfire_rested":3,"item_purchase_floors":[2],"current_hp_per_floor":[80,80,80,80,80,80,61,52,52,43,25,49,43,38,62,26,80,53,53,30,30,30,2,2,26,26,3,0,0],"gold":268,"neow_bonus":"BOSS_RELIC","is_daily":false,"chose_seed":false,"campfire_upgraded":0,"win_rate":0.0,"timestamp":1610995347,"path_taken":["M","?","M","$","?","R","E","M","T","M","?","R","M","M","R","BOSS","M","?","M","$","?","E","AVR","R","T","?","M"],"items_purchased_type":["Card"],"build_version":"2020-12-22","purchased_purges":1,"victory":false,"max_hp_per_floor":[80,80,80,80,80,80,80,80,80,80,80,80,80,80,80,80,80,80,80,80,80,80,80,80,80,80,80,80,80],"card_choices":[{"not_picked":["Intimidate","Headbutt"],"picked":"Armaments","floor":1},{"not_picked":["Clothesline","Heavy Blade"],"picked":"Inflame","floor":3},{"not_picked":["Iron Wave","Combust"],"picked":"Demon Form","floor":7},{"not_picked":["Iron Wave","Anger","Body Slam"],"picked":"SKIP","floor":8},{"not_picked":["Iron Wave","Clothesline","Headbutt"],"picked":"SKIP","floor":10},{"not_picked":["Entrench","Dropkick","Body Slam"],"picked":"SKIP","floor":13},{"not_picked":["Pommel Strike","Anger"],"picked":"Blood for Blood","floor":14},{"not_picked":["Demon Form","Brutality"],"picked":"Limit Break","floor":16},{"not_picked":["True Grit+1"],"picked":"SKIP","floor":18},{"not_picked":["Second Wind"],"picked":"SKIP","floor":20},{"not_picked":["Shrug It Off"],"picked":"SKIP","floor":23},{"not_picked":["Heavy Blade"],"picked":"SKIP","floor":27}],"player_experience":734083,"relics_obtained":[{"floor":5,"key":"Omamori"},{"floor":7,"key":"Bottled Flame"},{"floor":9,"key":"Shuriken"},{"floor":23,"key":"Darkstone Periapt"}],"event_choices":[{"damage_healed":0,"gold_gain":0,"player_choice":"Success","damage_taken":18,"relics_obtained":["infinitespire:PuzzleCube"],"max_hp_gain":0,"max_hp_loss":0,"event_name":"Scrap Ooze","floor":11,"gold_loss":0},{"damage_healed":0,"gold_gain":0,"cards_transformed":["Combust","Iron Wave"],"player_choice":"Became Test Subject","damage_taken":0,"max_hp_gain":0,"max_hp_loss":0,"event_name":"Drug Dealer","floor":19,"gold_loss":0,"cards_obtained":["Limit Break","Burning Pact"]},{"damage_healed":0,"gold_gain":0,"player_choice":"Ignored","damage_taken":0,"max_hp_gain":0,"max_hp_loss":0,"event_name":"NoteForYourself","floor":22,"gold_loss":0}],"is_beta":false,"boss_relics":[{"not_picked":["energizedSpire:NeverEndingSparkler","SacredBark"],"picked":"Busted Crown"}],"items_purged_floors":[21],"is_endless":false,"potions_floor_spawned":[1,10,13,16,20,23,27],"killed_by":"Centurion and Healer","ascension_level":1}}