{"host":"4axoa1rfjgnprp9l","time":1610957178,"event":{"mods":["2.2 Compatiblity","AchievementEnabler","BaseMod","Colored Map","DeckTracker","Highlight Path","Minty Spire (QoL Compilation)","Permanent Neow","StSLib","SuperFastMode"],"gold_per_floor":[113,113,124,124,141,141,156,156,156,156,166,176,16,49,49,121,121,132,166,1,1,1,32,32,64,89,89,89,104,134,144,144,216,216,231,243,298,317,336,336,336],"floor_reached":40,"language":"KOR","playtime":1626,"items_purged":[],"score":942,"play_id":"34ea727e-cfe6-401a-a108-af3d0af3c34a","local_time":"20210118170618","is_ascension_mode":true,"campfire_choices":[{"data":"Cloak And Dagger","floor":6.0,"key":"SMITH"},{"data":"Footwork","floor":8.0,"key":"SMITH"},{"data":"Caltrops","floor":10.0,"key":"SMITH"},{"data":"Finisher","floor":15.0,"key":"SMITH"},{"data":"Die Die Die","floor":24.0,"key":"SMITH"},{"floor":27.0,"key":"REST"},{"data":"Terror","floor":32.0,"key":"SMITH"}],"circlet_count":0,"master_deck":["AscendersBane","Strike_G","Defend_G","Defend_G","Defend_G","Defend_G","Defend_G","Survivor","Neutralize","Backstab","Caltrops+1","Cloak And Dagger+1","Footwork+1","Backflip","Finisher+1","Die Die Die+1","Backstab+1","Dagger Spray+1","Concentrate+1","Terror+1","Blade Dance+1","PiercingWail","Glass Knife+1","Finisher+1","Infinite Blades+1"],"relics":["Ring of the Snake","NeowsBlessing","Toy Ornithopter","Akabeko","HornCleat","Astrolabe","Red Mask","Oddly Smooth Stone","White Beast Statue","Molten Egg 2","Regal Pillow","Snake Skull","Smiling Mask","Coffee Dripper","Tingsha"],"acts_visited":["TheCity","TheBeyond"],"potions_floor_usage":[40],"damage_taken":[{"damage":0.0,"enemies":"Jaw Worm","floor":1.0,"turns":1.0},{"damage":0.0,"enemies":"2 Louse","floor":3.0,"turns":1.0},{"damage":0.0,"enemies":"Cultist","floor":5.0,"turns":1.0},{"damage":7.0,"enemies":"Gremlin Gang","floor":7.0,"turns":5.0},{"damage":0.0,"enemies":"2 Fungi Beasts","floor":11.0,"turns":4.0},{"damage":0.0,"enemies":"Exordium Thugs","floor":12.0,"turns":6.0},{"damage":0.0,"enemies":"Gremlin Nob","floor":14.0,"turns":2.0},{"damage":37.0,"enemies":"Hexaghost","floor":16.0,"turns":12.0},{"damage":6.0,"enemies":"2 Thieves","floor":18.0,"turns":3.0},{"damage":2.0,"enemies":"Masked Bandits","floor":19.0,"turns":5.0},{"damage":2.0,"enemies":"Slavers","floor":23.0,"turns":7.0},{"damage":25.0,"enemies":"Gremlin Leader","floor":25.0,"turns":6.0},{"damage":0.0,"enemies":"Spheric Guardian","floor":29.0,"turns":1.0},{"damage":2.0,"enemies":"Slavers","floor":30.0,"turns":5.0},{"damage":0.0,"enemies":"3 Cultists","floor":31.0,"turns":5.0},{"damage":28.0,"enemies":"Collector","floor":33.0,"turns":4.0},{"damage":0.0,"enemies":"3 Shapes","floor":35.0,"turns":3.0},{"damage":0.0,"enemies":"3 Darklings","floor":36.0,"turns":4.0},{"damage":18.0,"enemies":"2 Orb Walkers","floor":37.0,"turns":5.0},{"damage":35.0,"enemies":"Spire Growth","floor":38.0,"turns":5.0},{"damage":9.0,"enemies":"Jaw Worm Horde","floor":39.0,"turns":3.0},{"damage":68,"enemies":"Giant Head","floor":40,"turns":6}],"seed_played":"4832481130476909036","potions_obtained":[{"floor":1.0,"key":"BlessingOfTheForge"},{"floor":4.0,"key":"Fire Potion"},{"floor":16.0,"key":"Block Potion"},{"floor":23.0,"key":"PowerPotion"},{"floor":25.0,"key":"DuplicationPotion"},{"floor":29.0,"key":"BlessingOfTheForge"},{"floor":30.0,"key":"Regen Potion"},{"floor":33.0,"key":"DistilledChaos"},{"floor":37.0,"key":"Fire Potion"},{"floor":38.0,"key":"Strength Potion"},{"floor":39.0,"key":"Regen Potion"}],"is_trial":false,"path_per_floor":["M","?","M","?","M","R","M","R","T","R","M","M","$","E","R","B",null,"M","?","$","?","$","E","R","E","T","R","?","M","E","M","R","B",null,"M","M","?","M","M","E"],"character_chosen":"THE_SILENT","items_purchased":["Akabeko","Oddly Smooth Stone"],"campfire_rested":1,"item_purchase_floors":[13,20],"current_hp_per_floor":[59,52,52,52,52,52,45,45,45,45,45,45,45,50,50,18,54,48,46,46,46,46,49,49,24,24,58,58,58,56,56,56,33,58,58,58,45,27,23,0,0],"gold":336,"neow_bonus":"THREE_ENEMY_KILL","is_daily":false,"chose_seed":false,"campfire_upgraded":6,"win_rate":0.0,"timestamp":1610957178,"path_taken":["M","?","M","?","?","R","M","R","T","R","M","?","$","E","R","BOSS","M","?","?","?","$","E","R","E","T","R","?","?","E","M","R","BOSS","M","M","?","M","M","E"],"items_purchased_type":["Relic","Relic"],"build_version":"2020-12-22","purchased_purges":0,"victory":false,"max_hp_per_floor":[66,66,66,66,66,66,66,66,66,66,66,66,66,66,66,66,66,66,66,66,66,66,66,66,66,66,66,66,66,66,66,66,66,66,66,66,66,66,66,66,66],"card_choices":[{"not_picked":["Bane","Riddle With Holes"],"picked":"Backstab","floor":1.0},{"not_picked":["Dodge and Roll","Concentrate"],"picked":"Caltrops","floor":3.0},{"not_picked":["Dodge and Roll","Flechettes"],"picked":"Cloak And Dagger","floor":5.0},{"not_picked":["Finisher","Sucker Punch"],"picked":"Footwork","floor":7.0},{"not_picked":["Acrobatics","Dodge and Roll"],"picked":"Backflip","floor":11.0},{"not_picked":["Bouncing Flask","Acrobatics"],"picked":"Finisher","floor":12.0},{"not_picked":["Cloak And Dagger","Finisher","Dodge and Roll"],"picked":"SKIP","floor":14.0},{"not_picked":["Adrenaline","Phantasmal Killer"],"picked":"Die Die Die","floor":16.0},{"not_picked":["Acrobatics","Poisoned Stab","Distraction"],"picked":"SKIP","floor":18.0},{"not_picked":["Bane","Endless Agony","Slice"],"picked":"SKIP","floor":23.0},{"not_picked":["Dagger Throw+1","Riddle With Holes+1"],"picked":"Blade Dance+1","floor":25.0},{"not_picked":["Slice+1","Eviscerate+1"],"picked":"PiercingWail","floor":29.0},{"not_picked":["Acrobatics","Riddle With Holes+1","Doppelganger"],"picked":"SKIP","floor":30.0},{"not_picked":["Cloak And Dagger","Outmaneuver","Flechettes+1"],"picked":"SKIP","floor":31.0},{"not_picked":["Bullet Time","Adrenaline"],"picked":"Glass Knife+1","floor":33.0},{"not_picked":["Dodge and Roll","All Out Attack+1","Acrobatics+1"],"picked":"SKIP","floor":35.0},{"not_picked":["Dodge and Roll","All Out Attack+1","Acrobatics+1"],"picked":"SKIP","floor":35.0},{"not_picked":["Expertise+1","Leg Sweep","Underhanded Strike+1"],"picked":"SKIP","floor":36.0},{"not_picked":["Tactician+1","Dagger Throw+1"],"picked":"Finisher+1","floor":38.0},{"not_picked":["Endless Agony+1","Bane+1"],"picked":"Infinite Blades+1","floor":39.0}],"player_experience":885148,"relics_obtained":[{"floor":9.0,"key":"Toy Ornithopter"},{"floor":14.0,"key":"HornCleat"},{"floor":19.0,"key":"Red Mask"},{"floor":23.0,"key":"White Beast Statue"},{"floor":25.0,"key":"Molten Egg 2"},{"floor":26.0,"key":"Regal Pillow"},{"floor":30.0,"key":"Smiling Mask"},{"floor":37.0,"key":"Tingsha"}],"event_choices":[{"cards_removed":["Strike_G"],"damage_healed":0.0,"max_hp_gain":0.0,"max_hp_loss":0.0,"gold_gain":0.0,"event_name":"Golden Wing","player_choice":"Card Removal","floor":2.0,"gold_loss":0.0,"damage_taken":7.0},{"damage_healed":0.0,"max_hp_gain":0.0,"max_hp_loss":0.0,"gold_gain":0.0,"event_name":"Lab","player_choice":"Got Potions","floor":4.0,"gold_loss":0.0,"damage_taken":0.0},{"damage_healed":0.0,"max_hp_gain":0.0,"max_hp_loss":0.0,"gold_gain":0.0,"event_name":"Masked Bandits","player_choice":"Fought Bandits","floor":19.0,"gold_loss":0.0,"damage_taken":0.0},{"damage_healed":0.0,"max_hp_gain":0.0,"max_hp_loss":0.0,"gold_gain":0.0,"event_name":"The Library","player_choice":"Read","floor":21.0,"gold_loss":0.0,"damage_taken":0.0,"cards_obtained":["Terror"]},{"damage_healed":0.0,"max_hp_gain":0.0,"max_hp_loss":0.0,"gold_gain":0.0,"event_name":"WeMeetAgain","player_choice":"Gave Potion","floor":28.0,"gold_loss":0.0,"damage_taken":0.0,"relics_obtained":["Snake Skull"]},{"damage_healed":0.0,"max_hp_gain":0.0,"max_hp_loss":0.0,"gold_gain":0.0,"event_name":"Mysterious Sphere","player_choice":"Fight","floor":37.0,"gold_loss":0.0,"damage_taken":0.0}],"is_beta":false,"boss_relics":[{"not_picked":["Runic Dome","Philosopher\u0027s Stone"],"picked":"Astrolabe"},{"not_picked":["Ring of the Serpent","Sozu"],"picked":"Coffee Dripper"}],"items_purged_floors":[],"is_endless":false,"potions_floor_spawned":[1,11,16,23,25,29,30,31,33,35,36,37,38,39],"killed_by":"Giant Head","ascension_level":20}}