{"host":"cxvb37eaaiijvrl4","time":1610948789,"event":{"mods":["ATMod(阿瑾Mod)","BaseMod","Better Third Choice","Minty Spire (QoL Compilation)","MostiFishMod","Quick Restart","Rare Cards Sparkle","Shop Mod","Spicy Shops","StSLib","TestMod","Uncapped","残留之物"],"gold_per_floor":[109,109,123,48,60,86,99,129,129,129,164,189,189,243,243,341,341,380,1190,1285,491,552,653,653,806,806,898,943,1007,1109,469,469,623,623,713,336,481,308,418,418,818,818,863,863,863,967,1002,1056,1056,1081,1206,1206,1206,32,111,136],"floor_reached":57,"language":"ZHS","playtime":1632,"items_purged":["Strike_G","Strike_G","Strike_G","Strike_G","Survivor","AT_KneejerkReflex+1"],"score":3871,"play_id":"5bbf6228-1db5-4666-9f20-2aad6e5193bd","local_time":"20210117214629","is_ascension_mode":true,"campfire_choices":[{"data":"Blade Dance","floor":10.0,"key":"SMITH"},{"data":"Defend_G","floor":15.0,"key":"SMITH"},{"data":"Backflip","floor":24.0,"key":"SMITH"},{"data":"MostiFishMod:Confrontation","floor":32.0,"key":"SMITH"},{"data":"Defend_G","floor":40.0,"key":"SMITH"},{"data":"Defend_G","floor":42.0,"key":"SMITH"},{"floor":44.0,"key":"RECALL"},{"floor":49.0,"key":"REST"},{"floor":53,"key":"REST"}],"circlet_count":0,"master_deck":["AscendersBane","Defend_G+1","Defend_G+1","Defend_G+1","Defend_G+1","Neutralize+1","AT_WindFlip+1","Blade Dance+1","MostiFishMod:Confrontation+1","Backflip+1","Acrobatics+1","Cloak And Dagger+1","MostiFishMod:ShivMaster+1","Footwork+1"],"relics":["Ring of the Snake","AT_ATBox","Civilization","testmod-BlackFramedGlasses","SynthV:TestCard","Toy Ornithopter","testmod-LifeArmor","Bag of Marbles","Frozen Egg 2","AT_MibuBalloonWealth","DaveBox","Technique","testmod-Muramasa","SacredBark","Blood Vial","MerchantsRug","testmod-ArcanaOfDestiny","Pen Nib","testmod-OneHitWonder","Smiling Mask","PlaceholderMod:FlatBlood","PreservedInsect","AT_BellowingDragoncrestRing","testmod-TimeTraveler","Vajra","Potion Belt","Ice Cream","testmod-RainbowHikingShoes","AT_ChloranthyRing","Shuriken","White Beast Statue","BirthdayGift-Icosahedron","ImprovedEquipment"],"acts_visited":["Exordium","TheCity","TheBeyond","TheEnding"],"potions_floor_usage":[56,56],"damage_taken":[{"damage":5.0,"enemies":"Small Slimes","floor":1.0,"turns":5.0},{"damage":0.0,"enemies":"Cultist","floor":3.0,"turns":3.0},{"damage":0.0,"enemies":"Jaw Worm","floor":5.0,"turns":1.0},{"damage":8.0,"enemies":"Lagavulin","floor":6.0,"turns":4.0},{"damage":0.0,"enemies":"2 Fungi Beasts","floor":7.0,"turns":2.0},{"damage":0.0,"enemies":"Gremlin Nob","floor":8.0,"turns":2.0},{"damage":0.0,"enemies":"3 Sentries","floor":11.0,"turns":3.0},{"damage":0.0,"enemies":"Gremlin Nob","floor":14.0,"turns":2.0},{"damage":0.0,"enemies":"Hexaghost","floor":16.0,"turns":4.0},{"damage":2.0,"enemies":"Shell Parasite","floor":18.0,"turns":4.0},{"damage":0.0,"enemies":"3 Byrds","floor":20.0,"turns":2.0},{"damage":0.0,"enemies":"Centurion and Healer","floor":22.0,"turns":3.0},{"damage":0.0,"enemies":"Slavers","floor":23.0,"turns":3.0},{"damage":0.0,"enemies":"Gremlin Leader","floor":25.0,"turns":5.0},{"damage":0.0,"enemies":"3 Cultists","floor":27.0,"turns":2.0},{"damage":0.0,"enemies":"Snecko","floor":28.0,"turns":3.0},{"damage":0.0,"enemies":"Centurion and Healer","floor":29.0,"turns":3.0},{"damage":2.0,"enemies":"Slavers","floor":30.0,"turns":3.0},{"damage":0.0,"enemies":"Automaton","floor":33.0,"turns":4.0},{"damage":0.0,"enemies":"3 Shapes","floor":35.0,"turns":2.0},{"damage":0.0,"enemies":"3 Darklings","floor":37.0,"turns":2.0},{"damage":0.0,"enemies":"4 Shapes","floor":39.0,"turns":2.0},{"damage":0.0,"enemies":"Reptomancer","floor":46.0,"turns":1.0},{"damage":0.0,"enemies":"Transient","floor":47.0,"turns":3.0},{"damage":0.0,"enemies":"Nemesis","floor":48.0,"turns":1.0},{"damage":3,"enemies":"Time Eater","floor":50,"turns":4},{"damage":0,"enemies":"Awakened One","floor":51,"turns":3},{"damage":0,"enemies":"Shield and Spear","floor":55,"turns":1},{"damage":0,"enemies":"The Heart","floor":56,"turns":3}],"seed_played":"6171662827279299015","potions_obtained":[{"floor":5.0,"key":"SkillPotion"},{"floor":7.0,"key":"PowerPotion"},{"floor":16.0,"key":"Weak Potion"},{"floor":29.0,"key":"LiquidMemories"},{"floor":39.0,"key":"LiquidBronze"},{"floor":46.0,"key":"Weak Potion"}],"is_trial":false,"path_per_floor":["M","?","M","$","M","E","M","E","T","R","E","T","?","E","R","B",null,"M","?","M","$","M","E","R","E","T","M","M","M","E","$","R","B",null,"M","$","M","$","M","R","?","R","T","R","?","E","M","E","R","B","B",null,"R","$","E","B",null],"character_chosen":"THE_SILENT","items_purchased":["Blood Vial","MerchantsRug","AT_KneejerkReflex+1","testmod-ArcanaOfDestiny","PlaceholderMod:FlatBlood","PreservedInsect","AT_BellowingDragoncrestRing","Vajra","Potion Belt","Ice Cream","Shuriken","White Beast Statue","BirthdayGift-Icosahedron"],"campfire_rested":2,"item_purchase_floors":[21,21,21,21,31,31,31,36,36,38,54,54,54],"current_hp_per_floor":[61,61,67,67,72,73,80,87,87,87,95,95,95,100,100,105,105,110,14,21,21,31,41,41,53,53,62,72,82,90,90,90,101,142,151,151,160,160,169,169,169,169,169,169,169,175,180,185,185,188,195,195,195,195,200,205],"gold":136,"neow_bonus":"REMOVE_CARD","is_daily":false,"chose_seed":false,"campfire_upgraded":6,"win_rate":0.0,"timestamp":1610948789,"path_taken":["M","?","?","?","M","E","M","E","T","R","E","?","?","E","R","BOSS","M","?","M","$","?","E","R","E","T","M","M","M","E","$","R","BOSS","M","$","M","$","M","R","?","R","T","R","?","E","M","E","R","BOSS","BOSS","R","$","E","BOSS"],"items_purchased_type":["Relic","Relic","Card","Relic","Relic","Relic","Relic","Relic","Relic","Relic","Relic","Relic","Relic"],"build_version":"2020-12-22","purchased_purges":6,"victory":true,"max_hp_per_floor":[68,68,71,71,75,80,85,90,90,90,95,95,95,100,100,105,105,110,110,115,115,120,125,125,130,130,135,140,145,150,150,150,155,155,160,160,165,165,170,170,170,170,170,170,170,175,180,185,185,190,195,195,195,195,200,205],"card_choices":[{"not_picked":["Prepared","Dodge and Roll"],"picked":"AT_WindFlip","floor":1.0},{"not_picked":["Predator","Cloak And Dagger","Calculated Gamble","Dagger Spray"],"picked":"Blade Dance","floor":3.0},{"not_picked":["Bane","Prepared","Sucker Punch","Blade Dance","Flying Knee"],"picked":"SKIP","floor":5.0},{"not_picked":["Bane","Flying Knee","Underhanded Strike","Sucker Punch","Endless Agony"],"picked":"SKIP","floor":6.0},{"not_picked":["Underhanded Strike","AT_WomanClash","Flying Knee","Dash","Poisoned Stab"],"picked":"SKIP","floor":7.0},{"not_picked":["Deadly Poison","Storm of Steel","Dodge and Roll","MostiFishMod:PerfectParry","Bane"],"picked":"SKIP","floor":8.0},{"not_picked":["Escape Plan","AT_WindRun","Bullet Time","All Out Attack","Dagger Spray"],"picked":"SKIP","floor":11.0},{"not_picked":["AT_WomanClash","Underhanded Strike","Dagger Spray","MostiFishMod:FrostNova","Flying Knee"],"picked":"SKIP","floor":14.0},{"not_picked":["Die Die Die","MostiFishMod:WinterMarkForm+1","Storm of Steel","Tools of the Trade+1"],"picked":"MostiFishMod:Confrontation","floor":16.0},{"not_picked":["Accuracy+1","MostiFishMod:PerfectParry","Dagger Throw","Flechettes","Sucker Punch"],"picked":"SKIP","floor":18.0},{"not_picked":["Outmaneuver","AT_WindFlip","Deadly Poison","Cloak And Dagger","Sucker Punch"],"picked":"SKIP","floor":20.0},{"not_picked":["AT_WindFlip","MostiFishMod:InvigoratingSolution","Noxious Fumes+1","Well Laid Plans+1"],"picked":"Backflip","floor":22.0},{"not_picked":["Blur","AT_WindFlip","Concentrate","Deflect","Prepared+1"],"picked":"SKIP","floor":23.0},{"not_picked":["Terror","Envenom+1","Underhanded Strike","Slice","Poisoned Stab"],"picked":"SKIP","floor":25.0},{"not_picked":["Outmaneuver","Cloak And Dagger","Quick Slash","Poisoned Stab","Malaise"],"picked":"SKIP","floor":27.0},{"not_picked":["Outmaneuver","AT_TinkerSharpsword","PiercingWail","Finisher+1"],"picked":"Acrobatics+1","floor":28.0},{"not_picked":["Slice","Quick Slash","Choke","Outmaneuver","Backflip"],"picked":"SKIP","floor":29.0},{"not_picked":["MostiFishMod:InvigoratingSolution+1","AT_MyraUnstableElement","AT_WomanClash","Outmaneuver"],"picked":"Cloak And Dagger+1","floor":30.0},{"not_picked":["AT_KingSlayer","AT_EssenceShift+1","MostiFishMod:Confrontation","Burst"],"picked":"MostiFishMod:ShivMaster+1","floor":33.0},{"not_picked":["Dagger Throw","Deflect","Accuracy+1","Poisoned Stab","Acrobatics"],"picked":"SKIP","floor":35.0},{"not_picked":["Prepared+1","Dagger Spray","Quick Slash","Outmaneuver","Slice"],"picked":"SKIP","floor":37.0},{"not_picked":["PiercingWail+1","Dodge and Roll+1","AT_WindFlip","Poisoned Stab","MostiFishMod:AdrenalineArouse"],"picked":"SKIP","floor":39.0},{"not_picked":["Setup","Eviscerate","Well Laid Plans+1","Bouncing Flask"],"picked":"Footwork+1","floor":46.0},{"not_picked":["Sucker Punch","AT_WindFlip","Blade Dance","Terror","Backflip"],"picked":"SKIP","floor":47.0},{"not_picked":["Blur","Endless Agony+1","Dagger Throw+1","Sucker Punch","Infinite Blades+1"],"picked":"SKIP","floor":48.0},{"not_picked":["Dagger Throw+1","Choke+1","Tools of the Trade+1","Underhanded Strike","Prepared"],"picked":"SKIP","floor":55}],"player_experience":682440,"relics_obtained":[{"floor":1.0,"key":"SynthV:TestCard"},{"floor":6.0,"key":"Toy Ornithopter"},{"floor":8.0,"key":"testmod-LifeArmor"},{"floor":9.0,"key":"Bag of Marbles"},{"floor":11.0,"key":"Frozen Egg 2"},{"floor":12.0,"key":"AT_MibuBalloonWealth"},{"floor":14.0,"key":"testmod-Muramasa"},{"floor":23.0,"key":"Pen Nib"},{"floor":25.0,"key":"testmod-OneHitWonder"},{"floor":26.0,"key":"Smiling Mask"},{"floor":30.0,"key":"Darkstone Periapt"},{"floor":46.0,"key":"testmod-RainbowHikingShoes"},{"floor":48.0,"key":"AT_ChloranthyRing"},{"floor":55,"key":"ImprovedEquipment"}],"event_choices":[{"damage_healed":0.0,"max_hp_gain":0.0,"max_hp_loss":0.0,"gold_gain":0.0,"event_name":"Accursed Blacksmith","player_choice":"Forge","floor":2.0,"gold_loss":0.0,"damage_taken":0.0,"cards_upgraded":["AT_WindFlip"]},{"damage_healed":0.0,"max_hp_gain":0.0,"max_hp_loss":0.0,"gold_gain":0.0,"event_name":"给自己的盒子","player_choice":"Swap Relic","floor":13.0,"relics_lost":["DaveBox"],"gold_loss":0.0,"damage_taken":0.0,"relics_obtained":["DaveBox"]},{"damage_healed":0.0,"max_hp_gain":0.0,"max_hp_loss":0.0,"gold_gain":810.0,"event_name":"Knowing Skull","player_choice":"GOLD GOLD GOLD GOLD GOLD GOLD GOLD GOLD GOLD ","floor":19.0,"potions_obtained":[],"gold_loss":0.0,"damage_taken":96.0,"cards_obtained":[]},{"damage_healed":0.0,"max_hp_gain":0.0,"max_hp_loss":0.0,"gold_gain":400.0,"event_name":"恩洛斯的盘子","player_choice":"Sell","floor":41.0,"relics_lost":["testmod-TestBox"],"gold_loss":0.0,"damage_taken":0.0},{"cards_removed":["Defend_G"],"damage_healed":0.0,"max_hp_gain":0.0,"max_hp_loss":0.0,"gold_gain":0.0,"event_name":"Falling","player_choice":"Removed Skill","floor":45.0,"gold_loss":0.0,"damage_taken":0.0}],"is_beta":false,"boss_relics":[{"not_picked":["NightmareShop","Ectoplasm"],"picked":"SacredBark"},{"not_picked":["testmod-Nine","Calling Bell"],"picked":"testmod-TimeTraveler"}],"items_purged_floors":[4,21,31,36,38,54],"is_endless":false,"potions_floor_spawned":[5,7,11,16,22,27,29,33,39,46,48,55],"ascension_level":20}}