{"host":"jscggscbx0p7706o","time":1610987291,"event":{"mods":["AchievementEnabler","BaseMod","Block Reminder","Colored Powertips","Filter the Spire","Minty Spire (QoL Compilation)","Permanent Neow","Quick Restart","StSLib"],"gold_per_floor":[209,64,64,239,239,274,292,303,382,430,430,482,482,482,497,497,595,595,615,626,642,662,587,587,587,587,611,658,671,671,682,682,194,194,298,298,311,81,81,92,92,103,103,121,121,121,145,145,195,210,0,35,35,35],"floor_reached":55,"language":"ENG","playtime":3155,"items_purged":["Strike_B","Strike_B","Strike_B"],"score":727,"play_id":"09dcb2d5-82c3-415c-9953-b205282a3d2e","local_time":"20210119002811","is_ascension_mode":true,"campfire_choices":[{"data":"Loop","floor":11.0,"key":"SMITH"},{"data":"Hologram","floor":14.0,"key":"SMITH"},{"data":"Echo Form","floor":16.0,"key":"SMITH"},{"data":"Defragment","floor":24.0,"key":"SMITH"},{"data":"Electrodynamics","floor":26.0,"key":"SMITH"},{"data":"Dualcast","floor":30.0,"key":"SMITH"},{"data":"Loop","floor":32.0,"key":"SMITH"},{"data":"Amplify","floor":34.0,"key":"SMITH"},{"data":"Buffer","floor":43,"key":"SMITH"},{"data":"Coolheaded","floor":45,"key":"SMITH"},{"data":"Coolheaded","floor":48,"key":"SMITH"},{"data":"Glacier","floor":53,"key":"SMITH"}],"circlet_count":0,"master_deck":["Defend_B","Defend_B","Defend_B","Defend_B","Zap+1","Dualcast+1","Glacier+1","Coolheaded+1","Hologram+1","Echo Form+1","Loop+1","Ball Lightning","Electrodynamics+1","Defragment+1","Loop+1","Amplify+1","Buffer+1","Coolheaded+1","Cold Snap","Conserve Battery+1","Turbo+1","Capacitor+1","Cold Snap+1"],"relics":["FrozenCore","Bag of Preparation","Bag of Marbles","White Beast Statue","Potion Belt","MealTicket","Coffee Dripper","Strawberry","Blood Vial","Cables","Pear","Pen Nib","Dead Branch","Red Mask","Bottled Tornado"],"acts_visited":["Exordium","TheCity","TheBeyond"],"potions_floor_usage":[54],"damage_taken":[{"damage":1.0,"enemies":"Jaw Worm","floor":1.0,"turns":3.0},{"damage":11.0,"enemies":"Lagavulin","floor":6.0,"turns":11.0},{"damage":0.0,"enemies":"2 Louse","floor":7.0,"turns":3.0},{"damage":0.0,"enemies":"Cultist","floor":8.0,"turns":3.0},{"damage":22.0,"enemies":"Gremlin Gang","floor":15.0,"turns":4.0},{"damage":21.0,"enemies":"Hexaghost","floor":17.0,"turns":12.0},{"damage":0.0,"enemies":"Chosen","floor":19.0,"turns":4.0},{"damage":14.0,"enemies":"Shell Parasite","floor":20.0,"turns":7.0},{"damage":12.0,"enemies":"Snecko","floor":21.0,"turns":4.0},{"damage":8.0,"enemies":"3 Cultists","floor":22.0,"turns":4.0},{"damage":0.0,"enemies":"Snake Plant","floor":29.0,"turns":2.0},{"damage":15.0,"enemies":"Centurion and Healer","floor":31.0,"turns":3.0},{"damage":3.0,"enemies":"Collector","floor":35.0,"turns":7.0},{"damage":3,"enemies":"Orb Walker","floor":37,"turns":4},{"damage":0,"enemies":"3 Darklings","floor":40,"turns":3},{"damage":9,"enemies":"Spire Growth","floor":42,"turns":6},{"damage":0,"enemies":"Jaw Worm Horde","floor":44,"turns":1},{"damage":0,"enemies":"Mind Bloom Boss Battle","floor":49,"turns":9},{"damage":0,"enemies":"Sphere and 2 Shapes","floor":50,"turns":2},{"damage":1,"enemies":"Giant Head","floor":52,"turns":9},{"damage":23,"enemies":"Donu and Deca","floor":54,"turns":10}],"seed_played":"830415771193145383","potions_obtained":[{"floor":1.0,"key":"Regen Potion"},{"floor":8.0,"key":"GamblersBrew"},{"floor":15.0,"key":"FocusPotion"},{"floor":17.0,"key":"FairyPotion"},{"floor":19.0,"key":"DuplicationPotion"},{"floor":21.0,"key":"AttackPotion"},{"floor":22.0,"key":"ColorlessPotion"},{"floor":29.0,"key":"BlessingOfTheForge"},{"floor":31.0,"key":"Block Potion"}],"is_trial":false,"path_per_floor":["M","$","?","?","?","E","M","M","T","T","R","T","?","R","M","R","B",null,"M","M","M","M","?","R","T","R","T","T","M","R","M","R","$","R","B",null,"M","$","?","M","?","M","R","M","R","T","T","R","?","M","?","E","R","B",null],"character_chosen":"DEFECT","items_purchased":["Coolheaded","Hologram","Cables","Amplify","Coolheaded","Cold Snap"],"campfire_rested":0,"item_purchase_floors":[2,2,33,33,38,38],"current_hp_per_floor":[74,74,62,62,62,51,51,51,51,51,51,51,51,51,29,29,8,75,75,61,49,41,41,41,41,41,48,48,50,50,37,37,52,52,51,82,79,82,78,78,78,69,69,71,71,81,81,81,83,85,85,86,86,65],"gold":35,"neow_bonus":"HUNDRED_GOLD","is_daily":false,"chose_seed":false,"campfire_upgraded":12,"win_rate":0.0,"timestamp":1610987291,"path_taken":["M","$","?","?","?","E","?","?","T","T","R","?","?","R","M","R","BOSS","M","?","M","M","?","R","?","R","T","T","M","R","M","R","$","R","BOSS","M","$","?","M","?","M","R","M","R","T","T","R","?","M","?","E","R","BOSS"],"items_purchased_type":["Card","Card","Relic","Card","Card","Card"],"build_version":"2020-12-22","purchased_purges":3,"victory":true,"max_hp_per_floor":[75,75,75,75,75,75,75,75,75,75,75,75,75,75,75,75,75,75,75,75,75,75,75,75,75,75,82,82,82,82,82,82,82,82,82,82,82,82,78,78,78,78,78,78,78,88,88,88,88,88,88,88,88,88],"card_choices":[{"not_picked":["Genetic Algorithm","Barrage"],"picked":"Glacier","floor":1.0},{"not_picked":["Sweeping Beam","Self Repair"],"picked":"Loop","floor":6.0},{"not_picked":["Leap","Tempest"],"picked":"Ball Lightning","floor":7.0},{"not_picked":["Sweeping Beam","Redo","Streamline"],"picked":"SKIP","floor":8.0},{"not_picked":["Go for the Eyes","Compile Driver","Scrape"],"picked":"SKIP","floor":15.0},{"not_picked":["Amplify","Multi-Cast"],"picked":"Electrodynamics","floor":17.0},{"not_picked":["Gash+1","Hologram","Rip and Tear"],"picked":"SKIP","floor":19.0},{"not_picked":["Beam Cell","Coolheaded"],"picked":"Defragment","floor":20.0},{"not_picked":["Compile Driver","Reinforced Body","Stack+1"],"picked":"SKIP","floor":21.0},{"not_picked":["Rebound","Darkness","Melter"],"picked":"SKIP","floor":22.0},{"not_picked":["Scrape","Consume","Auto Shields"],"picked":"SKIP","floor":29.0},{"not_picked":["Sweeping Beam","Beam Cell"],"picked":"Loop","floor":31.0},{"not_picked":["Echo Form","Machine Learning"],"picked":"Buffer","floor":35.0},{"not_picked":["Glacier","Leap","Rebound+1"],"picked":"SKIP","floor":37},{"not_picked":["Barrage+1","Turbo"],"picked":"Conserve Battery+1","floor":40},{"not_picked":["Go for the Eyes+1","Streamline+1","Ball Lightning"],"picked":"SKIP","floor":42},{"not_picked":["Genetic Algorithm","Reinforced Body"],"picked":"Turbo+1","floor":44},{"not_picked":["Compile Driver+1","Go for the Eyes+1"],"picked":"Capacitor+1","floor":49},{"not_picked":["Beam Cell","Barrage","Ball Lightning+1"],"picked":"SKIP","floor":50},{"not_picked":["Heatsinks+1","Leap"],"picked":"Cold Snap+1","floor":52}],"player_experience":298558,"relics_obtained":[{"floor":6.0,"key":"Bag of Marbles"},{"floor":9.0,"key":"White Beast Statue"},{"floor":10.0,"key":"Potion Belt"},{"floor":12.0,"key":"MealTicket"},{"floor":27.0,"key":"Strawberry"},{"floor":28.0,"key":"Blood Vial"},{"floor":46,"key":"Pear"},{"floor":47,"key":"Pen Nib"},{"floor":49,"key":"Dead Branch"},{"floor":52,"key":"Bottled Tornado"}],"event_choices":[{"damage_healed":0.0,"max_hp_gain":0.0,"max_hp_loss":0.0,"gold_gain":0.0,"event_name":"Scrap Ooze","player_choice":"Success","floor":3.0,"gold_loss":0.0,"damage_taken":12.0,"relics_obtained":["Bag of Preparation"]},{"damage_healed":0.0,"max_hp_gain":0.0,"max_hp_loss":0.0,"gold_gain":175.0,"event_name":"Liars Game","player_choice":"AGREE","floor":4.0,"gold_loss":0.0,"damage_taken":0.0,"cards_obtained":["Doubt"]},{"damage_healed":0.0,"max_hp_gain":0.0,"max_hp_loss":0.0,"gold_gain":0.0,"cards_transformed":["Strike_B"],"event_name":"Transmorgrifier","player_choice":"Transformed","floor":5.0,"gold_loss":0.0,"damage_taken":0.0,"cards_obtained":["Echo Form"]},{"damage_healed":0.0,"max_hp_gain":0.0,"max_hp_loss":0.0,"gold_gain":0.0,"event_name":"Accursed Blacksmith","player_choice":"Forge","floor":13.0,"gold_loss":0.0,"damage_taken":0.0,"cards_upgraded":["Zap"]},{"cards_removed":["Doubt"],"damage_healed":0.0,"max_hp_gain":0.0,"max_hp_loss":0.0,"gold_gain":0.0,"event_name":"Beggar","player_choice":"Gave Gold","floor":23.0,"gold_loss":75.0,"damage_taken":0.0},{"damage_healed":0,"gold_gain":0,"player_choice":"Max HP","damage_taken":0,"max_hp_gain":0,"max_hp_loss":4,"event_name":"Winding Halls","floor":39,"gold_loss":0},{"damage_healed":0,"gold_gain":0,"player_choice":"Memory 1","damage_taken":0,"max_hp_gain":0,"max_hp_loss":0,"event_name":"SensoryStone","floor":41,"gold_loss":0},{"damage_healed":0,"gold_gain":0,"player_choice":"Fight","damage_taken":0,"max_hp_gain":0,"max_hp_loss":0,"event_name":"MindBloom","floor":49,"gold_loss":0},{"damage_healed":0,"gold_gain":0,"player_choice":"Paid","damage_taken":0,"relics_obtained":["Red Mask"],"max_hp_gain":0,"max_hp_loss":0,"event_name":"Tomb of Lord Red Mask","floor":51,"gold_loss":210}],"is_beta":false,"boss_relics":[{"not_picked":["Calling Bell","Runic Pyramid"],"picked":"Coffee Dripper"},{"not_picked":["Cursed Key","Runic Dome"],"picked":"FrozenCore"}],"items_purged_floors":[2,33,38],"is_endless":false,"potions_floor_spawned":[1,8,15,17,19,20,21,22,29,31,35,37,40,42,44,49,50,52],"ascension_level":1}}