{"host":"d66n7ln59ex8canu","time":1610944131,"event":{"mods":["AchievementEnabler","BaseMod","Colored Map","Minty Spire (QoL Compilation)","Quick Restart","StSLib"],"gold_per_floor":[361,378,453,54,64,97,113,141,141,151,151,151,151,167,167,267,267,278,293,305,231,231,231],"floor_reached":22,"language":"ENG","playtime":720,"items_purged":[],"score":238,"play_id":"51c05c01-fd96-449f-bcbb-5a428910f3d0","local_time":"20210117232851","is_ascension_mode":true,"campfire_choices":[{"data":"Noxious Fumes","floor":11,"key":"SMITH"},{"floor":15,"key":"REST"}],"circlet_count":0,"master_deck":["Strike_G","Strike_G","Strike_G","Strike_G","Strike_G","Defend_G+1","Defend_G+1","Defend_G","Defend_G","Defend_G","Survivor","Neutralize","Noxious Fumes+1","Bouncing Flask","Leg Sweep","Backstab","Cloak And Dagger","Night Terror","CurseOfTheBell","Dodge and Roll+1","Well Laid Plans+1","Backflip","Footwork"],"relics":["Ring of the Snake","Meat on the Bone","Sling","Bag of Preparation","Anchor","Pantograph","Question Card","Calling Bell","War Paint","HornCleat","Tough Bandages"],"acts_visited":["Exordium","TheCity"],"potions_floor_usage":[8,22,22],"damage_taken":[{"damage":0,"enemies":"Cultist","floor":1,"turns":4},{"damage":17,"enemies":"Jaw Worm","floor":2,"turns":5},{"damage":7,"enemies":"Small Slimes","floor":5,"turns":4},{"damage":21,"enemies":"Gremlin Nob","floor":6,"turns":4},{"damage":8,"enemies":"3 Louse","floor":7,"turns":4},{"damage":15,"enemies":"3 Sentries","floor":8,"turns":6},{"damage":6,"enemies":"Looter","floor":10,"turns":3},{"damage":7,"enemies":"2 Fungi Beasts","floor":14,"turns":4},{"damage":13,"enemies":"The Guardian","floor":16,"turns":9},{"damage":19,"enemies":"3 Byrds","floor":18,"turns":5},{"damage":2,"enemies":"Shell Parasite","floor":19,"turns":6},{"damage":17,"enemies":"Snake Plant","floor":20,"turns":5},{"damage":43,"enemies":"Cultist and Chosen","floor":22,"turns":5}],"seed_played":"-6731870975710930231","potions_obtained":[{"floor":1,"key":"Explosive Potion"},{"floor":5,"key":"Energy Potion"},{"floor":10,"key":"Dexterity Potion"},{"floor":16,"key":"CultistPotion"}],"is_trial":false,"path_per_floor":["M","M","?","$","M","E","M","E","T","M","R","$","?","M","R","B",null,"M","M","M","$","M"],"character_chosen":"THE_SILENT","items_purchased":["Meat on the Bone","Sling","Footwork"],"campfire_rested":1,"item_purchase_floors":[4,4,21],"current_hp_per_floor":[63,46,35,35,40,31,35,32,32,38,38,38,20,25,43,50,63,44,42,37,37,0,0],"gold":231,"neow_bonus":"TWO_FIFTY_GOLD","is_daily":false,"chose_seed":false,"campfire_upgraded":1,"win_rate":0.0,"timestamp":1610944131,"path_taken":["M","M","?","$","M","E","M","E","T","M","R","$","?","M","R","BOSS","M","M","M","$","M"],"items_purchased_type":["Relic","Relic","Card"],"build_version":"2020-12-22","purchased_purges":0,"victory":false,"max_hp_per_floor":[63,63,63,63,63,63,63,63,63,63,63,63,63,63,63,63,63,63,63,63,63,63,63],"card_choices":[{"not_picked":["Infinite Blades","PiercingWail"],"picked":"Noxious Fumes","floor":1},{"not_picked":["Calculated Gamble","Escape Plan","Skewer"],"picked":"SKIP","floor":2},{"not_picked":["Dagger Spray","Dodge and Roll"],"picked":"Bouncing Flask","floor":5},{"not_picked":["Slice","Deflect"],"picked":"Leg Sweep","floor":6},{"not_picked":["Distraction","Well Laid Plans"],"picked":"Backstab","floor":7},{"not_picked":["Acrobatics","Eviscerate","PiercingWail"],"picked":"SKIP","floor":8},{"not_picked":["Underhanded Strike","Escape Plan","Sucker Punch"],"picked":"SKIP","floor":10},{"not_picked":["Heel Hook","PiercingWail","Acrobatics"],"picked":"Cloak And Dagger","floor":14},{"not_picked":["A Thousand Cuts","Die Die Die","Wraith Form v2"],"picked":"Night Terror","floor":16},{"not_picked":["Heel Hook","Accuracy+1","Backstab"],"picked":"Dodge and Roll+1","floor":18},{"not_picked":["PiercingWail","Calculated Gamble","Eviscerate+1"],"picked":"Well Laid Plans+1","floor":19},{"not_picked":["Eviscerate","Riddle With Holes","Choke"],"picked":"Backflip","floor":20}],"player_experience":330410,"relics_obtained":[{"floor":6,"key":"Bag of Preparation"},{"floor":8,"key":"Anchor"},{"floor":9,"key":"Pantograph"},{"floor":17,"key":"War Paint"},{"floor":17,"key":"HornCleat"},{"floor":17,"key":"Tough Bandages"}],"event_choices":[{"damage_healed":0,"gold_gain":75,"player_choice":"Gather Gold","damage_taken":11,"max_hp_gain":0,"max_hp_loss":0,"event_name":"World of Goop","floor":3,"gold_loss":0},{"damage_healed":0,"gold_gain":0,"player_choice":"Success","damage_taken":18,"relics_obtained":["Question Card"],"max_hp_gain":0,"max_hp_loss":0,"event_name":"Scrap Ooze","floor":13,"gold_loss":0}],"is_beta":false,"boss_relics":[{"not_picked":["Pandora\u0027s Box","Busted Crown"],"picked":"Calling Bell"}],"items_purged_floors":[],"is_endless":false,"potions_floor_spawned":[1,5,10,16,18,20],"killed_by":"Cultist and Chosen","ascension_level":4}}