{"host":"56d873i5r3uhle0q","time":1610942998,"event":{"mods":["100% Spire Juice","Act Like it!","Aspiration","BaseMod","Block Reminder","Conspire","Gensokyo","Hermit","Jedi Mod","Marisa????????","Marked Mod","Minty Spire (QoL Compilation)","Replay The Spire","StSLib","The Animator","The Bug Knight","The Cursed","The Jungle","The Marked","The Servant 0.9.4","everything is the same but u backflip on backflip","vexMod","??????REMEMod"],"gold_per_floor":[110,122,0,11,22,22,22,22,48,279,294,308,308,308,308,404,404,423,523,279,279,295,295,309,309,309,322,322,322,322,337,337,442,442,462,462,480,480,407,407,417,417,466,484,33,33,33,33],"floor_reached":47,"language":"ENG","playtime":2267,"items_purged":["Replay:Anticipation","Defend_R","Strike_R","Strike_R"],"score":425,"play_id":"3d953502-44e5-447b-b1d0-023dd1e4a203","local_time":"20210117210958","is_ascension_mode":false,"campfire_choices":[{"floor":6.0,"key":"REST"},{"floor":8.0,"key":"REST"},{"floor":13.0,"key":"REST"},{"floor":15.0,"key":"REST"},{"floor":23.0,"key":"REST"},{"data":"Havoc","floor":25.0,"key":"SMITH"},{"floor":30.0,"key":"REST"},{"floor":32.0,"key":"REST"},{"floor":40.0,"key":"REST"},{"data":"ReplayTheSpireMod:Strike From Hell","floor":42.0,"key":"SMITH"},{"floor":46.0,"key":"REST"}],"circlet_count":0,"master_deck":["Strike_R","Strike_R","Strike_R","Defend_R","Defend_R","Defend_R","Bash","Havoc","Sentinel","Eclipse","REME_TheLastStrike","ReplayTheSpireMod:Strike From Hell+1","jedi:strikingstrike","ReplayTheSpireMod:Strike From Hell","Night Terror","Havoc+1","ReplayTheSpireMod:Strike From Hell+1","Gensokyo:BlemishedSteel","Defy Death+1","Dark Embrace","jedi:bloodyhammer"],"relics":["Burning Blood","REME_ComplimentaryCards","Smiling Mask","Replay:Mystery Machine","StrikeDummy","Mark of Pain","Gambling Chip","conspire:InfiniteJournal","jedi:cryingmask","Self Forming Clay","Gensokyo:MosesMiracle","HollowMod:PaleOreRelic","BargainBundle","Lantern"],"acts_visited":["Gensokyo:Gensokyo","Gensokyo:Gensokyoer","Gensokyo:Gensokyoest"],"potions_floor_usage":[47],"damage_taken":[{"damage":8.0,"enemies":"Gensokyo:2_Kodama","floor":1.0,"turns":5.0},{"damage":11.0,"enemies":"Gensokyo:Python","floor":2.0,"turns":3.0},{"damage":24.0,"enemies":"Gensokyo:Gryphon","floor":4.0,"turns":4.0},{"damage":41.0,"enemies":"Gensokyo:5_Fairies","floor":5.0,"turns":8.0},{"damage":74.0,"enemies":"Gensokyo:Cirno","floor":10.0,"turns":9.0},{"damage":1.0,"enemies":"Gensokyo:3_Kodama","floor":11.0,"turns":5.0},{"damage":7.0,"enemies":"Gensokyo:Gryphon_and_Rabbit","floor":12.0,"turns":2.0},{"damage":44.0,"enemies":"Gensokyo:Reimu","floor":16.0,"turns":11.0},{"damage":14.0,"enemies":"Gensokyo:AngelMirror","floor":18.0,"turns":3.0},{"damage":36.0,"enemies":"Gensokyo:AngelMirror","floor":19.0,"turns":8.0},{"damage":10.0,"enemies":"Gensokyo:CosmicMonolith","floor":22.0,"turns":2.0},{"damage":17.0,"enemies":"Gensokyo:Wraith","floor":24.0,"turns":4.0},{"damage":36.0,"enemies":"Gensokyo:Swordslinger","floor":27.0,"turns":3.0},{"damage":4.0,"enemies":"Gensokyo:Mirror_and_Dog","floor":31.0,"turns":3.0},{"damage":43.0,"enemies":"Gensokyo:Eiki","floor":33.0,"turns":7.0},{"damage":22.0,"enemies":"Gensokyo:3_Boulders","floor":35.0,"turns":5.0},{"damage":31.0,"enemies":"Gensokyo:AncientGuardian","floor":37.0,"turns":5.0},{"damage":43.0,"enemies":"Gensokyo:3_Boulders","floor":41.0,"turns":6.0},{"damage":0.0,"enemies":"Gensokyo:SeedOfUnknown","floor":44.0,"turns":2.0},{"damage":82,"enemies":"Gensokyo:Kasen","floor":47,"turns":6}],"seed_played":"-2328973117771982257","potions_obtained":[{"floor":1.0,"key":"SteroidPotion"},{"floor":2.0,"key":"Dexterity Potion"},{"floor":12.0,"key":"jedi:tentaclejuice"},{"floor":22.0,"key":"Dexterity Potion"},{"floor":31.0,"key":"EssenceOfSteel"},{"floor":33.0,"key":"SteroidPotion"},{"floor":44.0,"key":"Reflective Coating"}],"is_trial":false,"path_per_floor":["M","M","COS","M","M","R","?","R","T","E","M","M","R","?","R","B",null,"M","?","$","?","M","R","M","R","T","M","?","?","R","M","R","B",null,"M","?","M","?","COS","R","M","R","T","M","$","R","E"],"character_chosen":"IRONCLAD","items_purchased":["jedi:cryingmask","BargainBundle","Dark Embrace","jedi:bloodyhammer","REME_GoldPotion","LifebloodPotion","Lantern"],"campfire_rested":9,"item_purchase_floors":[20,45,45,45,45,45,45],"current_hp_per_floor":[78,73,73,55,20,44,52,76,76,8,13,12,36,44,68,30,80,72,42,47,39,35,60,49,49,49,19,19,19,44,46,71,34,85,69,78,53,53,53,78,41,41,41,47,52,79,0,0],"gold":33,"neow_bonus":"THREE_CARDS","is_daily":false,"chose_seed":false,"campfire_upgraded":2,"win_rate":0.0,"timestamp":1610942998,"path_taken":["M","M","COS","M","M","R","?","R","T","E","?","M","R","?","R","BOSS","M","?","$","?","M","R","?","R","T","M","?","?","R","M","R","BOSS","M","?","?","?","COS","R","M","R","T","?","$","R","E"],"items_purchased_type":["Relic","Relic","Card","Card","Potion","Potion","Relic"],"build_version":"2020-12-22","purchased_purges":4,"victory":false,"max_hp_per_floor":[80,80,80,80,80,80,80,80,80,80,80,80,80,80,80,80,80,80,80,85,85,85,85,85,85,85,85,85,85,85,85,85,85,85,85,85,85,85,85,85,85,85,85,85,90,90,90,90],"card_choices":[{"not_picked":["Disarm","Seeing Red"],"picked":"Havoc","floor":0.0},{"not_picked":["ReplayTheSpireMod:LeadingStrike","jedi:fear","Life Link"],"picked":"SKIP","floor":1.0},{"not_picked":["Flex","Thunderclap","Sword Boomerang"],"picked":"SKIP","floor":2.0},{"not_picked":["jedi:fear","Iron Wave"],"picked":"Sentinel","floor":4.0},{"not_picked":["Bludgeon","jedi:harder"],"picked":"Eclipse","floor":5.0},{"not_picked":["Armaments","Clash","Iron Wave"],"picked":"SKIP","floor":5.0},{"not_picked":["Cleave","Disarm"],"picked":"REME_TheLastStrike","floor":10.0},{"not_picked":["Clothesline","Twin Strike"],"picked":"ReplayTheSpireMod:Strike From Hell","floor":11.0},{"not_picked":["Heavy Blade","Wild Strike","Metallicize"],"picked":"SKIP","floor":12.0},{"not_picked":["Offering","Immolate"],"picked":"jedi:strikingstrike","floor":16.0},{"not_picked":["Heavy Blade","Bloodletting","jedi:fear"],"picked":"SKIP","floor":18.0},{"not_picked":["Infernal Blade","Anger+1"],"picked":"ReplayTheSpireMod:Strike From Hell","floor":19.0},{"not_picked":["ReplayReversal","Replay:Undeath\u0027s Touch","Shrug It Off"],"picked":"SKIP","floor":22.0},{"not_picked":["Wild Strike","Clothesline+1"],"picked":"Havoc","floor":24.0},{"not_picked":["Corruption","Warcry","Perfected Strike"],"picked":"SKIP","floor":27.0},{"not_picked":["Twin Strike","Perfected Strike","Impervious"],"picked":"SKIP","floor":31.0},{"not_picked":["Flex+1","Run Through","Headbutt+1"],"picked":"SKIP","floor":35.0},{"not_picked":["Headbutt","Shrug It Off"],"picked":"ReplayTheSpireMod:Strike From Hell+1","floor":37.0},{"not_picked":["Havoc","Clothesline","Perfected Strike"],"picked":"SKIP","floor":41.0},{"not_picked":["Flex","Body Slam+1"],"picked":"Defy Death+1","floor":44.0}],"player_experience":544925,"relics_obtained":[{"floor":9.0,"key":"Smiling Mask"},{"floor":10.0,"key":"StrikeDummy"},{"floor":19.0,"key":"Gambling Chip"},{"floor":19.0,"key":"conspire:InfiniteJournal"},{"floor":26.0,"key":"Self Forming Clay"},{"floor":35.0,"key":"Gensokyo:MosesMiracle"},{"floor":43.0,"key":"HollowMod:PaleOreRelic"}],"event_choices":[{"damage_healed":0.0,"max_hp_gain":0.0,"max_hp_loss":0.0,"gold_gain":0.0,"event_name":"conspire:Investor","player_choice":"Leave","floor":38.0,"gold_loss":0.0,"damage_taken":0.0}],"is_beta":false,"boss_relics":[{"not_picked":["Philosopher\u0027s Stone","vexMod:TanglingVine"],"picked":"Mark of Pain"},{"not_picked":[]}],"items_purged_floors":[20,20,45,45],"is_endless":false,"potions_floor_spawned":[1,2,12,22,31,33,44],"killed_by":"Gensokyo:Kasen","ascension_level":0}}