{"host":"t68ntb1c3qnogwpa","time":1610974392,"event":{"mods":["BaseMod","Downfall","Minty Spire (QoL Compilation)","Relic Stats","StSLib"],"gold_per_floor":[99,99,99,99,249,276,276,291,216,216,216,216,226,260,280,280,280,280],"floor_reached":16,"language":"ZHS","playtime":704,"items_purged":[],"score":131,"play_id":"45b1231e-ff8a-4d52-aa33-8cf6c1078147","local_time":"20210118205312","is_ascension_mode":false,"campfire_choices":[{"floor":1.0,"key":"RECALL"},{"data":"champ:FaceSlap","floor":9.0,"key":"SMITH"},{"data":"champ:DefensiveStyle","floor":11.0,"key":"SMITH"}],"circlet_count":0,"master_deck":["champ:Strike","champ:Strike","champ:Strike","champ:Defend","champ:Defend","champ:Defend","champ:Defend","champ:Execute","champ:Taunt","champ:DefensiveStyle+1","champ:ArenaPreparation","Madness","champ:HeartStrike","champ:FaceSlap+1","champ:DeathBlow","champ:FocusedDefense","champ:ShieldWall"],"relics":["champ:ChampionCrown","downfall:HeartsMalice","Gambling Chip","Bag of Preparation","Question Card","downfall:HeartBlessingRed","Akabeko"],"acts_visited":[],"potions_floor_usage":[16],"damage_taken":[{"damage":0.0,"enemies":"Jaw Worm","floor":2.0,"turns":1.0},{"damage":0.0,"enemies":"2 Louse","floor":3.0,"turns":1.0},{"damage":0.0,"enemies":"3 Sentries","floor":6.0,"turns":1.0},{"damage":25.0,"enemies":"Small Slimes","floor":8.0,"turns":2.0},{"damage":15,"enemies":"3 Louse","floor":13,"turns":2},{"damage":46,"enemies":"Gremlin Nob","floor":14,"turns":5},{"damage":10,"enemies":"2 Fungi Beasts","floor":15,"turns":2},{"damage":99,"enemies":"WA_ARCHETYPE_RETAIN","floor":16,"turns":4}],"seed_played":"5538960678935832641","potions_obtained":[{"floor":8.0,"key":"Fire Potion"},{"floor":13,"key":"Energy Potion"},{"floor":15,"key":"Fire Potion"}],"is_trial":false,"path_per_floor":["R","M","M","?","?","E","T","M","R","?","R","?","M","E","M","B"],"character_chosen":"THE_CHAMP","items_purchased":[],"campfire_rested":0,"item_purchase_floors":[],"current_hp_per_floor":[90,90,90,87,87,87,87,87,87,92,92,92,87,71,71,0,0,0],"gold":280,"neow_bonus":"THREE_ENEMY_KILL","is_daily":false,"chose_seed":false,"campfire_upgraded":2,"win_rate":0.0,"timestamp":1610974392,"path_taken":["R","M","M","?","?","E","T","M","R","?","R","?","M","E","M","BOSS"],"items_purchased_type":[],"build_version":"2020-12-22","purchased_purges":0,"victory":false,"max_hp_per_floor":[90,90,90,90,90,90,90,90,90,95,95,95,95,95,95,95,95,95],"relic_stats":{"counters":[4,13],"Gambling Chip":[5],"Bag of Preparation":[8],"Question Card":3,"obtain_stats":[{"downfall:HeartBlessingRed":0,"Gambling Chip":0,"champ:ChampionCrown":0,"downfall:HeartsMalice":0,"Bag of Preparation":0,"Question Card":0,"Akabeko":14},{"downfall:HeartBlessingRed":0,"Gambling Chip":0,"champ:ChampionCrown":0,"downfall:HeartsMalice":0,"Bag of Preparation":0,"Question Card":0,"Akabeko":2},{"downfall:HeartBlessingRed":0,"Gambling Chip":0,"champ:ChampionCrown":0,"downfall:HeartsMalice":0,"Bag of Preparation":0,"Question Card":0,"Akabeko":7}]},"card_choices":[{"not_picked":["champ:BladeFlurry","champ:CrookedStrike"],"picked":"champ:DefensiveStyle","floor":2.0},{"not_picked":["champ:Backstep","champ:BladeFlurry"],"picked":"champ:ArenaPreparation","floor":3.0},{"not_picked":["champ:Backstep","champ:CalledShot"],"picked":"champ:HeartStrike","floor":6.0},{"not_picked":["champ:TornadoPunch","champ:PerfectedStrike","champ:ShieldWall"],"picked":"champ:FaceSlap","floor":8.0},{"not_picked":["champ:StanceDance","champ:Backstep","champ:SkillfulDodge"],"picked":"champ:DeathBlow","floor":13},{"not_picked":["champ:ShieldSlam","champ:RapidStrikes","champ:Lariat"],"picked":"champ:FocusedDefense","floor":14},{"not_picked":["champ:FanOfKnives","champ:CrownThrow","champ:Backstep"],"picked":"champ:ShieldWall","floor":15}],"player_experience":205794,"relics_obtained":[{"floor":6.0,"key":"Bag of Preparation"},{"floor":7.0,"key":"Question Card"},{"floor":14,"key":"Akabeko"}],"event_choices":[{"damage_healed":0.0,"max_hp_gain":0.0,"max_hp_loss":0.0,"gold_gain":0.0,"event_name":"Scrap Ooze","player_choice":"Success","floor":4.0,"gold_loss":0.0,"damage_taken":3.0,"relics_obtained":["Gambling Chip"]},{"damage_healed":0.0,"max_hp_gain":5.0,"max_hp_loss":0.0,"gold_gain":0.0,"event_name":"Big Fish","player_choice":"Donut","floor":10.0,"gold_loss":0.0,"damage_taken":0.0}],"is_beta":false,"boss_relics":[],"items_purged_floors":[],"is_endless":false,"potions_floor_spawned":[8,13,15],"killed_by":"WA_ARCHETYPE_RETAIN","ascension_level":0}}