{"host":"mmxi1hjn5usmb1ga","time":1610942047,"event":{"mods":["BaseMod","BetterRewards","Downfall","Minty Spire (QoL Compilation)","Quick Restart","READ ME - Guardian Mod","READ ME - Snecko Mod","RumiaBox-露米娅的神秘盒子","Shop Mod","StSLib","Td1madao Mod","The Bug Knight","Yuri Mod","[IsaacMod]以撒尖塔"],"gold_per_floor":[99,114,114,114,214,214,263,298,317,366,266,366,398,398,409,488,488,388,401,76,176,176,201,201,231,257,257,303,203,213,213,223,300,300,300,319,371,411,583,77,86,119,119,153,180,189,232,268,288,297,297,322,162,162,177,177,177],"floor_reached":55,"language":"ZHS","playtime":2414,"items_purged":[],"score":2350,"play_id":"52f56d32-8feb-49d3-8e35-d0d5e4ba25f6","local_time":"20210118115407","daily_mods":["Hoarder","Flight","Cursed Run"],"is_ascension_mode":true,"campfire_choices":[{"data":"Wraith Form v2","floor":1.0,"key":"SMITH"},{"floor":6.0,"key":"RECALL"},{"data":"Slimebound:DuplicatedForm","floor":11.0,"key":"SMITH"},{"data":"yuri:GhostForm","floor":18.0,"key":"SMITH"},{"data":"hexamod:HexaLevel","floor":29.0,"key":"SMITH"},{"data":"hexamod:CouncilsJustice","floor":35.0,"key":"SMITH"},{"data":"expansioncontent:AwakenDeath","floor":54,"key":"SMITH"}],"circlet_count":0,"master_deck":["Demon Form+1","Wraith Form v2+1","Echo Form","DevaForm","Guardian:ConstructionForm+1","Slimebound:DuplicatedForm+1","yuri:DragonForm+1","yuri:GhostForm+1","hexamod:HexaLevel+1","AscendersBane","hexamod:Sear","hexamod:Float","BettingIsNotGood+1","BettingIsNotGood","BettingIsNotGood","hexamod:NightmareStrike+1","hexamod:NightmareStrike","hexamod:NightmareStrike","Regret","Regret","Regret","hexamod:InspiringFlames","hexamod:InspiringFlames","hexamod:InspiringFlames","Clumsy","Clumsy","Clumsy","Shame","Shame","Shame","Decay","Decay","Decay","downfall:Malfunctioning","downfall:Malfunctioning","downfall:Malfunctioning","hexamod:SixthSeal","hexamod:SixthSeal","hexamod:SixthSeal","downfall:Bewildered","downfall:Bewildered","downfall:Bewildered","hexamod:GhostLash","hexamod:GhostLash+1","hexamod:GhostLash+1","hexamod:GhostShield+1","hexamod:GhostShield+1","hexamod:GhostShield+1","hexamod:FourthSeal","hexamod:FourthSeal","hexamod:FourthSeal","Normality","Normality","Regret","Regret","Regret","hexamod:GiftsFromTheDead+1","hexamod:GiftsFromTheDead+1","hexamod:GiftsFromTheDead","hexamod:Hexaguard","hexamod:Hexaguard","hexamod:Hexaguard","Slimebound:CheckThePlaybook","Slimebound:CheckThePlaybook","Slimebound:CheckThePlaybook","downfall:Icky","downfall:Icky","downfall:Icky","Parasite","Parasite","Parasite","Regret","Regret","Regret","Pain","Pain","Pain","hexamod:SpectersWail","hexamod:SpectersWail","hexamod:SpectersWail","hexamod:NightmareGuise","hexamod:NightmareGuise+1","hexamod:NightmareGuise","Ghostly","Ghostly+1","Ghostly","Ghostly+1","Ghostly+1","Ghostly","Ghostly+1","Ghostly","Ghostly","hexamod:CouncilsJustice","hexamod:CouncilsJustice+1","hexamod:CouncilsJustice","hexamod:CouncilsJustice+1","hexamod:CouncilsJustice","hexamod:CouncilsJustice","hexamod:CouncilsJustice","hexamod:CouncilsJustice","hexamod:CouncilsJustice","Injury","Injury","Injury","downfall:Aged","downfall:Aged","downfall:Aged","hexamod:ParanormalForm+1","hexamod:ParanormalForm+1","hexamod:ParanormalForm+1","Injury","Injury","Injury","expansioncontent:HyperBeam","expansioncontent:HyperBeam","expansioncontent:HyperBeam","expansioncontent:AwakenDeath","expansioncontent:AwakenDeath","expansioncontent:AwakenDeath+1","expansioncontent:LastStand","expansioncontent:LastStand","expansioncontent:LastStand","Shame","Shame","Shame","hexamod:NightmareStrike","hexamod:NightmareStrike","hexamod:NightmareStrike","hexamod:FirstSeal","hexamod:FirstSeal","hexamod:FirstSeal","hexamod:ThirdSeal","hexamod:ThirdSeal","hexamod:ThirdSeal","Shame","Shame","Shame"],"relics":["Cursed Key","Darkstone Periapt","Du-Vu Doll","HushsDoor","FossilizedHelix","HowToJump","Ancient Tea Set","Blue Candle","hexamod:BolsterEngine","BelialBook","Turnip","downfall:HeartBlessingRed","Tiny Chest","Empty Cage","downfall:HeartBlessingBlue","BloodBag","HollowMod:QueensCombRelic","Ornamental Fan","Whetstone","MagicDraw3","Bag of Marbles","GnawedLeaf","HollowMod:StagPassRelic","Guardian:PocketSentry","downfall:HeartBlessingGreen","sneckomod:SneckoTalon","CeramicFish","Juzu Bracelet","PreservedInsect","War Paint","Habit","Bag of Preparation","Orichalcum","TheBible","hexamod:MatchstickCase","GodSword3","champ:DuelingGlove","Boot"],"acts_visited":["Exordium","TheCity","TheBeyond","TheEnding"],"potions_floor_usage":[44,55,55],"damage_taken":[{"damage":0.0,"enemies":"Cultist","floor":2.0,"turns":4.0},{"damage":0.0,"enemies":"downfall:FleeingMerchant","floor":4.0,"turns":4.0},{"damage":6.0,"enemies":"3 Sentries","floor":8.0,"turns":5.0},{"damage":9.0,"enemies":"2 Louse","floor":9.0,"turns":3.0},{"damage":10.0,"enemies":"HollowMod:MossKnight","floor":10.0,"turns":5.0},{"damage":23.0,"enemies":"downfall:Heads","floor":12.0,"turns":3.0},{"damage":1.0,"enemies":"3 Sentries","floor":13.0,"turns":4.0},{"damage":10.0,"enemies":"Jaw Worm","floor":15.0,"turns":2.0},{"damage":47.0,"enemies":"WA_ARCHETYPE_RETAIN","floor":16.0,"turns":8.0},{"damage":8.0,"enemies":"Spheric Guardian","floor":19.0,"turns":3.0},{"damage":25.0,"enemies":"downfall:FleeingMerchant","floor":20.0,"turns":4.0},{"damage":15.0,"enemies":"Colosseum Nobs","floor":21.0,"turns":4.0},{"damage":120.0,"enemies":"Book of Stabbing","floor":25.0,"turns":6.0},{"damage":22.0,"enemies":"Gremlin Leader","floor":26.0,"turns":3.0},{"damage":4.0,"enemies":"Book of Stabbing","floor":28.0,"turns":4.0},{"damage":5.0,"enemies":"Shell Parasite","floor":30.0,"turns":4.0},{"damage":4.0,"enemies":"Centurion and Healer","floor":32.0,"turns":4.0},{"damage":12.0,"enemies":"DF_ARCHETYPE_CLAW","floor":33.0,"turns":4.0},{"damage":23.0,"enemies":"3 Darklings","floor":36.0,"turns":8.0},{"damage":14.0,"enemies":"Orb Walker","floor":38.0,"turns":2.0},{"damage":0.0,"enemies":"downfall:FleeingMerchant","floor":39.0,"turns":2.0},{"damage":7.0,"enemies":"Transient","floor":42.0,"turns":6.0},{"damage":9,"enemies":"Nemesis","floor":44,"turns":5},{"damage":1,"enemies":"Giant Head","floor":47,"turns":3},{"damage":0,"enemies":"Nemesis","floor":48,"turns":1},{"damage":2,"enemies":"Maw","floor":49,"turns":1},{"damage":10,"enemies":"IC_BLOCK_ARCHETYPE","floor":50,"turns":7},{"damage":0,"enemies":"downfall:CharBossMerchant","floor":52,"turns":1},{"damage":53,"enemies":"downfall:NeowBoss","floor":55,"turns":10}],"seed_played":"-2111480570154164215","potions_obtained":[{"floor":2.0,"key":"Weak Potion"},{"floor":10.0,"key":"Explosive Potion"},{"floor":13.0,"key":"SkillPotion"},{"floor":13.0,"key":"Fire Potion"},{"floor":15.0,"key":"Fire Potion"},{"floor":16.0,"key":"SkillPotion"},{"floor":16.0,"key":"PowerPotion"},{"floor":21.0,"key":"Fire Potion"},{"floor":21.0,"key":"LiquidMemories"},{"floor":25.0,"key":"Fire Potion"},{"floor":28.0,"key":"Weak Potion"},{"floor":28.0,"key":"SteroidPotion"},{"floor":30.0,"key":"Strength Potion"},{"floor":32.0,"key":"DistilledChaos"},{"floor":33.0,"key":"Block Potion"},{"floor":36.0,"key":"Swift Potion"},{"floor":48,"key":"Fire Potion"},{"floor":49,"key":"Dexterity Potion"}],"is_trial":true,"path_per_floor":["R","M","?","$","?","R","T","E","M","E","R","?","E","T","M","B",null,"R","M","$","?","?","T","T","E","E","?","E","R","M","?","M","B",null,"R","M","T","M","$","$","T","M","?","E","?","T","E","E","M","B",null,"E","$","R","B"],"character_chosen":"THE_SPIRIT","items_purchased":["BloodDonationMachine","Juzu Bracelet","PreservedInsect","War Paint","Habit","Boot"],"campfire_rested":0,"item_purchase_floors":[20,39,40,40,40,53],"current_hp_per_floor":[57,57,75,81,158,158,176,170,161,166,166,151,150,168,158,129,188,198,190,186,150,168,186,204,84,70,88,92,92,95,95,95,105,119,119,100,118,108,126,126,144,141,141,140,130,148,151,155,157,177,191,195,195,195,142,142,142],"gold":177,"neow_bonus":"","is_daily":false,"chose_seed":false,"campfire_upgraded":6,"win_rate":0.0,"timestamp":1610942047,"path_taken":["R","M","?","?","?","R","T","E","?","E","R","?","E","?","M","BOSS","R","M","$","?","?","?","T","E","E","?","E","R","?","?","M","BOSS","R","M","?","?","$","$","T","M","?","E","?","?","E","E","M","BOSS","E","$","R","BOSS"],"items_purchased_type":["Relic","Relic","Relic","Relic","Relic","Relic"],"build_version":"2020-12-22","purchased_purges":0,"victory":false,"max_hp_per_floor":[63,63,81,81,158,158,176,176,176,174,174,172,172,190,190,208,208,218,218,225,150,168,186,204,200,200,218,216,216,214,107,107,123,123,123,123,141,141,141,141,159,159,159,159,159,177,177,177,177,195,195,195,195,195,195,195,195],"card_choices":[{"not_picked":[],"picked":"BettingIsNotGood","floor":0.0},{"not_picked":["hexamod:FirstSeal","hexamod:ThirdSeal"],"picked":"hexamod:NightmareStrike","floor":2.0},{"not_picked":["hexamod:HauntingEcho","hexamod:Rewind"],"picked":"hexamod:InspiringFlames","floor":4.0},{"not_picked":["hexamod:HeatShield","hexamod:HauntingEcho","hexamod:FlameSwitch"],"picked":"SKIP","floor":8.0},{"not_picked":["hexamod:NightmareStrike","hexamod:AdvancingGuard"],"picked":"hexamod:GhostLash","floor":9.0},{"not_picked":["hexamod:Firestarter","hexamod:SwordOfDarkness","hexamod:GhostShield"],"picked":"SKIP","floor":10.0},{"not_picked":["hexamod:HeatCrush","hexamod:ThermalTransfer"],"picked":"hexamod:FourthSeal","floor":12.0},{"not_picked":["hexamod:GhostflameBarrier","hexamod:FastForward","hexamod:Rewind"],"picked":"SKIP","floor":13.0},{"not_picked":["hexamod:BacktrackSmack","hexamod:DynamicBlow","hexamod:BurningTouch"],"picked":"SKIP","floor":15.0},{"not_picked":["hexamod:GhostflameInferno","hexamod:ParanormalForm"],"picked":"hexamod:GiftsFromTheDead","floor":16.0},{"not_picked":["hexamod:Incineration","hexamod:HauntingEcho","hexamod:ThermalTransfer"],"picked":"SKIP","floor":19.0},{"not_picked":["hexamod:FlamesFromBeyond","hexamod:GhostLash","hexamod:PowerFromBeyond"],"picked":"SKIP","floor":20.0},{"not_picked":["hexamod:ExtraCrispy","hexamod:NightmareGuise"],"picked":"hexamod:Hexaguard","floor":21.0},{"not_picked":["hexamod:GhostOfSpireFuture","hexamod:HeatMetal","hexamod:AdvancingGuard"],"picked":"SKIP","floor":25.0},{"not_picked":["hexamod:SpectersWail","hexamod:RetreatToShadows","hexamod:HeatMetal"],"picked":"SKIP","floor":26.0},{"not_picked":["hexamod:SearingWound","hexamod:RecurringNightmare+1"],"picked":"hexamod:SpectersWail","floor":28.0},{"not_picked":["hexamod:HeatMetal","hexamod:PhantomFireball"],"picked":"hexamod:NightmareGuise","floor":30.0},{"not_picked":["hexamod:TurnItUp","hexamod:AdvancingGuard+1","hexamod:FlamesFromBeyond"],"picked":"SKIP","floor":32.0},{"not_picked":["hexamod:FlamesFromBeyond","hexamod:FastForward","hexamod:HauntingEcho"],"picked":"SKIP","floor":36.0},{"not_picked":["hexamod:AdvancingGuard","hexamod:StepThrough","hexamod:NightmareGuise"],"picked":"SKIP","floor":38.0},{"not_picked":["hexamod:BacktrackSmack+1","hexamod:FourthSeal"],"picked":"hexamod:ParanormalForm","floor":39.0},{"not_picked":["hexamod:SkipABeat","hexamod:BacktrackSmack","hexamod:InspiringFlames"],"picked":"SKIP","floor":42.0},{"not_picked":["hexamod:InspiringFlames","hexamod:ShieldOfDarkness","hexamod:EmpoweredFlame"],"picked":"SKIP","floor":44},{"not_picked":["expansioncontent:LastStand","expansioncontent:YouAreMine"],"picked":"expansioncontent:HyperBeam","floor":45},{"not_picked":["expansioncontent:GuardianWhirl","expansioncontent:HyperBeam"],"picked":"expansioncontent:AwakenDeath","floor":45},{"not_picked":["expansioncontent:Chronoboost","expansioncontent:HyperBeam"],"picked":"expansioncontent:LastStand","floor":45},{"not_picked":["hexamod:GhostOfSpireFuture","hexamod:NightmareGuise"],"picked":"hexamod:NightmareStrike","floor":47},{"not_picked":["hexamod:GhostShield","hexamod:Firestarter"],"picked":"hexamod:FirstSeal","floor":48},{"not_picked":["hexamod:FastForward","hexamod:GhostOfSpirePast"],"picked":"hexamod:ThirdSeal","floor":49},{"not_picked":["hexamod:StepThrough+1","hexamod:GhostLash","hexamod:AdvancingGuard"],"picked":"SKIP","floor":52}],"player_experience":700543,"relics_obtained":[{"floor":7.0,"key":"hexamod:BolsterEngine"},{"floor":8.0,"key":"BelialBook"},{"floor":10.0,"key":"Turnip"},{"floor":13.0,"key":"Tiny Chest"},{"floor":21.0,"key":"HollowMod:QueensCombRelic"},{"floor":21.0,"key":"Ornamental Fan"},{"floor":23.0,"key":"Whetstone"},{"floor":24.0,"key":"MagicDraw3"},{"floor":25.0,"key":"Bag of Marbles"},{"floor":26.0,"key":"GnawedLeaf"},{"floor":28.0,"key":"Guardian:PocketSentry"},{"floor":37.0,"key":"CeramicFish"},{"floor":41.0,"key":"Bag of Preparation"},{"floor":44,"key":"Orichalcum"},{"floor":46,"key":"TheBible"},{"floor":47,"key":"hexamod:MatchstickCase"},{"floor":48,"key":"GodSword3"},{"floor":52,"key":"champ:DuelingGlove"}],"event_choices":[{"damage_healed":0.0,"max_hp_gain":0.0,"max_hp_loss":0.0,"gold_gain":0.0,"event_name":"Big Fish","player_choice":"Box","floor":3.0,"gold_loss":0.0,"damage_taken":0.0,"relics_obtained":["Ancient Tea Set"],"cards_obtained":["Regret"]}],"is_beta":false,"boss_relics":[{"not_picked":["MagicMushroom","bronze:MakeshiftBattery"],"picked":"Empty Cage"},{"not_picked":[]},{"not_picked":["Runic Dome","expansioncontent:StudyCardRelic"],"picked":"sneckomod:SneckoTalon"},{"not_picked":[]}],"items_purged_floors":[],"is_endless":false,"potions_floor_spawned":[2,10,12,19,21,28,32,33,38,42,48,49,52],"killed_by":"downfall:NeowBoss","ascension_level":20}}