{"host":"d8hh7rr4yzitjeuj","time":1610971051,"event":{"mods":["2.2 Compatiblity","AchievementEnabler","Act Like it!","BaseMod","Colored Map","Colored Powertips","Highlight Path","Keyboard Shortcuts","Minty Spire (QoL Compilation)","Permanent Neow","Quick Restart","StSLib","SuperFastMode"],"gold_per_floor":[110,126,137,154,167,167,193,193,272,272,305,270,332,332,332,407,407,424,424,434,454,302,302,314,345,345,345,374,374,385,15,15,91,91,103,103,0,16,35,69,69,69,69,83,98,98,98,130,130,130,130,130,130,5,34,34,34],"floor_reached":56,"language":"KOR","playtime":2409,"items_purged":["Strike_R","Strike_R","Defend_R"],"score":2014,"play_id":"18377473-5a50-45ba-87f2-a9baf5970101","local_time":"20210118205731","is_ascension_mode":true,"campfire_choices":[{"data":"Carnage","floor":6.0,"key":"SMITH"},{"floor":8.0,"key":"REST"},{"floor":15.0,"key":"REST"},{"data":"Rupture","floor":23.0,"key":"SMITH"},{"floor":27.0,"key":"REST"},{"floor":32.0,"key":"REST"},{"floor":41.0,"key":"RECALL"},{"data":"Brutality","floor":46.0,"key":"SMITH"},{"data":"Dual Wield","floor":49.0,"key":"SMITH"},{"data":"Finesse","floor":53.0,"key":"SMITH"}],"circlet_count":0,"master_deck":["AscendersBane","Defend_R","Defend_R","Bash","Carnage+1","Brutality+1","Headbutt","Combust","Rupture+1","Disarm","Battle Trance","Feed","Disarm","Power Through","Reaper+1","True Grit+1","Sword Boomerang","Hemokinesis","Whirlwind+1","Intimidate+1","Blood for Blood","Dual Wield+1","Finesse+1","Offering","Heavy Blade","Shrug It Off+1","Sword Boomerang+1","Offering","Evolve"],"relics":["Burning Blood","Boot","Bottled Tornado","Gambling Chip","Regal Pillow","Sozu","Red Skull","Gremlin Horn","Lantern","OrangePellets","Coffee Dripper","Red Mask","Whetstone","Blue Candle","Bag of Preparation"],"acts_visited":["Exordium","TheCity","TheBeyond","TheEnding"],"potions_floor_usage":[],"damage_taken":[{"damage":0.0,"enemies":"Cultist","floor":1.0,"turns":2.0},{"damage":10.0,"enemies":"Small Slimes","floor":2.0,"turns":3.0},{"damage":20.0,"enemies":"2 Louse","floor":3.0,"turns":3.0},{"damage":4.0,"enemies":"Red Slaver","floor":4.0,"turns":2.0},{"damage":14.0,"enemies":"Blue Slaver","floor":5.0,"turns":3.0},{"damage":38.0,"enemies":"Gremlin Nob","floor":7.0,"turns":4.0},{"damage":0.0,"enemies":"Exordium Thugs","floor":10.0,"turns":1.0},{"damage":10.0,"enemies":"3 Sentries","floor":11.0,"turns":4.0},{"damage":36.0,"enemies":"Lagavulin Event","floor":13.0,"turns":5.0},{"damage":38.0,"enemies":"The Guardian","floor":16.0,"turns":10.0},{"damage":22.0,"enemies":"Shell Parasite","floor":18.0,"turns":4.0},{"damage":14.0,"enemies":"Chosen","floor":20.0,"turns":5.0},{"damage":12.0,"enemies":"Centurion and Healer","floor":21.0,"turns":7.0},{"damage":28.0,"enemies":"3 Cultists","floor":24.0,"turns":4.0},{"damage":45.0,"enemies":"Gremlin Leader","floor":25.0,"turns":7.0},{"damage":31.0,"enemies":"Book of Stabbing","floor":28.0,"turns":5.0},{"damage":23.0,"enemies":"Chosen and Byrds","floor":30.0,"turns":6.0},{"damage":52.0,"enemies":"Automaton","floor":33.0,"turns":5.0},{"damage":21.0,"enemies":"3 Darklings","floor":35.0,"turns":3.0},{"damage":27.0,"enemies":"3 Shapes","floor":38.0,"turns":4.0},{"damage":29.0,"enemies":"3 Darklings","floor":39.0,"turns":4.0},{"damage":52.0,"enemies":"Reptomancer","floor":40.0,"turns":5.0},{"damage":37.0,"enemies":"Spire Growth","floor":44.0,"turns":4.0},{"damage":49.0,"enemies":"4 Shapes","floor":45.0,"turns":5.0},{"damage":23.0,"enemies":"Giant Head","floor":48.0,"turns":4.0},{"damage":72.0,"enemies":"Time Eater","floor":50.0,"turns":7.0},{"damage":68.0,"enemies":"Donu and Deca","floor":51.0,"turns":5.0},{"damage":49.0,"enemies":"Shield and Spear","floor":55.0,"turns":4.0},{"damage":118,"enemies":"The Heart","floor":56,"turns":5}],"seed_played":"3868234508856608351","potions_obtained":[{"floor":3.0,"key":"DistilledChaos"},{"floor":4.0,"key":"HeartOfIron"},{"floor":7.0,"key":"SmokeBomb"},{"floor":13.0,"key":"SkillPotion"},{"floor":16.0,"key":"Swift Potion"}],"is_trial":false,"path_per_floor":["M","M","M","M","M","R","E","R","T","M","E","?","?","?","R","B",null,"M","?","M","M","$","R","M","E","T","R","E","?","M","$","R","B",null,"M","?","?","M","M","E","R","?","T","M","M","R","$","E","R","B","B",null,"R","$","E","B"],"character_chosen":"IRONCLAD","items_purchased":["Hemokinesis","OrangePellets","Finesse"],"campfire_rested":4,"item_purchase_floors":[22,31,31],"current_hp_per_floor":[68,64,50,52,44,44,12,32,32,38,37,54,27,27,64,35,67,54,54,62,73,73,73,54,18,18,60,38,38,26,26,69,23,77,68,58,58,56,73,101,101,101,101,95,77,77,77,87,87,104,45,92,92,92,77,0,0],"gold":34,"neow_bonus":"TRANSFORM_TWO_CARDS","is_daily":false,"chose_seed":false,"campfire_upgraded":5,"win_rate":0.0,"timestamp":1610971051,"path_taken":["M","M","M","M","M","R","E","R","T","M","E","?","?","?","R","BOSS","M","?","M","M","$","R","?","E","T","R","E","?","M","?","R","BOSS","M","?","?","M","M","E","R","?","T","?","M","R","$","E","R","BOSS","BOSS","R","$","E","BOSS"],"items_purchased_type":["Card","Relic","Card"],"build_version":"2020-12-22","purchased_purges":3,"victory":false,"max_hp_per_floor":[68,68,68,68,68,68,68,68,68,68,71,71,74,74,74,77,77,80,80,83,86,86,86,89,92,92,92,95,95,95,95,95,95,95,95,95,95,95,98,101,101,101,101,101,104,104,104,104,104,104,107,107,107,107,110,110,110],"card_choices":[{"not_picked":["Bloodletting","Thunderclap"],"picked":"Headbutt","floor":1.0},{"not_picked":["Pummel","Iron Wave"],"picked":"Combust","floor":2.0},{"not_picked":["True Grit","Uppercut"],"picked":"Rupture","floor":3.0},{"not_picked":["Rampage","Seeing Red"],"picked":"Disarm","floor":4.0},{"not_picked":["Dual Wield","Shockwave"],"picked":"Battle Trance","floor":5.0},{"not_picked":["Burning Pact","Seeing Red"],"picked":"Feed","floor":7.0},{"not_picked":["Fire Breathing","Clash"],"picked":"Disarm","floor":11.0},{"not_picked":["Pummel","Rupture"],"picked":"Power Through","floor":13.0},{"not_picked":["Demon Form","Barricade"],"picked":"Reaper","floor":16.0},{"not_picked":["Clothesline","Cleave"],"picked":"True Grit+1","floor":18.0},{"not_picked":["Thunderclap","Demon Form"],"picked":"Sword Boomerang","floor":20.0},{"not_picked":["True Grit","Inflame","Armaments"],"picked":"SKIP","floor":21.0},{"not_picked":["Anger","Clash"],"picked":"Whirlwind","floor":24.0},{"not_picked":["Fire Breathing","Combust"],"picked":"Intimidate+1","floor":25.0},{"not_picked":["Twin Strike+1","Metallicize+1"],"picked":"Blood for Blood","floor":28.0},{"not_picked":["Sentinel","Headbutt","Anger"],"picked":"SKIP","floor":30.0},{"not_picked":["Bludgeon","Exhume"],"picked":"Offering","floor":33.0},{"not_picked":["Thunderclap","Body Slam"],"picked":"Heavy Blade","floor":35.0},{"not_picked":["Anger","Armaments"],"picked":"Shrug It Off+1","floor":38.0},{"not_picked":["Feel No Pain","Power Through","Clash"],"picked":"SKIP","floor":39.0},{"not_picked":["Whirlwind+1","Havoc"],"picked":"Sword Boomerang+1","floor":40.0},{"not_picked":["Thunderclap+1","Iron Wave","True Grit"],"picked":"SKIP","floor":44.0},{"not_picked":["Pommel Strike","Seeing Red","Iron Wave"],"picked":"SKIP","floor":45.0},{"not_picked":["Ghostly Armor","Headbutt","Perfected Strike+1"],"picked":"SKIP","floor":48.0},{"not_picked":["Fire Breathing","Body Slam"],"picked":"Evolve","floor":55.0}],"player_experience":1446749,"relics_obtained":[{"floor":7.0,"key":"Boot"},{"floor":9.0,"key":"Bottled Tornado"},{"floor":11.0,"key":"Gambling Chip"},{"floor":13.0,"key":"Regal Pillow"},{"floor":25.0,"key":"Red Skull"},{"floor":26.0,"key":"Gremlin Horn"},{"floor":28.0,"key":"Lantern"},{"floor":40.0,"key":"Whetstone"},{"floor":48.0,"key":"Blue Candle"},{"floor":55.0,"key":"Bag of Preparation"}],"event_choices":[{"damage_healed":17.0,"max_hp_gain":0.0,"max_hp_loss":0.0,"gold_gain":0.0,"event_name":"The Cleric","player_choice":"Healed","floor":12.0,"gold_loss":35.0,"damage_taken":0.0},{"damage_healed":0.0,"max_hp_gain":0.0,"max_hp_loss":0.0,"gold_gain":30.0,"event_name":"Dead Adventurer","player_choice":"Searched \u00272\u0027 times","floor":13.0,"gold_loss":0.0,"damage_taken":0.0},{"damage_healed":0.0,"max_hp_gain":0.0,"max_hp_loss":0.0,"gold_gain":0.0,"event_name":"Liars Game","player_choice":"Ignored","floor":14.0,"gold_loss":0.0,"damage_taken":0.0},{"cards_removed":["Strike_R"],"damage_healed":0.0,"max_hp_gain":0.0,"max_hp_loss":0.0,"gold_gain":0.0,"event_name":"Bonfire Elementals","player_choice":"Offered Basic","floor":19.0,"gold_loss":0.0,"damage_taken":0.0},{"damage_healed":0.0,"max_hp_gain":0.0,"max_hp_loss":0.0,"gold_gain":0.0,"cards_transformed":["Strike_R"],"event_name":"Transmorgrifier","player_choice":"Transformed","floor":29.0,"gold_loss":0.0,"damage_taken":0.0,"cards_obtained":["Dual Wield"]},{"damage_healed":0.0,"max_hp_gain":0.0,"max_hp_loss":0.0,"gold_gain":0.0,"event_name":"SensoryStone","player_choice":"Memory 3","floor":36.0,"gold_loss":0.0,"damage_taken":10.0},{"damage_healed":0.0,"max_hp_gain":0.0,"max_hp_loss":0.0,"gold_gain":0.0,"event_name":"Tomb of Lord Red Mask","player_choice":"Paid","floor":37.0,"gold_loss":103.0,"damage_taken":0.0,"relics_obtained":["Red Mask"]},{"damage_healed":0.0,"max_hp_gain":0.0,"max_hp_loss":0.0,"gold_gain":0.0,"event_name":"Duplicator","player_choice":"Copied","floor":42.0,"gold_loss":0.0,"damage_taken":0.0,"cards_obtained":["Offering"]}],"is_beta":false,"boss_relics":[{"not_picked":["Runic Pyramid","SlaversCollar"],"picked":"Sozu"},{"not_picked":["Busted Crown","Fusion Hammer"],"picked":"Coffee Dripper"}],"items_purged_floors":[22,31,54],"is_endless":false,"potions_floor_spawned":[3,4,7,13,16,20,21,28,30,35,38,55],"killed_by":"The Heart","ascension_level":20}}