{"host":"1ekl8hlbnopmdapi","time":1610939037,"event":{"mods":["AchievementEnabler","BaseMod","Colored Map","Colored Powertips","DeckTracker","Googly Eyes","Highlight Path","Minty Spire (QoL Compilation)","Relic Sorter","StSLib","Synergy Search"],"gold_per_floor":[111,61,61,21,34,34,62,78,78,78,6,17,42,42,42,144,144,159,173,173,4,16,16,16,16],"floor_reached":24,"language":"ENG","playtime":891,"items_purged":[],"score":255,"play_id":"fe05081b-32d4-4730-85e9-4cddfb126829","local_time":"20210117220357","is_ascension_mode":true,"campfire_choices":[{"floor":6,"key":"RECALL"},{"floor":10,"key":"REST"},{"floor":15,"key":"REST"},{"floor":23,"key":"REST"}],"circlet_count":0,"master_deck":["Strike_G","Strike_G","Strike_G","Strike_G","Defend_G","Defend_G","Defend_G","Defend_G","Survivor","Neutralize","Outmaneuver","Poisoned Stab","Dagger Throw","Poisoned Stab","Cloak And Dagger","Finisher","Quick Slash","Tools of the Trade","Flying Knee","Prepared","Choke+1","Underhanded Strike","Choke+1","The Bomb","Sucker Punch","Cloak And Dagger"],"relics":["Ring of the Snake","Gremlin Horn","Shuriken","Prayer Wheel","Matryoshka","HoveringKite"],"acts_visited":["Exordium","TheCity"],"potions_floor_usage":[5,16],"damage_taken":[{"damage":4,"enemies":"Jaw Worm","floor":1,"turns":6},{"damage":2,"enemies":"2 Louse","floor":5,"turns":4},{"damage":38,"enemies":"Lagavulin","floor":7,"turns":10},{"damage":0,"enemies":"Small Slimes","floor":8,"turns":2},{"damage":12,"enemies":"Exordium Wildlife","floor":12,"turns":3},{"damage":33,"enemies":"3 Sentries","floor":13,"turns":6},{"damage":25,"enemies":"Slime Boss","floor":16,"turns":11},{"damage":3,"enemies":"3 Byrds","floor":18,"turns":4},{"damage":18,"enemies":"Shell Parasite","floor":19,"turns":4},{"damage":18,"enemies":"Cultist and Chosen","floor":22,"turns":4},{"damage":46,"enemies":"Book of Stabbing","floor":24,"turns":5}],"seed_played":"8691490118082988421","potions_obtained":[{"floor":1,"key":"Explosive Potion"},{"floor":13,"key":"SteroidPotion"},{"floor":19,"key":"SpeedPotion"}],"is_trial":false,"path_per_floor":["M","?","?","?","M","R","E","M","T","R","?","M","E","$","R","B",null,"M","M","?","$","M","R","E"],"character_chosen":"THE_SILENT","items_purchased":["The Bomb"],"campfire_rested":3,"item_purchase_floors":[21],"current_hp_per_floor":[73,73,66,66,64,64,26,26,26,49,49,37,4,4,27,2,58,55,37,37,37,19,42,0,0],"gold":16,"neow_bonus":"TEN_PERCENT_HP_BONUS","is_daily":false,"chose_seed":false,"campfire_upgraded":0,"win_rate":0.0,"timestamp":1610939037,"path_taken":["M","?","?","?","?","R","E","M","T","R","?","M","E","$","R","BOSS","M","M","?","$","?","R","E"],"items_purchased_type":["Card"],"build_version":"2020-12-22","purchased_purges":0,"victory":false,"max_hp_per_floor":[77,77,77,77,77,77,77,77,77,77,77,77,77,77,77,77,77,77,77,77,77,77,77,77,77],"card_choices":[{"not_picked":["Bane","Backflip"],"picked":"Outmaneuver","floor":1},{"not_picked":["Bouncing Flask","Acrobatics"],"picked":"Poisoned Stab","floor":5},{"not_picked":["Phantasmal Killer","Endless Agony"],"picked":"Dagger Throw","floor":7},{"not_picked":["Well Laid Plans","Catalyst"],"picked":"Poisoned Stab","floor":8},{"not_picked":["Terror","Deflect"],"picked":"Cloak And Dagger","floor":12},{"not_picked":["Deadly Poison","Expertise"],"picked":"Finisher","floor":12},{"not_picked":["Sucker Punch","Acrobatics"],"picked":"Quick Slash","floor":13},{"not_picked":["Burst","Bullet Time"],"picked":"Tools of the Trade","floor":16},{"not_picked":["Reflex+1","Masterful Stab"],"picked":"Flying Knee","floor":18},{"not_picked":["PiercingWail+1","Endless Agony"],"picked":"Prepared","floor":18},{"not_picked":["Backflip+1","Sucker Punch+1"],"picked":"Choke+1","floor":19},{"not_picked":["Calculated Gamble","Wraith Form v2"],"picked":"Underhanded Strike","floor":19},{"not_picked":["Bane","Phantasmal Killer"],"picked":"Sucker Punch","floor":22},{"not_picked":["Choke","Quick Slash"],"picked":"Cloak And Dagger","floor":22}],"player_experience":459656,"relics_obtained":[{"floor":7,"key":"Gremlin Horn"},{"floor":9,"key":"Shuriken"},{"floor":13,"key":"Matryoshka"}],"event_choices":[{"cards_removed":["Strike_G"],"damage_healed":0,"gold_gain":0,"player_choice":"Card Removal","damage_taken":0,"max_hp_gain":0,"max_hp_loss":0,"event_name":"The Cleric","floor":2,"gold_loss":50},{"cards_removed":["Defend_G"],"damage_healed":0,"gold_gain":0,"player_choice":"Card Removal","damage_taken":7,"max_hp_gain":0,"max_hp_loss":0,"event_name":"Golden Wing","floor":3,"gold_loss":0},{"damage_healed":0,"gold_gain":0,"player_choice":"Left Gold","damage_taken":0,"max_hp_gain":0,"max_hp_loss":0,"event_name":"World of Goop","floor":4,"gold_loss":40},{"damage_healed":0,"gold_gain":0,"player_choice":"Paid Gold","damage_taken":0,"relics_obtained":["Prayer Wheel"],"max_hp_gain":0,"max_hp_loss":0,"event_name":"WeMeetAgain","floor":11,"gold_loss":72},{"damage_healed":0,"gold_gain":0,"player_choice":"Copied","damage_taken":0,"max_hp_gain":0,"max_hp_loss":0,"event_name":"Duplicator","floor":20,"gold_loss":0,"cards_obtained":["Choke"]}],"is_beta":false,"boss_relics":[{"not_picked":["SacredBark","Fusion Hammer"],"picked":"HoveringKite"}],"items_purged_floors":[],"is_endless":false,"potions_floor_spawned":[1,13,19],"killed_by":"Book of Stabbing","ascension_level":5}}