{"host":"bf9sa99gaumonoeu","time":1610988587,"event":{"mods":["AchievementEnabler","Act Like it!","Aspiration","BaseMod","Bestiary","Better Note","Block Reminder","Colored Map","Colored Powertips","Fox Events","Friendly Minions","Gensokyo","GifTheSpireLib","Googly Eyes","Hallownest","Hermit","Highlight Path","Hubris","Jorbs\u0027s Wanderer Trilogy","KinomotoSakuraMod(????)","Koishi","Marisa????????","Minty Spire (QoL Compilation)","Rare Cards Sparkle","Reimu??????","Relic Stats","Remilia??????","Replay The Spire","StS++","StSLib","The Administrix","The Animator","The Blue Laboratory","The Bug Knight","The Construct","The Cursed","The Hierophant","The Mystic","The Necromancer","The Poker Player","The Runesmith","The Senshi","The Servant 0.9.4"],"gold_per_floor":[118,128,26,39,39,39,65,75,98,112,7,0,0,35,35,109,109,122,122,135,31,31,64,14,32,32,32,59,78,91,126,126,126,126],"floor_reached":33,"language":"ENG","playtime":2557,"items_purged":["Strike_G","Shame"],"score":600,"play_id":"b82ec236-8793-4b14-8fc1-f63f90fc1d83","local_time":"20210118144947","is_ascension_mode":true,"campfire_choices":[{"data":"Terror","floor":6.0,"key":"SMITH"},{"floor":13.0,"key":"REST"},{"floor":15.0,"key":"REST"},{"floor":32,"key":"REST"}],"circlet_count":0,"master_deck":["AscendersBane","Strike_G+1","Strike_G","Strike_G+1","Strike_G","Defend_G","Defend_G","Defend_G","Defend_G+1","Defend_G","Survivor","Neutralize","Flying Knee","Terror+1","Bane","Poisoned Stab","Leg Sweep","StSpp:FiercePoison","Backflip","Glass Knife","Malaise","StSpp:Dive","Deflect","StSpp:Lure","Crippling Poison","Gensokyo:Kunekune","Bane","Dagger Spray+1","Bouncing Flask","PiercingWail"],"relics":["Black Star","Pondfish Scales","Pen Nib","Blood Vial","Smiling Mask","Incense Burner","Runesmith:AutoHammer","construct:ClawGrip","Gensokyo:SongOfSouls","Replay:Mystery Machine","ReplayTheSpireMod:Lightbulb","Snack Pack","Lizard Tail","Darkstone Periapt","aspiration:Lifesprig","Replay:Rubber Ducky"],"acts_visited":["Gensokyo:Gensokyo","Gensokyo:Gensokyoer"],"potions_floor_usage":[28,33],"damage_taken":[{"damage":3.0,"enemies":"Gensokyo:Gryphon","floor":1.0,"turns":6.0},{"damage":0.0,"enemies":"Gensokyo:Python","floor":2.0,"turns":4.0},{"damage":0.0,"enemies":"Gensokyo:2_Kodama","floor":4.0,"turns":1.0},{"damage":37.0,"enemies":"Gensokyo:Cirno","floor":7.0,"turns":10.0},{"damage":13.0,"enemies":"Gensokyo:VengefulSpirit","floor":8.0,"turns":6.0},{"damage":1.0,"enemies":"Gensokyo:CorruptedTreant","floor":10.0,"turns":3.0},{"damage":2.0,"enemies":"Gensokyo:Mamizou","floor":14.0,"turns":7.0},{"damage":3.0,"enemies":"Gensokyo:Yukari","floor":16.0,"turns":10.0},{"damage":0.0,"enemies":"Gensokyo:CosmicMonolith","floor":18.0,"turns":6.0},{"damage":7.0,"enemies":"Gensokyo:3_Dogs","floor":20.0,"turns":8.0},{"damage":33.0,"enemies":"Gensokyo:Reisen","floor":23.0,"turns":8.0},{"damage":11,"enemies":"Gensokyo:Slime_Group","floor":25,"turns":7},{"damage":22,"enemies":"Gensokyo:Koishi","floor":28,"turns":7},{"damage":19,"enemies":"Gensokyo:Chomper_and_Gloop","floor":29,"turns":7},{"damage":11,"enemies":"Gensokyo:Monolith_and_Dog","floor":30,"turns":5},{"damage":0,"enemies":"Gensokyo:Reisen","floor":31,"turns":6},{"damage":50,"enemies":"Gensokyo:Eiki","floor":33,"turns":12}],"seed_played":"904403106006407368","potions_obtained":[{"floor":2.0,"key":"blueLaboratory:HorrorPotion"},{"floor":14.0,"key":"PowerPotion"},{"floor":16.0,"key":"StSpp:ScatteredPotion"},{"floor":18.0,"key":"Languid Potion"},{"floor":23.0,"key":"AttackPotion"},{"floor":30,"key":"Energy Potion"}],"is_trial":false,"path_per_floor":["M","M","COS","M","$","R","E","M","T","M","$","?","R","?","R","B",null,"M","?","M","COS","?","E","$","M","T","?","E","M","M","E","R","B"],"character_chosen":"THE_SILENT","items_purchased":["Backflip"],"campfire_rested":3,"item_purchase_floors":[11],"current_hp_per_floor":[56,56,56,56,56,56,19,6,6,7,7,10,29,29,48,47,61,63,63,58,58,58,27,27,18,18,18,2,22,13,17,34,0,0],"gold":126,"neow_bonus":"BOSS_RELIC","is_daily":false,"chose_seed":false,"campfire_upgraded":1,"win_rate":0.0,"timestamp":1610988587,"path_taken":["M","M","COS","M","?","R","E","M","T","M","$","?","R","?","R","BOSS","M","?","M","COS","?","E","$","M","T","?","E","M","?","E","R","BOSS"],"items_purchased_type":["Card"],"build_version":"2020-12-22","purchased_purges":2,"victory":false,"max_hp_per_floor":[66,66,66,66,66,66,66,66,66,66,66,66,66,66,66,66,66,66,66,66,66,66,66,66,66,66,59,59,59,59,59,59,59,59],"relic_stats":{"Blood Vial":24,"Darkstone Periapt":0,"Lizard Tail":29,"counters":[17,113],"Pen Nib":[14],"Black Star":5,"Smiling Mask":75,"obtain_stats":[{"Darkstone Periapt":28,"construct:ClawGrip":17,"aspiration:Lifesprig":31,"Pen Nib":7,"Incense Burner":14,"Replay:Mystery Machine":23,"Smiling Mask":9,"Replay:Rubber Ducky":31,"Blood Vial":8,"Frozen Eye":28,"Pondfish Scales":7,"Lizard Tail":28,"Black Star":0,"Snack Pack":26,"Runesmith:AutoHammer":14,"ReplayTheSpireMod:Lightbulb":23,"Ring of the Snake":0,"Gensokyo:SongOfSouls":22},{"Darkstone Periapt":13,"construct:ClawGrip":8,"aspiration:Lifesprig":16,"Pen Nib":4,"Incense Burner":7,"Replay:Mystery Machine":11,"Smiling Mask":5,"Replay:Rubber Ducky":16,"Blood Vial":5,"Frozen Eye":12,"Pondfish Scales":4,"Lizard Tail":13,"Black Star":0,"Snack Pack":12,"Runesmith:AutoHammer":7,"ReplayTheSpireMod:Lightbulb":11,"Ring of the Snake":0,"Gensokyo:SongOfSouls":10},{"Darkstone Periapt":83,"construct:ClawGrip":47,"aspiration:Lifesprig":101,"Pen Nib":21,"Incense Burner":37,"Replay:Mystery Machine":69,"Smiling Mask":27,"Replay:Rubber Ducky":101,"Blood Vial":22,"Frozen Eye":76,"Pondfish Scales":21,"Lizard Tail":83,"Black Star":0,"Snack Pack":76,"Runesmith:AutoHammer":37,"ReplayTheSpireMod:Lightbulb":69,"Ring of the Snake":0,"Gensokyo:SongOfSouls":61}]},"card_choices":[{"not_picked":["Deflect","Footwork"],"picked":"Flying Knee","floor":1.0},{"not_picked":["StSpp:StrikeFirst","Dagger Throw"],"picked":"Terror","floor":2.0},{"not_picked":["Acrobatics","Bouncing Flask"],"picked":"Bane","floor":4.0},{"not_picked":["PiercingWail","Tactician"],"picked":"Poisoned Stab","floor":7.0},{"not_picked":["StSpp:Anticipation","Bane"],"picked":"Leg Sweep","floor":8.0},{"not_picked":["Leg Sweep","Eviscerate"],"picked":"StSpp:FiercePoison","floor":10.0},{"not_picked":["StSpp:PoisonousPunch","Dagger Throw"],"picked":"Glass Knife","floor":14.0},{"not_picked":["Corpse Explosion","Night Terror"],"picked":"Malaise","floor":16.0},{"not_picked":["StSpp:Throw+1","Riddle With Holes"],"picked":"StSpp:Dive","floor":18.0},{"not_picked":["Prepared+1","Dagger Throw"],"picked":"Deflect","floor":20.0},{"not_picked":["Cloak And Dagger","Underhanded Strike"],"picked":"StSpp:Lure","floor":23.0},{"not_picked":["StSpp:Throw","Flying Knee"],"picked":"Crippling Poison","floor":25},{"not_picked":["Gensokyo:Doppelganger","Gensokyo:SevenSchoolMysteries"],"picked":"Gensokyo:Kunekune","floor":27},{"not_picked":["Well Laid Plans","Acrobatics"],"picked":"Bane","floor":28},{"not_picked":["Eviscerate","Predator"],"picked":"Dagger Spray+1","floor":29},{"not_picked":["Dodge and Roll","ReplayTheSpireMod:Shiv Toss"],"picked":"Bouncing Flask","floor":30},{"not_picked":["Slice","StSpp:Dive"],"picked":"PiercingWail","floor":31}],"player_experience":981934,"relics_obtained":[{"floor":7.0,"key":"Pondfish Scales"},{"floor":7.0,"key":"Pen Nib"},{"floor":9.0,"key":"Smiling Mask"},{"floor":14.0,"key":"Incense Burner"},{"floor":14.0,"key":"Runesmith:AutoHammer"},{"floor":23.0,"key":"Replay:Mystery Machine"},{"floor":23.0,"key":"ReplayTheSpireMod:Lightbulb"},{"floor":26,"key":"Snack Pack"},{"floor":28,"key":"Lizard Tail"},{"floor":28,"key":"Darkstone Periapt"},{"floor":31,"key":"aspiration:Lifesprig"},{"floor":31,"key":"Replay:Rubber Ducky"}],"event_choices":[],"is_beta":false,"boss_relics":[{"not_picked":["aspiration:RunicSpoon","Snecko Eye"],"picked":"construct:ClawGrip"}],"items_purged_floors":[11,24],"is_endless":false,"potions_floor_spawned":[2,14,16,18,23,30],"killed_by":"Gensokyo:Eiki","ascension_level":20}}