{"host":"u1dfzl6o6mfmauc3","time":1610939041,"event":{"mods":["2.2 Compatiblity","AchievementEnabler","BaseMod","Block Reminder","Challenge The Spire","Dark Map","Hermit","Minty Spire (QoL Compilation)","Relic Stats","Robot Space Explorer","StSLib","The Disciple"],"gold_per_floor":[113,113,17,31,51,51,81,81,81,81,100,127,143,160,160,264,264,275,185,15,15,15,15,30,30,30,30,30,30,3,18,18,18,18],"floor_reached":33,"language":"ENG","playtime":2515,"items_purged":["Strike_Br"],"score":298,"play_id":"0f753088-d2d9-480b-9689-fafa3e3b0ec2","local_time":"20210117220401","is_ascension_mode":false,"campfire_choices":[{"data":"BiteCommand","floor":6.0,"key":"SMITH"},{"data":"Allegretto","floor":8.0,"key":"SMITH"},{"data":"Keepsakes","floor":10.0,"key":"SMITH"},{"data":"SecondHand","floor":15.0,"key":"SMITH"},{"data":"Analog","floor":23,"key":"SMITH"},{"data":"Echoward","floor":27,"key":"SMITH"},{"data":"HandsUpC","floor":32,"key":"SMITH"}],"circlet_count":0,"master_deck":["Moderato","Allegro","Rallentando+1","Defend_Br+1","Defend_Br","Defend_Br","Defend_Br","SecondHand+1","PatternShift","BiteCommand+1","Allegretto+1","Keepsakes+1","LockedLightning","LockedBlood+1","BeatsPerMinute","ExoVibe","WindUp","BackFourSeconds","HandsUpC+1","Analog+1","Echoward+1","ExoVibe","Bite","Bite","Bite","Bite","Bite","ReapSow","LockedScales+1"],"relics":["Chronograph","Question Card","Frozen Egg 2","Smiling Mask","Philosopher\u0027s Stone","Ice Cream"],"acts_visited":["Exordium","TheCity"],"potions_floor_usage":[28,28,33],"damage_taken":[{"damage":0.0,"enemies":"Cultist","floor":1.0,"turns":5.0},{"damage":1.0,"enemies":"Jaw Worm","floor":4.0,"turns":5.0},{"damage":5.0,"enemies":"Small Slimes","floor":5.0,"turns":3.0},{"damage":4.0,"enemies":"3 Sentries","floor":7.0,"turns":7.0},{"damage":12.0,"enemies":"2 Fungi Beasts","floor":11.0,"turns":3.0},{"damage":9.0,"enemies":"Gremlin Nob","floor":12.0,"turns":5.0},{"damage":13.0,"enemies":"Large Slime","floor":13.0,"turns":5.0},{"damage":0.0,"enemies":"Lots of Slimes","floor":14.0,"turns":5.0},{"damage":6.0,"enemies":"The Guardian","floor":16.0,"turns":10.0},{"damage":35,"enemies":"Chosen","floor":18,"turns":7},{"damage":16,"enemies":"2 Thieves","floor":24,"turns":5},{"damage":17,"enemies":"Gremlin Leader","floor":28,"turns":4},{"damage":8,"enemies":"Snecko","floor":31,"turns":5},{"damage":57,"enemies":"Automaton","floor":33,"turns":5}],"seed_played":"8723447100272456742","potions_obtained":[{"floor":5.0,"key":"Ancient Potion"},{"floor":11.0,"key":"SmokeBomb"},{"floor":31,"key":"SkillPotion"}],"is_trial":false,"path_per_floor":["M","?","$","M","M","R","E","R","T","R","M","E","M","M","R","B",null,"M","?","$","?","?","R","M","?","T","R","E","$","$","M","R","B"],"character_chosen":"CHRONO_CLASS","items_purchased":["AttackPotion","Tempo","Analog","Fire Potion","ReapSow"],"campfire_rested":0,"item_purchase_floors":[3,3,20,20,30],"current_hp_per_floor":[65,65,65,64,59,59,55,55,55,55,43,40,33,42,42,45,65,43,43,43,43,43,43,38,38,38,38,29,29,29,39,39,0,0],"gold":18,"neow_bonus":"BOSS_RELIC","is_daily":false,"chose_seed":false,"campfire_upgraded":7,"win_rate":0.0,"timestamp":1610939041,"path_taken":["M","?","?","?","M","R","E","R","T","R","M","E","?","M","R","BOSS","M","?","?","?","?","R","M","?","T","R","E","?","$","?","R","BOSS"],"items_purchased_type":["Potion","Card","Card","Potion","Card"],"build_version":"2020-12-22","purchased_purges":1,"victory":false,"max_hp_per_floor":[65,65,65,65,65,65,65,65,65,65,65,65,65,65,65,65,65,65,65,65,65,65,65,65,45,45,45,45,45,45,45,45,45,45],"relic_stats":{"counters":[14,74],"Question Card":8,"Smiling Mask":25,"obtain_stats":[{"Ice Cream":26,"Chronometer":0,"Philosopher\u0027s Stone":17,"Frozen Egg 2":9,"Question Card":7,"Smiling Mask":12,"Chronograph":0},{"Ice Cream":11,"Chronometer":0,"Philosopher\u0027s Stone":9,"Frozen Egg 2":4,"Question Card":4,"Smiling Mask":6,"Chronograph":0},{"Ice Cream":60,"Chronometer":0,"Philosopher\u0027s Stone":48,"Frozen Egg 2":20,"Question Card":20,"Smiling Mask":28,"Chronograph":0}]},"card_choices":[{"not_picked":["Engulf","LockedMedicine"],"picked":"BiteCommand","floor":1.0},{"not_picked":["HandsUpB","Engulf","LockedUrn"],"picked":"SKIP","floor":4.0},{"not_picked":["SlimeSpray","Backlash"],"picked":"Keepsakes","floor":5.0},{"not_picked":["Tempo","EscortCommand"],"picked":"LockedLightning","floor":7.0},{"not_picked":["BiteCommand","LockedPlans+1","LockedAnchor+1"],"picked":"LockedBlood+1","floor":11.0},{"not_picked":["LockedOrichalcum+1","Parity","TiringSlam"],"picked":"BeatsPerMinute","floor":12.0},{"not_picked":["HandsUpC","Recurrance","Echoward"],"picked":"ExoVibe","floor":13.0},{"not_picked":["ExoVibe","EscortCommand","HandsUpC"],"picked":"WindUp","floor":14.0},{"not_picked":["OverTime","Pendulum","Fragmentalize"],"picked":"BackFourSeconds","floor":16.0},{"not_picked":["BeatsPerMinute","Tempo","LockedMawBank+1"],"picked":"HandsUpC","floor":18},{"not_picked":["Engulf","LockedFlame+1","Tempo"],"picked":"ExoVibe","floor":24},{"not_picked":["ExoVibe","LockedMedicine+1","HandsUpB"],"picked":"LockedScales+1","floor":31}],"player_experience":101072,"relics_obtained":[{"floor":7.0,"key":"Question Card"},{"floor":9.0,"key":"Frozen Egg 2"},{"floor":12.0,"key":"Smiling Mask"},{"floor":26,"key":"Ice Cream"}],"event_choices":[{"damage_healed":0.0,"max_hp_gain":0.0,"max_hp_loss":0.0,"gold_gain":0.0,"event_name":"Wheel of Change","player_choice":"Full Heal","floor":2.0,"gold_loss":0.0,"damage_taken":0.0},{"cards_removed":["Strike_Br"],"damage_healed":0,"gold_gain":0,"player_choice":"Upgrade and Remove","damage_taken":0,"max_hp_gain":0,"max_hp_loss":0,"event_name":"Designer","floor":19,"gold_loss":90,"cards_upgraded":["Defend_Br"]},{"cards_removed":["Strike_Br"],"damage_healed":0,"gold_gain":0,"player_choice":"Elegance","damage_taken":0,"max_hp_gain":0,"max_hp_loss":0,"event_name":"Back to Basics","floor":21,"gold_loss":0},{"damage_healed":0,"gold_gain":0,"player_choice":"Read","damage_taken":0,"max_hp_gain":0,"max_hp_loss":0,"event_name":"The Library","floor":22,"gold_loss":0,"cards_obtained":["Echoward"]},{"damage_healed":0,"gold_gain":0,"player_choice":"Became a vampire","damage_taken":0,"max_hp_gain":0,"max_hp_loss":20,"event_name":"Vampires","floor":25,"gold_loss":0,"cards_obtained":["Bite","Bite","Bite","Bite","Bite"]}],"is_beta":false,"boss_relics":[{"not_picked":["Tiny House","Coffee Dripper"],"picked":"Philosopher\u0027s Stone"}],"items_purged_floors":[20],"is_endless":false,"potions_floor_spawned":[5,11,12,13,14,28,31],"killed_by":"Automaton","ascension_level":0}}