{"host":"qzq9y7dlvg9zw3hx","time":1610989547,"event":{"mods":["Act Like it!","BaseMod","Dota2Spire","Gensokyo","Minty Spire (QoL Compilation)","StSLib","¡¾ÒÅÎï¿¨ÅÆ¡¿REMEMod"],"gold_per_floor":[117,132,32,32,32,32,48,76,76,88,88,119,13,23,23,126,126,343,343,355,235,254,288,288,323,323,283,58,58,58,58],"floor_reached":30,"language":"ZHS","playtime":1673,"items_purged":[],"score":313,"play_id":"25528289-7e22-40db-82b1-a96505692d2d","local_time":"20210119010547","is_ascension_mode":true,"campfire_choices":[{"data":"Bash","floor":6.0,"key":"SMITH"},{"data":"Rupture","floor":11.0,"key":"SMITH"},{"floor":15.0,"key":"REST"},{"floor":24.0,"key":"REST"},{"floor":29,"key":"REST"}],"circlet_count":0,"master_deck":["Strike_R","Strike_R","Strike_R","Strike_R","Strike_R","Defend_R","Defend_R","Defend_R","Defend_R","Bash+1","Finesse","Iron Wave+1","Metallicize","Rupture+1","Shrug It Off","Pummel","REME_ACTH","Barricade+1","Night Terror","Sword Boomerang+1","Bloodletting","Gensokyo:Shovel","Gensokyo:RustyChest"],"relics":["REME_ComplimentaryCards","Runic Cube","REME_HourglassOfDeath","Kunai","Ancient Tea Set","Dream Catcher","Black Star","Dota2Spire:DivineRapier","Gensokyo:DemonMask","WingedGreaves","Bird Faced Urn","Potion Belt","Darkstone Periapt","Letter Opener","Strange Spoon"],"acts_visited":["Gensokyo:Gensokyo","Gensokyo:Gensokyoer"],"potions_floor_usage":[],"damage_taken":[{"damage":3.0,"enemies":"Gensokyo:Python","floor":1.0,"turns":4.0},{"damage":0.0,"enemies":"Gensokyo:2_Kodama","floor":2.0,"turns":4.0},{"damage":0.0,"enemies":"Gensokyo:3_Fairies","floor":7.0,"turns":3.0},{"damage":13.0,"enemies":"Gensokyo:Mamizou","floor":8.0,"turns":9.0},{"damage":0.0,"enemies":"Gensokyo:VengefulSpirit","floor":10.0,"turns":5.0},{"damage":12.0,"enemies":"Gensokyo:Cirno","floor":12.0,"turns":5.0},{"damage":8.0,"enemies":"Gensokyo:Python_and_Kodama","floor":14.0,"turns":5.0},{"damage":72.0,"enemies":"Gensokyo:Kokoro","floor":16.0,"turns":14.0},{"damage":29.0,"enemies":"Gensokyo:2_Gloops","floor":18.0,"turns":9.0},{"damage":19.0,"enemies":"Gensokyo:AngelMirror","floor":20.0,"turns":8.0},{"damage":9.0,"enemies":"Gensokyo:3_Gloops","floor":22.0,"turns":3.0},{"damage":0.0,"enemies":"Gensokyo:Tenshi","floor":23.0,"turns":1.0},{"damage":24,"enemies":"Gensokyo:Koishi","floor":25,"turns":5},{"damage":47,"enemies":"Gensokyo:Tenshi","floor":30,"turns":1}],"seed_played":"-1304895476541031598","potions_obtained":[{"floor":8.0,"key":"Dota2Spire:HealingSalve"},{"floor":10.0,"key":"Energy Potion"},{"floor":12.0,"key":"LiquidMemories"},{"floor":16.0,"key":"BlessingOfTheForge"},{"floor":18.0,"key":"Ancient Potion"},{"floor":20.0,"key":"ElixirPotion"}],"is_trial":false,"path_per_floor":["M","M","?","$","?","R","M","E","T","M","R","E","COS","M","R","B",null,"M","?","M","?","M","E","R","E","T","?","COS","R","E"],"character_chosen":"IRONCLAD","items_purchased":[],"campfire_rested":3,"item_purchase_floors":[],"current_hp_per_floor":[77,77,77,77,77,77,77,64,64,64,64,52,52,44,68,8,80,51,43,24,24,15,15,39,19,19,19,19,43,0,0],"gold":58,"neow_bonus":"BOSS_RELIC","is_daily":false,"chose_seed":false,"campfire_upgraded":2,"win_rate":0.0,"timestamp":1610989547,"path_taken":["M","M","?","?","?","R","M","E","T","M","R","E","COS","M","R","BOSS","M","?","M","?","M","E","R","E","T","?","COS","R","E"],"items_purchased_type":[],"build_version":"2020-12-22","purchased_purges":0,"victory":false,"max_hp_per_floor":[80,80,80,80,80,80,80,80,80,80,80,80,80,80,80,80,80,80,80,80,80,80,80,80,80,80,80,80,80,80,80],"card_choices":[{"not_picked":["Shockwave","Flex"],"picked":"Iron Wave","floor":1.0},{"not_picked":["Dropkick","Clash","Headbutt"],"picked":"SKIP","floor":2.0},{"not_picked":["Warcry","Disarm","Uppercut"],"picked":"SKIP","floor":7.0},{"not_picked":["Bludgeon","Headbutt"],"picked":"Metallicize","floor":8.0},{"not_picked":["Twin Strike","Intimidate"],"picked":"Rupture","floor":10.0},{"not_picked":["Disarm","Rage"],"picked":"Shrug It Off","floor":12.0},{"not_picked":["Clothesline","Disarm"],"picked":"Pummel","floor":14.0},{"not_picked":["Bloodletting","Clothesline"],"picked":"REME_ACTH","floor":15.0},{"not_picked":["Bludgeon","Fiend Fire"],"picked":"Barricade","floor":16.0},{"not_picked":["Warcry","Heavy Blade","Infernal Blade"],"picked":"SKIP","floor":18.0},{"not_picked":["Burning Pact","Clash+1"],"picked":"Sword Boomerang+1","floor":20.0},{"not_picked":["Infernal Blade","Flex","Perfected Strike+1"],"picked":"SKIP","floor":22.0},{"not_picked":["Dual Wield","Ghostly Armor+1"],"picked":"Bloodletting","floor":23.0},{"not_picked":["Spot Weakness","Dropkick","Infernal Blade"],"picked":"SKIP","floor":25}],"player_experience":37585,"relics_obtained":[{"floor":8.0,"key":"Kunai"},{"floor":9.0,"key":"Ancient Tea Set"},{"floor":12.0,"key":"Dream Catcher"},{"floor":23.0,"key":"WingedGreaves"},{"floor":23.0,"key":"Bird Faced Urn"},{"floor":25,"key":"Potion Belt"},{"floor":25,"key":"Darkstone Periapt"},{"floor":26,"key":"Letter Opener"}],"event_choices":[],"is_beta":false,"boss_relics":[{"not_picked":["Velvet Choker","REME_DemonsWealth"],"picked":"Black Star"}],"items_purged_floors":[],"is_endless":false,"potions_floor_spawned":[8,10,12,14,16,18,20],"killed_by":"Gensokyo:Tenshi","ascension_level":1}}