{"host":"4vq2xwkpdrxril92","time":1610986583,"event":{"mods":["Act Like it!","BaseMod","Better Third Choice","Card Forge","Custom Start","Energized Spire","Fireblade Mod","Hubris","Infinite Spire","Menagerie","Minty Spire (QoL Compilation)","Quick Restart","Rare Cards Sparkle","Shop Mod","StSLib","The Cursed","Åy?ï®?îvÅzREMEMod"],"gold_per_floor":[388,202,202,202,409,511,511,550,618,705,992,878,953,1234,1234,1769,1769,1829,1829,1829,1829],"floor_reached":20,"language":"ENG","playtime":1611,"items_purged":[],"score":498,"play_id":"9d9746f9-0e4c-4df0-8862-99e629099c8b","local_time":"20210119011623","daily_mods":["Vintage","Heirloom","Time Dilation","Flight","Elite Swarm","Lethality","Midas"],"is_ascension_mode":false,"campfire_choices":[{"floor":15,"key":"DIG"}],"circlet_count":0,"master_deck":["Limit Break+1","Feed+1","Feed+1","Feed+1","Genetic Algorithm+1","Gash+1","TheCursedMod:NeowsMight+1","TheCursedMod:NeowsMight+1","FireBladeMod:LightningCombo+1","REME_Scribble+1","Double Energy+1","Gash+1"],"relics":["Cracked Core","Hammer of Thor","Seething Fire","Anvil of the Gods","REME_ComplimentaryCards","Peace Pipe","Black Star","Blue Candle","REME_DemonsWealth","infinitespire:EmpoweringShard","infinitespire:FocusingShard","infinitespire:WardingShard","infinitespire:ShieldingShard","Membership Card","Medical Kit","Singing Bowl","hubris:Potato","REME_LimitBreaker","Lantern","Nuclear Battery","WristBlade","Unceasing Top","Thread and Needle","hubris:SoftwareUpdate","energizedSpire:HugeHouse","Burning Blood","Darkstone Periapt","Cursed Key","Girya","Prayer Wheel","FossilizedHelix","TungstenRod","Ring of the Snake","Shovel","Strange Spoon","Frozen Egg 2","Toxic Egg 2","Molten Egg 2","hubris:MobiusCoin","Matryoshka","Ice Cream","Chemical X","hubris:ChampionShield","hubris:TenFootPole","hubris:64BitClover","Bag of Preparation","Calipers","Coffee Dripper","energizedSpire:NeverEndingSparkler","Orichalcum","Philosopher\u0027s Stone","Potion Belt","Happy Flower","MerchantsRug","OrangePellets","hubris:CuriousFeather","hubris:Icosahedron","infinitespire:Beetle Shell","Shuriken","infinitespire:Freezer","hubris:SphereOfDissonance","Kunai","MealTicket","Nunchaku","infinitespire:PuzzleCube","HandDrill","Menagerie:GrandMagusSpellbook","hubris:PeanutButter","DataDisk","The Courier","Nuclear Battery","Juzu Bracelet"],"acts_visited":["Exordium","TheCity"],"potions_floor_usage":[],"damage_taken":[{"damage":0.0,"enemies":"Menagerie:2_RABBITS","floor":1.0,"turns":1.0},{"damage":0.0,"enemies":"Menagerie:StygianBoar","floor":5.0,"turns":1.0},{"damage":0.0,"enemies":"Menagerie:VoidReaper","floor":6.0,"turns":1.0},{"damage":0.0,"enemies":"Menagerie:MonstrousExperiment","floor":8.0,"turns":1.0},{"damage":0.0,"enemies":"Menagerie:MaskedSummoner","floor":10.0,"turns":1.0},{"damage":0.0,"enemies":"Menagerie:VoidReaper","floor":11.0,"turns":1.0},{"damage":0.0,"enemies":"Menagerie:GrandMagus","floor":13.0,"turns":1.0},{"damage":0.0,"enemies":"Menagerie:MaskedSummoner","floor":14.0,"turns":1.0},{"damage":0,"enemies":"Menagerie:AVATARS","floor":16,"turns":1},{"damage":0,"enemies":"Shell Parasite","floor":18,"turns":1}],"seed_played":"-1587315435772101403","potions_obtained":[{"floor":1.0,"key":"PowerPotion"},{"floor":8.0,"key":"ColorlessPotion"},{"floor":10.0,"key":"Dexterity Potion"},{"floor":14.0,"key":"REME_GoldPotion"},{"floor":18,"key":"EssenceOfSteel"}],"is_trial":true,"path_per_floor":["M","$","?","?","M","E","?","M","T","E","E","$","?","E","R","B",null,"M","?","$"],"character_chosen":"DEFECT","items_purchased":["MerchantsRug","OrangePellets","hubris:CuriousFeather","infinitespire:PuzzleCube","HandDrill"],"campfire_rested":0,"item_purchase_floors":[2,2,2,12,12],"current_hp_per_floor":[119,119,119,119,126,135,135,139,139,146,159,159,163,176,176,197,197,204,204,204,204],"gold":1829,"neow_bonus":"","is_daily":false,"chose_seed":false,"campfire_upgraded":0,"win_rate":0.0,"timestamp":1610986583,"path_taken":["M","$","?","?","?","E","?","M","T","E","E","$","?","E","R","BOSS","M","?","$"],"items_purchased_type":["Relic","Relic","Relic","Relic","Relic"],"build_version":"2020-12-22","purchased_purges":0,"victory":false,"max_hp_per_floor":[119,119,119,119,126,135,135,139,139,146,159,159,163,176,176,197,197,204,204,204,204],"card_choices":[{"not_picked":["Hyperbeam+1","hubris:DoWhile+1","Amplify+1","hubris:Wrath"],"picked":"Singing Bowl","floor":6.0},{"not_picked":["Meteor Strike+1","Creative AI+1","All For One+1"],"picked":"Shame","floor":10.0},{"not_picked":["Seek+1","Machine Learning+1","Meteor Strike+1"],"picked":"hubris:Disease","floor":11.0},{"not_picked":["Seek+1","Machine Learning+1","Core Surge+1"],"picked":"Shame","floor":14.0},{"not_picked":["Machine Learning+1","Core Surge+1","Fission+1"],"picked":"hubris:Wrath","floor":16}],"player_experience":1312594,"relics_obtained":[{"floor":1.0,"key":"Happy Flower"},{"floor":5.0,"key":"infinitespire:Beetle Shell"},{"floor":6.0,"key":"Shuriken"},{"floor":6.0,"key":"Omamori"},{"floor":8.0,"key":"infinitespire:Freezer"},{"floor":9.0,"key":"hubris:SphereOfDissonance"},{"floor":10.0,"key":"Kunai"},{"floor":11.0,"key":"MealTicket"},{"floor":11.0,"key":"Nunchaku"},{"floor":14.0,"key":"hubris:PeanutButter"},{"floor":14.0,"key":"DataDisk"},{"floor":15,"key":"The Courier"},{"floor":18,"key":"Juzu Bracelet"}],"event_choices":[{"damage_healed":0.0,"max_hp_gain":0.0,"max_hp_loss":0.0,"gold_gain":0.0,"cards_transformed":["Gash"],"event_name":"Menagerie:MagesHand","player_choice":"Grasp","floor":3.0,"gold_loss":0.0,"damage_taken":0.0,"cards_obtained":["Menagerie:DarkRitual"]},{"damage_healed":0.0,"max_hp_gain":0.0,"max_hp_loss":0.0,"gold_gain":0.0,"event_name":"Menagerie:HarrowingRitual","player_choice":"Ignored","floor":7.0,"gold_loss":0.0,"damage_taken":0.0},{"damage_healed":0.0,"max_hp_gain":0.0,"max_hp_loss":0.0,"gold_gain":0.0,"event_name":"Menagerie:GrandMagusTower","player_choice":"Steal","floor":13.0,"gold_loss":0.0,"damage_taken":0.0,"relics_obtained":["Menagerie:GrandMagusSpellbook"]},{"damage_healed":0,"gold_gain":0,"player_choice":"Ignored","damage_taken":0,"max_hp_gain":0,"max_hp_loss":0,"event_name":"Upgrade Shrine","floor":19,"gold_loss":0}],"is_beta":false,"boss_relics":[{"not_picked":["energizedSpire:CursedPentagram","Philosopher\u0027s Stone"],"picked":"Nuclear Battery"}],"items_purged_floors":[],"is_endless":false,"potions_floor_spawned":[1,8,10,14,18],"ascension_level":0}}