{"host":"xp5rvh2jwe2ejyfm","time":1610997406,"event":{"mods":["BaseMod","Hermit","Minty Spire (QoL Compilation)","Replay The Spire","StSLib","The Construct","The Cursed","The Disciple","The Hierophant","The Necromancer","The Runesmith"],"gold_per_floor":[117,136,101,101,129,129,172,172,195,186,233,275,275,324,324,290,290],"floor_reached":16,"language":"ENG","playtime":498,"items_purged":[],"score":112,"play_id":"3d102729-8dbd-46b2-95e1-8d1561414d0b","local_time":"20210118141646","is_ascension_mode":false,"campfire_choices":[{"data":"hierophant:RepressedViolence","floor":6,"key":"SMITH"},{"data":"hierophant:RepressedViolence","floor":8,"key":"SMITH"},{"floor":13,"key":"REST"},{"floor":15,"key":"RECALL"}],"circlet_count":0,"master_deck":["hierophant:Strike_Hierophant","hierophant:Strike_Hierophant","hierophant:Strike_Hierophant","hierophant:Strike_Hierophant","hierophant:Punish+1","hierophant:Defend_Hierophant","hierophant:Defend_Hierophant","hierophant:Defend_Hierophant","hierophant:Defend_Hierophant","hierophant:ChurchCoffers","hierophant:Flagellation","hierophant:RustyCrate","hierophant:Doubloon","hierophant:Doubloon","hierophant:RepressedViolence+1","hierophant:RepressedViolence+1","hierophant:Doubloon","hierophant:Remorse","hierophant:DisplayOfPower","hierophant:Zeal","hierophant:LocustPlague"],"relics":["hierophant:PropheticMaskRelic","Vajra","Pear"],"acts_visited":["Exordium"],"potions_floor_usage":[7,10,14,16],"damage_taken":[{"damage":11,"enemies":"Jaw Worm","floor":1,"turns":3},{"damage":0,"enemies":"2 Louse","floor":2,"turns":1},{"damage":0,"enemies":"Cultist","floor":5,"turns":3},{"damage":8,"enemies":"Gremlin Gang","floor":7,"turns":2},{"damage":26,"enemies":"Lagavulin","floor":10,"turns":6},{"damage":0,"enemies":"2 Fungi Beasts","floor":11,"turns":2},{"damage":0,"enemies":"Lots of Slimes","floor":12,"turns":1},{"damage":8,"enemies":"Gremlin Nob","floor":14,"turns":3},{"damage":66,"enemies":"The Guardian","floor":16,"turns":8}],"seed_played":"-8247777309736817516","potions_obtained":[{"floor":2,"key":"ColorlessPotion"},{"floor":7,"key":"FearPotion"},{"floor":11,"key":"AttackPotion"},{"floor":14,"key":"BlessingOfTheForge"}],"is_trial":false,"path_per_floor":["M","M","?","?","M","R","M","R","T","E","M","M","R","E","R","B"],"character_chosen":"HIEROPHANT","items_purchased":[],"campfire_rested":1,"item_purchase_floors":[],"current_hp_per_floor":[64,64,75,75,75,75,67,67,67,41,41,41,63,65,65,0,0],"gold":290,"neow_bonus":"UPGRADE_CARD","is_daily":false,"chose_seed":false,"campfire_upgraded":2,"win_rate":0.0,"timestamp":1610997406,"path_taken":["M","M","?","?","M","R","?","R","T","E","M","?","R","E","R","BOSS"],"items_purchased_type":[],"build_version":"2020-12-22","purchased_purges":0,"victory":false,"max_hp_per_floor":[75,75,75,75,75,75,75,75,75,75,75,75,75,85,85,85,85],"card_choices":[{"not_picked":["hierophant:MorningPrayer","hierophant:OrnateBuckler"],"picked":"hierophant:Flagellation","floor":1},{"not_picked":["hierophant:SolarFlare","hierophant:Prophecy"],"picked":"hierophant:RustyCrate","floor":2},{"not_picked":["hierophant:Mercenaries","hierophant:OrnateBuckler"],"picked":"hierophant:RepressedViolence","floor":5},{"not_picked":["hierophant:Encroach","hierophant:Chorus"],"picked":"hierophant:RepressedViolence","floor":7},{"not_picked":["hierophant:OrnateBuckler","hierophant:ArchangelShield"],"picked":"hierophant:Remorse","floor":10},{"not_picked":["hierophant:Invocation","hierophant:AuricBeam"],"picked":"hierophant:DisplayOfPower","floor":11},{"not_picked":["hierophant:FlamingChariot","hierophant:Purify"],"picked":"hierophant:Zeal","floor":12},{"not_picked":["hierophant:Purify","hierophant:AuricBeam"],"picked":"hierophant:LocustPlague","floor":14}],"player_experience":227472,"relics_obtained":[{"floor":10,"key":"Vajra"},{"floor":14,"key":"Pear"}],"event_choices":[{"damage_healed":18,"gold_gain":0,"player_choice":"Healed","damage_taken":0,"max_hp_gain":0,"max_hp_loss":0,"event_name":"The Cleric","floor":3,"gold_loss":35},{"damage_healed":0,"gold_gain":0,"player_choice":"Ignored","damage_taken":0,"max_hp_gain":0,"max_hp_loss":0,"event_name":"Purifier","floor":4,"gold_loss":0}],"is_beta":false,"boss_relics":[],"items_purged_floors":[],"is_endless":false,"potions_floor_spawned":[2,7,11,14],"killed_by":"The Guardian","ascension_level":0}}