{"host":"ayh4nqhr0ddw4ozv","time":1610946645,"event":{"mods":["BaseMod","Minty Spire (QoL Compilation)","Relic Stats","Replay The Spire","Robot Space Explorer","StSLib"],"gold_per_floor":[113,129,129,147,167,167,192,210,210,223,233,233,259,68,68,142,142,161,179,104,124,124,124,144,219,219,119,138,138,163,6,6,84,84,96,96,0,19,73,73,73,73,73,73,73,98,114,128,28,56,56,56,56,56,17,43,43],"floor_reached":58,"language":"ENG","playtime":6414,"items_purged":["Strike_G","Pain","Pain"],"score":1902,"play_id":"19f414d9-0765-4778-a63c-3f1914712e35","local_time":"20210117211045","is_ascension_mode":true,"campfire_choices":[{"data":"Masterful Stab","floor":6.0,"key":"SMITH"},{"data":"Wraith Form v2","floor":12,"key":"SMITH"},{"data":"After Image","floor":15,"key":"SMITH"},{"data":"Well Laid Plans","floor":23,"key":"SMITH"},{"data":"Wraith Form v2","floor":29,"key":"SMITH"},{"floor":32,"key":"REST"},{"data":"Draining Mist","floor":40,"key":"SMITH"},{"floor":42,"key":"RECALL"},{"floor":51,"key":"REST"},{"data":"Deadly Poison","floor":54,"key":"SMITH"}],"circlet_count":0,"master_deck":["AscendersBane","Strike_G","Strike_G","Strike_G","Defend_G","Defend_G","Defend_G","Defend_G","Defend_G","Survivor","Neutralize","Wraith Form v2+1","Quick Slash","Deadly Poison+1","Endless Agony","Underhanded Strike","Masterful Stab+1","After Image+1","Acrobatics","Well Laid Plans+1","ReplayTheSpireMod:Private Reserves","Bullet Time","Acrobatics+1","Leg Sweep+1","PiercingWail","ReplayTheSpireMod:Tripwire","Wraith Form v2+1","Sneak Up","Draining Mist+1","Bouncing Flask+1","Doppelganger","Dodge and Roll+1","Acrobatics"],"relics":["Ring of the Snake","HornCleat","Kunai","Tiny Chest","BargainBundle","Snecko Eye","WarpedTongs","White Beast Statue","Onion Ring","Lizard Tail","Regal Pillow","Replay:Grab Bag","Replay:Bronze Core","Cursed Key","Snecko Scales","Red Mask","The Courier","CaptainsWheel","Oddly Smooth Stone"],"acts_visited":["Exordium","TheCity","TheBeyond","TheEnding"],"potions_floor_usage":[11,13,16,28,30,46,50,52,57,57],"damage_taken":[{"damage":2.0,"enemies":"Cultist","floor":1.0,"turns":4.0},{"damage":2.0,"enemies":"Jaw Worm","floor":2.0,"turns":7.0},{"damage":0.0,"enemies":"2 Louse","floor":4.0,"turns":3.0},{"damage":0.0,"enemies":"Large Slime","floor":5.0,"turns":5.0},{"damage":11.0,"enemies":"Lagavulin","floor":7.0,"turns":8.0},{"damage":1,"enemies":"Red Slaver","floor":8,"turns":3},{"damage":3,"enemies":"Exordium Thugs","floor":10,"turns":6},{"damage":2,"enemies":"Gremlin Gang","floor":11,"turns":7},{"damage":7,"enemies":"Replay:BlueRogue","floor":13,"turns":8},{"damage":24,"enemies":"Fading Forest","floor":16,"turns":11},{"damage":12,"enemies":"Shell Parasite","floor":18,"turns":5},{"damage":0,"enemies":"Spheric Guardian","floor":19,"turns":4},{"damage":5,"enemies":"Centurion and Healer","floor":21,"turns":8},{"damage":12,"enemies":"Sentry and Sphere","floor":24,"turns":7},{"damage":6,"enemies":"Cultist and Chosen","floor":28,"turns":14},{"damage":16,"enemies":"Slavers","floor":30,"turns":5},{"damage":12,"enemies":"Automaton","floor":33,"turns":16},{"damage":0,"enemies":"3 Darklings","floor":35,"turns":5},{"damage":0,"enemies":"Orb Walker","floor":38,"turns":4},{"damage":29,"enemies":"Giant Head","floor":46,"turns":12},{"damage":2,"enemies":"Transient","floor":47,"turns":5},{"damage":3,"enemies":"4 Shapes","floor":48,"turns":8},{"damage":0,"enemies":"R_Hoarder","floor":50,"turns":8},{"damage":6,"enemies":"Donu and Deca","floor":52,"turns":13},{"damage":0,"enemies":"Shield and Spear","floor":56,"turns":9},{"damage":62,"enemies":"The Heart","floor":57,"turns":18}],"seed_played":"4940970954056807270","potions_obtained":[{"floor":1.0,"key":"LifebloodPotion"},{"floor":2.0,"key":"Energy Potion"},{"floor":10,"key":"Elixir"},{"floor":11,"key":"SneckoOil"},{"floor":13,"key":"Toxic Potion"},{"floor":18,"key":"SkillPotion"},{"floor":28,"key":"SmokeBomb"},{"floor":30,"key":"PowerPotion"},{"floor":33,"key":"Fire Potion"},{"floor":35,"key":"Toxic Potion"},{"floor":46,"key":"CultistPotion"},{"floor":50,"key":"SkillPotion"},{"floor":56,"key":"GamblersBrew"}],"is_trial":false,"path_per_floor":["M","M","?","M","M","R","E","M","T","M","M","R","E","$","R","B",null,"M","M","?","M","?","R","M","T","T","$","M","R","E","$","R","B",null,"M","?","?","M","T","R","?","R","PTL","PTL","T","E","M","M","$","E","R","B",null,"R","$","E","B",null],"character_chosen":"THE_SILENT","items_purchased":["BargainBundle","Well Laid Plans","ReplayTheSpireMod:Private Reserves","Regal Pillow","Energy Potion"],"campfire_rested":2,"item_purchase_floors":[14,14,14,31,55],"current_hp_per_floor":[57,55,55,55,55,55,44,43,43,40,38,38,31,31,31,25,56,44,44,44,39,39,39,27,27,27,27,21,21,5,5,39,27,56,56,56,56,56,56,56,56,56,56,56,56,27,25,22,22,22,55,49,60,60,60,60,29],"gold":43,"neow_bonus":"ONE_RANDOM_RARE_CARD","is_daily":false,"chose_seed":false,"campfire_upgraded":7,"win_rate":0.0,"timestamp":1610946645,"path_taken":["M","?","?","M","M","R","E","M","T","M","M","R","E","?","R","BOSS","M","M","?","M","?","R","M","?","T","?","M","R","E","$","R","BOSS","M","?","?","M","?","R","?","R","PTL","PTL","T","E","?","M","?","E","R","BOSS","R","$","E","BOSS"],"items_purchased_type":["Relic","Card","Card","Relic","Potion"],"build_version":"2020-12-22","purchased_purges":3,"victory":true,"max_hp_per_floor":[66,66,66,66,66,66,66,66,66,66,66,66,66,66,66,66,66,66,66,66,66,66,66,66,66,66,66,66,66,66,66,66,66,66,66,63,63,63,63,63,63,63,63,63,63,63,63,63,63,63,63,63,63,63,63,63,63],"relic_stats":{"Lizard Tail":31,"Regal Pillow":30,"counters":[26,203],"Snecko Eye":[314,303,304,327],"Tiny Chest":2,"Kunai":[60],"Cursed Key":1,"obtain_stats":[{"BargainBundle":14,"Regal Pillow":31,"Replay:Grab Bag":34,"Oddly Smooth Stone":56,"The Courier":46,"Cursed Key":34,"White Beast Statue":25,"WarpedTongs":22,"Lizard Tail":30,"CaptainsWheel":50,"HornCleat":7,"Snecko Scales":34,"Replay:Bronze Core":34,"Snecko Eye":17,"Tiny Chest":13,"Onion Ring":26,"Red Mask":37,"Kunai":9,"Ring of the Snake":0},{"BargainBundle":9,"Regal Pillow":16,"Replay:Grab Bag":17,"Oddly Smooth Stone":25,"The Courier":20,"Cursed Key":17,"White Beast Statue":14,"WarpedTongs":13,"Lizard Tail":16,"CaptainsWheel":23,"HornCleat":5,"Snecko Scales":17,"Replay:Bronze Core":17,"Snecko Eye":10,"Tiny Chest":9,"Onion Ring":14,"Red Mask":18,"Kunai":6,"Ring of the Snake":0},{"BargainBundle":51,"Regal Pillow":105,"Replay:Grab Bag":121,"Oddly Smooth Stone":185,"The Courier":142,"Cursed Key":121,"White Beast Statue":86,"WarpedTongs":79,"Lizard Tail":105,"CaptainsWheel":163,"HornCleat":27,"Snecko Scales":121,"Replay:Bronze Core":121,"Snecko Eye":62,"Tiny Chest":51,"Onion Ring":86,"Red Mask":126,"Kunai":30,"Ring of the Snake":0}],"Ring of the Snake":[35],"WarpedTongs":[120]},"card_choices":[{"not_picked":["Bouncing Flask","Calculated Gamble"],"picked":"Quick Slash","floor":1.0},{"not_picked":["PiercingWail","Cloak And Dagger"],"picked":"Deadly Poison","floor":2.0},{"not_picked":["Deflect","Backflip"],"picked":"Underhanded Strike","floor":4.0},{"not_picked":["Blade Dance","Escape Plan"],"picked":"Masterful Stab","floor":5.0},{"not_picked":["All Out Attack","Endless Agony"],"picked":"After Image","floor":7.0},{"not_picked":["Prepared","Sucker Punch","Concentrate"],"picked":"SKIP","floor":8},{"not_picked":["Cloak And Dagger","Setup","Prepared"],"picked":"SKIP","floor":10},{"not_picked":["Dagger Spray","Dagger Throw","Outmaneuver"],"picked":"SKIP","floor":11},{"not_picked":["Outmaneuver","PiercingWail"],"picked":"Acrobatics","floor":13},{"not_picked":["Phantasmal Killer","Unload"],"picked":"Bullet Time","floor":16},{"not_picked":["Deadly Poison","Prepared"],"picked":"Acrobatics+1","floor":18},{"not_picked":["Hidden Blade","Sucker Punch"],"picked":"Leg Sweep+1","floor":19},{"not_picked":["Dagger Throw","Poisoned Stab"],"picked":"PiercingWail","floor":21},{"not_picked":["Prepared+1","Dodge and Roll"],"picked":"ReplayTheSpireMod:Tripwire","floor":24},{"not_picked":["Prepared","Outmaneuver"],"picked":"Wraith Form v2","floor":28},{"not_picked":["Slice","Flying Knee"],"picked":"Sneak Up","floor":30},{"not_picked":["Poisoned Stab","Outmaneuver"],"picked":"Draining Mist","floor":35},{"not_picked":["Outmaneuver","Hidden Blade"],"picked":"Bouncing Flask+1","floor":38},{"not_picked":["Slice","Replay:Bag of Tricks"],"picked":"Dodge and Roll+1","floor":46},{"not_picked":["Hidden Blade+1","Deflect","Escape Plan+1"],"picked":"SKIP","floor":47},{"not_picked":["Deflect+1","Outmaneuver","Backflip"],"picked":"SKIP","floor":48},{"not_picked":["Bouncing Flask","Slice+1","Infinite Blades"],"picked":"SKIP","floor":50},{"not_picked":["Infinite Blades+1","Distraction"],"picked":"Acrobatics","floor":56}],"player_experience":349269,"relics_obtained":[{"floor":7.0,"key":"HornCleat"},{"floor":9,"key":"Kunai"},{"floor":13,"key":"Tiny Chest"},{"floor":25,"key":"White Beast Statue"},{"floor":26,"key":"Onion Ring"},{"floor":30,"key":"Lizard Tail"},{"floor":46,"key":"The Courier"},{"floor":50,"key":"CaptainsWheel"},{"floor":56,"key":"Oddly Smooth Stone"}],"event_choices":[{"damage_healed":0.0,"max_hp_gain":0.0,"max_hp_loss":0.0,"gold_gain":0.0,"event_name":"Match and Keep!","player_choice":"1 cards matched","floor":3.0,"gold_loss":0.0,"damage_taken":0.0,"cards_obtained":["Endless Agony"]},{"cards_removed":["Strike_G"],"damage_healed":0,"gold_gain":0,"player_choice":"Gave Gold","damage_taken":0,"max_hp_gain":0,"max_hp_loss":0,"event_name":"Beggar","floor":20,"gold_loss":75},{"damage_healed":0,"gold_gain":0,"player_choice":"Rummage","damage_taken":0,"relics_obtained":["WarpedTongs"],"max_hp_gain":0,"max_hp_loss":0,"event_name":"Accursed Blacksmith","floor":22,"gold_loss":0,"cards_obtained":["Pain"]},{"damage_healed":0,"gold_gain":0,"player_choice":"Max HP","damage_taken":0,"max_hp_gain":0,"max_hp_loss":3,"event_name":"Winding Halls","floor":36,"gold_loss":0},{"damage_healed":0,"gold_gain":0,"player_choice":"Paid","damage_taken":0,"relics_obtained":["Red Mask"],"max_hp_gain":0,"max_hp_loss":0,"event_name":"Tomb of Lord Red Mask","floor":37,"gold_loss":96},{"damage_healed":0,"gold_gain":0,"player_choice":"1 cards matched","damage_taken":0,"max_hp_gain":0,"max_hp_loss":0,"event_name":"Match and Keep!","floor":41,"gold_loss":0,"cards_obtained":["Doppelganger"]}],"is_beta":false,"boss_relics":[{"not_picked":["SlaversCollar","Philosopher\u0027s Stone"],"picked":"Snecko Eye"},{"not_picked":["Replay:Wanted Poster","Replay:Drink Me"],"picked":"Replay:Grab Bag"},{"not_picked":["ReplayTheSpireMod:DimensionalGlitch","Runic Dome"],"picked":"Replay:Bronze Core"},{"not_picked":["Coffee Dripper","Velvet Choker"],"picked":"Cursed Key"},{"not_picked":["Calling Bell","WristBlade"],"picked":"Snecko Scales"}],"items_purged_floors":[14,27,49],"is_endless":false,"potions_floor_spawned":[1,2,10,11,13,18,21,28,30,33,35,38,46,47,48,50,56],"ascension_level":14}}