{"host":"d4q750jvy4fei3fg","time":1610949682,"event":{"mods":["BaseMod","Downfall","Minty Spire (QoL Compilation)","StSLib"],"gold_per_floor":[117,21,21,21,33,33,60,60,60,74,74,105,118,138,138,138,138],"floor_reached":16,"language":"ENG","playtime":1155,"items_purged":[],"score":127,"play_id":"5d198d5c-ec91-4063-8fb5-5f996795a8b5","local_time":"20210118010122","is_ascension_mode":true,"campfire_choices":[{"data":"Blind","floor":6,"key":"SMITH"},{"floor":8,"key":"REST"},{"data":"Masterful Stab","floor":11,"key":"SMITH"},{"floor":15,"key":"REST"}],"circlet_count":0,"master_deck":["Strike_G","Strike_G","Strike_G","Strike_G","Strike_G","Defend_G","Defend_G","Defend_G","Defend_G","Defend_G","Survivor","Neutralize","Cloak And Dagger","Blind+1","Regret","Masterful Stab+1","Unload","Cloak And Dagger","Caltrops","Prepared","Backflip"],"relics":["Ring of the Snake","Orichalcum","Blue Candle","Ice Cream","Sundial","Bottled Flame","Gremlin Horn"],"acts_visited":["Exordium"],"potions_floor_usage":[5,12,16],"damage_taken":[{"damage":0,"enemies":"Small Slimes","floor":1,"turns":3},{"damage":13,"enemies":"Jaw Worm","floor":5,"turns":6},{"damage":47,"enemies":"3 Sentries","floor":7,"turns":14},{"damage":0,"enemies":"Cultist","floor":10,"turns":3},{"damage":19,"enemies":"Gremlin Nob","floor":12,"turns":5},{"damage":1,"enemies":"Blue Slaver","floor":13,"turns":2},{"damage":2,"enemies":"Looter","floor":14,"turns":3},{"damage":31,"enemies":"Slime Boss","floor":16,"turns":7}],"seed_played":"9220277347222084573","potions_obtained":[{"floor":1,"key":"SkillPotion"},{"floor":5,"key":"LiquidBronze"},{"floor":12,"key":"Block Potion"},{"floor":13,"key":"SteroidPotion"}],"is_trial":false,"path_per_floor":["M","$","?","T","M","R","E","R","T","M","R","E","M","M","R","B"],"character_chosen":"THE_SILENT","items_purchased":["Blind"],"campfire_rested":2,"item_purchase_floors":[2],"current_hp_per_floor":[70,70,70,70,57,57,10,31,31,31,31,12,11,9,30,0,0],"gold":138,"neow_bonus":"RANDOM_COMMON_RELIC","is_daily":false,"chose_seed":false,"campfire_upgraded":2,"win_rate":0.0,"timestamp":1610949682,"path_taken":["M","$","?","?","M","R","E","R","T","?","R","E","M","M","R","BOSS"],"items_purchased_type":["Card"],"build_version":"2020-12-22","purchased_purges":0,"victory":false,"max_hp_per_floor":[70,70,70,70,70,70,70,70,70,70,70,70,70,70,70,70,70],"card_choices":[{"not_picked":["All Out Attack","Acrobatics"],"picked":"Cloak And Dagger","floor":1},{"not_picked":["Leg Sweep","Catalyst"],"picked":"Masterful Stab","floor":5},{"not_picked":["PiercingWail","Bane"],"picked":"Unload","floor":7},{"not_picked":["Heel Hook","Dodge and Roll"],"picked":"Cloak And Dagger","floor":10},{"not_picked":["Bouncing Flask","Setup"],"picked":"Caltrops","floor":12},{"not_picked":["Acrobatics","Dodge and Roll"],"picked":"Prepared","floor":13},{"not_picked":["Sucker Punch","Heel Hook"],"picked":"Backflip","floor":14}],"player_experience":151714,"relics_obtained":[{"floor":4,"key":"Ice Cream"},{"floor":7,"key":"Sundial"},{"floor":9,"key":"Bottled Flame"},{"floor":12,"key":"Gremlin Horn"}],"event_choices":[{"damage_healed":0,"gold_gain":0,"player_choice":"Box","damage_taken":0,"relics_obtained":["Blue Candle"],"max_hp_gain":0,"max_hp_loss":0,"event_name":"Big Fish","floor":3,"gold_loss":0,"cards_obtained":["Regret"]}],"is_beta":false,"boss_relics":[],"items_purged_floors":[],"is_endless":false,"potions_floor_spawned":[1,5,12,13],"killed_by":"Slime Boss","ascension_level":3}}