{"host":"fkig9nrckec4xsh0","time":1610936136,"event":{"mods":["BaseMod","Colored Map","Minty Spire (QoL Compilation)","Quick Restart","Replay The Spire","StSLib"],"gold_per_floor":[119,169,169,169,7,37,37,37,37,53,68,68,68,93,93,93,93],"floor_reached":16,"language":"ENG","playtime":377,"items_purged":[],"score":255,"play_id":"fefec725-faef-4991-83fd-a843ba7cc051","local_time":"20210117211536","is_ascension_mode":true,"campfire_choices":[{"data":"Perfected Strike","floor":7,"key":"SMITH"},{"data":"Bash","floor":12,"key":"SMITH"},{"floor":15,"key":"DIG"}],"circlet_count":0,"master_deck":["AscendersBane","Strike_R","Strike_R","Strike_R","Strike_R","Strike_R+1","Defend_R","Defend_R","Defend_R","Defend_R","Bash+1","Perfected Strike+1","Wild Strike","Wild Strike","ReplayTheSpireMod:Strike From Hell"],"relics":["Burning Blood","NeowsBlessing","Ring of Greed","Smiling Mask","Tiny Chest","Ring of Hypnosis","Sling","Strawberry","Eternal Feather","Shovel","Thread and Needle","Pondfish Scales"],"acts_visited":["Exordium"],"potions_floor_usage":[14],"damage_taken":[{"damage":0,"enemies":"2 Louse","floor":1,"turns":1},{"damage":0,"enemies":"Lagavulin","floor":6,"turns":1},{"damage":0,"enemies":"Small Slimes","floor":10,"turns":1},{"damage":6,"enemies":"Jaw Worm","floor":11,"turns":2},{"damage":6,"enemies":"Gremlin Nob","floor":14,"turns":3},{"damage":89,"enemies":"Fading Forest","floor":16,"turns":12}],"seed_played":"6145171804630103393","potions_obtained":[{"floor":6,"key":"BlessingOfTheForge"},{"floor":11,"key":"Adrenaline Potion"}],"is_trial":false,"path_per_floor":["M","?","?","?","$","E","R","?","T","M","M","R","T","E","R","B"],"character_chosen":"IRONCLAD","items_purchased":["Sling"],"campfire_rested":0,"item_purchase_floors":[5],"current_hp_per_floor":[74,74,74,74,74,82,82,82,82,82,82,82,82,82,82,0,0],"gold":93,"neow_bonus":"THREE_ENEMY_KILL","is_daily":false,"chose_seed":false,"campfire_upgraded":2,"win_rate":0.0,"timestamp":1610936136,"path_taken":["M","?","?","?","$","E","R","?","T","M","M","R","?","E","R","BOSS"],"items_purchased_type":["Relic"],"build_version":"2020-12-22","purchased_purges":0,"victory":false,"max_hp_per_floor":[75,75,75,75,75,82,82,82,82,82,82,82,82,82,82,82,82],"card_choices":[{"not_picked":["Iron Wave","Abandon"],"picked":"Perfected Strike","floor":1},{"not_picked":["Havoc","Bludgeon","True Grit"],"picked":"SKIP","floor":6},{"not_picked":["Sword Boomerang","Armaments"],"picked":"Wild Strike","floor":10},{"not_picked":["Clothesline","ReplayTheSpireMod:Strike From Hell"],"picked":"Wild Strike","floor":11},{"not_picked":["Heavy Blade","Replay:Many Hands"],"picked":"ReplayTheSpireMod:Strike From Hell","floor":14}],"player_experience":345741,"relics_obtained":[{"floor":2,"key":"Ring of Greed"},{"floor":2,"key":"Smiling Mask"},{"floor":2,"key":"Tiny Chest"},{"floor":2,"key":"Ring of Hypnosis"},{"floor":6,"key":"Strawberry"},{"floor":9,"key":"Eternal Feather"},{"floor":13,"key":"Shovel"},{"floor":14,"key":"Thread and Needle"},{"floor":15,"key":"Pondfish Scales"}],"event_choices":[{"cards_removed":["Voices"],"damage_healed":0,"gold_gain":0,"player_choice":"Forget","damage_taken":0,"max_hp_gain":0,"max_hp_loss":0,"event_name":"Living Wall","floor":4,"gold_loss":0},{"damage_healed":0,"gold_gain":0,"player_choice":"Leave","damage_taken":0,"max_hp_gain":0,"max_hp_loss":0,"event_name":"The Cleric","floor":8,"gold_loss":0}],"is_beta":false,"boss_relics":[],"items_purged_floors":[],"is_endless":false,"potions_floor_spawned":[6,11],"killed_by":"Fading Forest","ascension_level":19}}