{"host":"4bjxh029d56iuik5","time":1610991640,"event":{"mods":["BaseMod","BetterRewards","Conspire","GifTheSpireLib","Hubris","Infinite Spire","Mimic Mod","Minty Spire (QoL Compilation)","StSLib","Stuff the Spire","vexMod"],"gold_per_floor":[114,127,140,154,10,41,41,68,112,125,125,162,189,39,39,138,138,153,178,178,198,207,250,279,279,333,333,363,363,398,411,411,411,411],"floor_reached":33,"language":"RUS","playtime":1409,"items_purged":[],"score":349,"play_id":"d5164a11-5f54-45f9-8cf2-74941ffea78e","local_time":"20210118194040","is_ascension_mode":true,"campfire_choices":[{"data":"Bash","floor":7,"key":"SMITH"},{"data":"Infernal Blade","floor":11,"key":"SMITH"},{"floor":15,"key":"REST"},{"data":"Iron Wave","floor":25,"key":"SMITH"},{"data":"Thunderclap","floor":27,"key":"SMITH"},{"data":"Heavy Blade","floor":29,"key":"SMITH"},{"data":"Flex","floor":32,"key":"SMITH"}],"circlet_count":0,"master_deck":["Strike_R","Strike_R","Strike_R","Strike_R","Strike_R","Defend_R+1","Defend_R","Defend_R","Defend_R+1","Bash+1","Wild Strike","Clash","Iron Wave+1","Flex+1","Infernal Blade+1","Cleave","Heavy Blade+1","Anger+1","Clash","Anger","Anger+1","hubris:Compulsion","Thunderclap+1","hubris:Disease"],"relics":["Burning Blood","Blood Vial","Brimstone","CaptainsWheel","Pantograph","CeramicFish","War Paint","PreservedInsect","Cursed Key","infinitespire:Lychee Nut","Frozen Egg 2","Red Skull"],"acts_visited":["Exordium","TheCity"],"potions_floor_usage":[6,12,16,16,28,33,33],"damage_taken":[{"damage":12,"enemies":"Cultist","floor":1,"turns":5},{"damage":3,"enemies":"infinitespire:Voidling","floor":2,"turns":3},{"damage":2,"enemies":"Small Slimes","floor":3,"turns":4},{"damage":4,"enemies":"2 Fungi Beasts","floor":4,"turns":3},{"damage":20,"enemies":"3 Sentries","floor":6,"turns":6},{"damage":3,"enemies":"Gremlin Nob","floor":8,"turns":3},{"damage":4,"enemies":"Exordium Wildlife","floor":9,"turns":4},{"damage":13,"enemies":"Exordium Wildlife","floor":10,"turns":4},{"damage":48,"enemies":"3 Sentries","floor":12,"turns":7},{"damage":4,"enemies":"Lots of Slimes","floor":13,"turns":2},{"damage":38,"enemies":"Hexaghost","floor":16,"turns":6},{"damage":0,"enemies":"Spheric Guardian","floor":18,"turns":2},{"damage":9,"enemies":"Shell Parasite","floor":19,"turns":3},{"damage":0,"enemies":"Snecko","floor":21,"turns":3},{"damage":19,"enemies":"Book of Stabbing","floor":23,"turns":3},{"damage":11,"enemies":"3 Cultists","floor":24,"turns":3},{"damage":4,"enemies":"Cultist and Chosen","floor":26,"turns":4},{"damage":0,"enemies":"Slavers","floor":28,"turns":2},{"damage":5,"enemies":"Cultist and Chosen","floor":31,"turns":4},{"damage":67,"enemies":"Collector","floor":33,"turns":5}],"seed_played":"305442258194506683","potions_obtained":[{"floor":3,"key":"DistilledChaos"},{"floor":6,"key":"Swift Potion"},{"floor":10,"key":"FearPotion"},{"floor":12,"key":"Weak Potion"},{"floor":16,"key":"Fruit Juice"},{"floor":24,"key":"Explosive Potion"},{"floor":28,"key":"Strength Potion"},{"floor":31,"key":"GamblersBrew"}],"is_trial":false,"path_per_floor":["M","M","M","M","$","E","R","E","MIM","M","R","E","M","$","R","B",null,"M","M","$","M","?","E","M","R","MIM","R","E","R","T","M","R","B"],"character_chosen":"IRONCLAD","items_purchased":["Brimstone","PreservedInsect"],"campfire_rested":1,"item_purchase_floors":[5,14],"current_hp_per_floor":[74,79,80,80,80,66,66,71,75,70,70,30,34,34,58,53,85,85,82,82,85,85,63,58,58,63,63,63,63,63,63,63,0,0],"gold":411,"neow_bonus":"RANDOM_COMMON_RELIC","is_daily":false,"chose_seed":false,"campfire_upgraded":6,"win_rate":0.0,"timestamp":1610991640,"path_taken":["M","M","M","M","$","E","R","E","MIM","M","R","E","M","$","R","BOSS","M","?","$","M","?","E","M","R","MIM","R","E","R","?","M","R","BOSS"],"items_purchased_type":["Relic","Relic"],"build_version":"2020-12-22","purchased_purges":0,"victory":false,"max_hp_per_floor":[80,80,80,80,80,80,80,80,80,80,80,80,80,80,80,85,85,85,85,85,85,85,63,63,63,63,63,63,63,63,63,63,63,63],"card_choices":[{"not_picked":["Pommel Strike","Metallicize"],"picked":"Wild Strike","floor":1},{"not_picked":["Second Wind","Havoc"],"picked":"Clash","floor":2},{"not_picked":["StuffTheSpire:RockThrow","Wild Strike","Pummel"],"picked":"SKIP","floor":3},{"not_picked":["Wild Strike","Battle Trance","Warcry"],"picked":"SKIP","floor":4},{"not_picked":["StuffTheSpire:Incineration","Entrench"],"picked":"Iron Wave","floor":6},{"not_picked":["Offering","Bloodletting"],"picked":"Flex","floor":8},{"not_picked":["Havoc","Carnage"],"picked":"Infernal Blade","floor":9},{"not_picked":["hubris:ReadiedAction","Thunderclap","Body Slam"],"picked":"SKIP","floor":10},{"not_picked":["Body Slam","Armaments"],"picked":"Cleave","floor":12},{"not_picked":["Wild Strike","Warcry"],"picked":"Heavy Blade","floor":13},{"not_picked":["Twin Strike+1","Feel No Pain","Evolve"],"picked":"SKIP","floor":18},{"not_picked":["Clothesline","Flex"],"picked":"Anger+1","floor":19},{"not_picked":["Offering","Iron Wave","Warcry"],"picked":"SKIP","floor":21},{"not_picked":["StuffTheSpire:Pyroclast","Headbutt+1"],"picked":"Anger","floor":23},{"not_picked":["Dual Wield","Iron Wave+1"],"picked":"Anger+1","floor":24},{"not_picked":["Sentinel+1","Pommel Strike"],"picked":"Thunderclap","floor":26},{"not_picked":["StuffTheSpire:RagingBull","Sword Boomerang","Carnage"],"picked":"SKIP","floor":28},{"not_picked":["Armaments","Offering","Perfected Strike"],"picked":"SKIP","floor":31}],"player_experience":314627,"relics_obtained":[{"floor":6,"key":"CaptainsWheel"},{"floor":8,"key":"Pantograph"},{"floor":9,"key":"CeramicFish"},{"floor":12,"key":"War Paint"},{"floor":23,"key":"infinitespire:Lychee Nut"},{"floor":28,"key":"Frozen Egg 2"},{"floor":30,"key":"Red Skull"}],"event_choices":[{"damage_healed":0,"gold_gain":0,"player_choice":"Read","damage_taken":0,"max_hp_gain":0,"max_hp_loss":0,"event_name":"The Library","floor":22,"gold_loss":0,"cards_obtained":["Clash"]}],"is_beta":false,"boss_relics":[{"not_picked":["StuffTheSpire:Kangaroo","Ectoplasm"],"picked":"Cursed Key"}],"items_purged_floors":[],"is_endless":false,"potions_floor_spawned":[3,6,10,12,16,24,28,31],"killed_by":"Collector","ascension_level":1}}