{"host":"d4q750jvy4fei3fg","time":1610952178,"event":{"mods":["BaseMod","Downfall","Minty Spire (QoL Compilation)","StSLib"],"gold_per_floor":[99,120,304,333,433,28,108,137,181,210,239,44,44,44],"floor_reached":13,"language":"ENG","playtime":1665,"items_purged":["Doubt"],"score":85,"play_id":"4908d83f-f4b4-4011-bf5d-536dc01a5864","local_time":"20210118014258","is_ascension_mode":false,"campfire_choices":[{"floor":1,"key":"RECALL"}],"circlet_count":0,"master_deck":["bronze:Strike","bronze:Strike","bronze:Strike","bronze:Strike","bronze:Defend","bronze:Defend","bronze:Defend","bronze:Defend","bronze:Replicate","bronze:Goto","bronze:Frontload","bronze:ForceShield","bronze:BuggyMess","expansioncontent:YouAreMine","bronze:DelayedSlice","bronze:Constructor+1","bronze:DelayedGuard+1","bronze:Backtrace","bronze:Constructor+1","Master of Strategy+1","bronze:BronzeOrb"],"relics":["bronze:BronzeCore","CeramicFish","Darkstone Periapt","Toxic Egg 2","Happy Flower"],"acts_visited":["Exordium"],"potions_floor_usage":[10,13,13],"damage_taken":[{"damage":0,"enemies":"Cultist","floor":2,"turns":4},{"damage":0,"enemies":"Small Slimes","floor":4,"turns":4},{"damage":0,"enemies":"downfall:FleeingMerchant","floor":6,"turns":4},{"damage":3,"enemies":"Jaw Worm","floor":8,"turns":5},{"damage":30,"enemies":"3 Sentries","floor":9,"turns":16},{"damage":7,"enemies":"Exordium Wildlife","floor":10,"turns":5},{"damage":11,"enemies":"3 Louse","floor":11,"turns":4},{"damage":0,"enemies":"downfall:FleeingMerchant","floor":12,"turns":4},{"damage":49,"enemies":"Gremlin Nob","floor":13,"turns":5}],"seed_played":"-6879098138590246014","potions_obtained":[{"floor":2,"key":"LiquidBronze"},{"floor":4,"key":"bronze:BurnAndBuffPotion"},{"floor":9,"key":"EssenceOfSteel"}],"is_trial":false,"path_per_floor":["R","M","?","M","?","$","T","M","E","M","M","$","E"],"character_chosen":"THE_AUTOMATON","items_purchased":["Darkstone Periapt","expansioncontent:YouAreMine","Master of Strategy+1","bronze:BronzeOrb"],"campfire_rested":0,"item_purchase_floors":[6,6,12,12],"current_hp_per_floor":[70,70,70,70,70,70,70,67,37,30,19,19,0,0],"gold":44,"neow_bonus":"RANDOM_COMMON_RELIC","is_daily":false,"chose_seed":false,"campfire_upgraded":0,"win_rate":0.0,"timestamp":1610952178,"path_taken":["R","M","?","M","?","$","T","M","E","M","M","?","E"],"items_purchased_type":["Relic","Card","Card","Card"],"build_version":"2020-12-22","purchased_purges":1,"victory":false,"max_hp_per_floor":[70,70,70,70,70,70,70,70,70,70,70,70,70,70],"card_choices":[{"not_picked":["bronze:BugBarrage","bronze:OilSpill"],"picked":"bronze:Frontload","floor":2},{"not_picked":["bronze:DelayedGuard","bronze:FollowUp"],"picked":"bronze:ForceShield","floor":4},{"not_picked":["bronze:Assembly","bronze:BitShift"],"picked":"bronze:BuggyMess","floor":6},{"not_picked":["bronze:Shield+1","bronze:WhirlingStrike"],"picked":"bronze:DelayedSlice","floor":8},{"not_picked":["bronze:FineTuning+1","bronze:DelayedSlice"],"picked":"bronze:Constructor+1","floor":9},{"not_picked":["bronze:Invalidate+1","bronze:WildBeam"],"picked":"bronze:DelayedGuard+1","floor":10},{"not_picked":["bronze:BitShift+1","bronze:ShipIt"],"picked":"bronze:Backtrace","floor":11},{"not_picked":["bronze:Shield+1","bronze:ForLoop+1"],"picked":"bronze:Constructor+1","floor":12}],"player_experience":153647,"relics_obtained":[{"floor":7,"key":"Toxic Egg 2"},{"floor":9,"key":"Happy Flower"}],"event_choices":[],"is_beta":false,"boss_relics":[],"items_purged_floors":[6],"is_endless":false,"potions_floor_spawned":[2,4,9],"killed_by":"Gremlin Nob","ascension_level":0}}