{"host":"2se5dq1do2gp0x9k","time":1610994360,"event":{"mods":["AchievementEnabler","BaseMod","Block Reminder","Colored Map","Colored Powertips","Minty Spire (QoL Compilation)","Relic Stats","StSLib","SuperFastMode"],"gold_per_floor":[115,132,132,407,425,425,460,182,182,192,192,208,219,35,35,112,112,131,50,49,24,24,24,50,50,73,73,73],"floor_reached":27,"language":"ENG","playtime":860,"items_purged":["Regret","Strike_B"],"score":462,"play_id":"135e712b-7df7-43b9-9a15-1198cacd6315","local_time":"20210118102600","is_ascension_mode":true,"campfire_choices":[{"data":"Zap","floor":6,"key":"SMITH"},{"floor":11,"key":"REST"},{"floor":15,"key":"REST"},{"data":"Darkness","floor":23,"key":"SMITH"},{"data":"Metamorphosis","floor":25,"key":"SMITH"}],"circlet_count":0,"master_deck":["AscendersBane","Strike_B","Strike_B","Strike_B","Defend_B","Defend_B","Defend_B","Defend_B","Zap+1","Dualcast","Cold Snap","Doom and Gloom+1","Cold Snap","Echo Form","Conserve Battery","Metamorphosis+1","Chill","Darkness+1","Stack","Undo","All For One","Loop","Conserve Battery","Turbo"],"relics":["Cracked Core","NeowsBlessing","Question Card","Vajra","SlaversCollar","Toy Ornithopter","Regal Pillow"],"acts_visited":["Exordium","TheCity"],"potions_floor_usage":[16,18],"damage_taken":[{"damage":0,"enemies":"Cultist","floor":1,"turns":1},{"damage":0,"enemies":"2 Louse","floor":2,"turns":1},{"damage":0,"enemies":"Jaw Worm","floor":5,"turns":1},{"damage":26,"enemies":"Lagavulin","floor":7,"turns":6},{"damage":16,"enemies":"Exordium Thugs","floor":10,"turns":3},{"damage":12,"enemies":"Exordium Wildlife","floor":12,"turns":5},{"damage":8,"enemies":"3 Louse","floor":13,"turns":2},{"damage":28,"enemies":"The Guardian","floor":16,"turns":11},{"damage":21,"enemies":"Shell Parasite","floor":18,"turns":6},{"damage":30,"enemies":"2 Thieves","floor":20,"turns":4},{"damage":29,"enemies":"Book of Stabbing","floor":24,"turns":4},{"damage":58,"enemies":"Cultist and Chosen","floor":27,"turns":5}],"seed_played":"-5981485709187000064","potions_obtained":[{"floor":5,"key":"FocusPotion"},{"floor":10,"key":"PowerPotion"},{"floor":12,"key":"AttackPotion"},{"floor":16,"key":"Regen Potion"},{"floor":18,"key":"Dexterity Potion"}],"is_trial":false,"path_per_floor":["M","M","?","?","M","R","E","$","T","M","R","M","M","$","R","B",null,"M","$","M","$","?","R","E","R","T","M"],"character_chosen":"DEFECT","items_purchased":["Conserve Battery","Metamorphosis","Undo","Loop","Turbo"],"campfire_rested":2,"item_purchase_floors":[8,8,14,19,21],"current_hp_per_floor":[64,64,64,64,64,64,38,38,38,22,43,31,23,23,44,16,57,48,48,18,18,71,71,42,42,42,0,0],"gold":73,"neow_bonus":"THREE_ENEMY_KILL","is_daily":false,"chose_seed":false,"campfire_upgraded":3,"win_rate":0.0,"timestamp":1610994360,"path_taken":["M","M","?","?","M","R","E","$","T","?","R","M","M","$","R","BOSS","M","?","M","$","?","R","E","R","T","M"],"items_purchased_type":["Card","Card","Card","Card","Card"],"build_version":"2020-12-22","purchased_purges":2,"victory":false,"max_hp_per_floor":[71,71,71,71,71,71,71,71,71,71,71,71,71,71,71,71,71,71,71,71,71,71,71,71,71,71,71,71],"relic_stats":{"Regal Pillow":0,"counters":[12,49],"Question Card":7,"obtain_stats":[{"SlaversCollar":17,"Regal Pillow":26,"NeowsBlessing":0,"Vajra":9,"Cracked Core":0,"Question Card":7,"Toy Ornithopter":24},{"SlaversCollar":8,"Regal Pillow":11,"NeowsBlessing":0,"Vajra":4,"Cracked Core":0,"Question Card":4,"Toy Ornithopter":11},{"SlaversCollar":30,"Regal Pillow":44,"NeowsBlessing":0,"Vajra":9,"Cracked Core":0,"Question Card":9,"Toy Ornithopter":44}],"Toy Ornithopter":0},"card_choices":[{"not_picked":["Rebound","Loop"],"picked":"Cold Snap","floor":1},{"not_picked":["Stack","Streamline"],"picked":"Doom and Gloom","floor":2},{"not_picked":["Rip and Tear","Sunder"],"picked":"Cold Snap","floor":5},{"not_picked":["Beam Cell","Auto Shields"],"picked":"Echo Form","floor":7},{"not_picked":["Sunder","Streamline","Beam Cell"],"picked":"Chill","floor":10},{"not_picked":["Recycle","Consume","Fusion"],"picked":"Darkness","floor":12},{"not_picked":["Beam Cell","Redo","Gash"],"picked":"Stack","floor":13},{"not_picked":["Thunder Strike","Machine Learning","Fission"],"picked":"All For One","floor":16},{"not_picked":["Stack","Go for the Eyes","Redo","Recycle"],"picked":"SKIP","floor":18},{"not_picked":["Tempest","Lockon","Hologram"],"picked":"Conserve Battery","floor":20},{"not_picked":["Multi-Cast","Rebound","Capacitor","Gash"],"picked":"SKIP","floor":24}],"player_experience":3918027,"relics_obtained":[{"floor":7,"key":"Question Card"},{"floor":9,"key":"Vajra"},{"floor":24,"key":"Toy Ornithopter"},{"floor":26,"key":"Regal Pillow"}],"event_choices":[{"damage_healed":0,"gold_gain":0,"player_choice":"Grow","damage_taken":0,"max_hp_gain":0,"max_hp_loss":0,"event_name":"Living Wall","floor":3,"gold_loss":0,"cards_upgraded":["Doom and Gloom"]},{"damage_healed":0,"gold_gain":275,"player_choice":"Desecrate","damage_taken":0,"max_hp_gain":0,"max_hp_loss":0,"event_name":"Golden Shrine","floor":4,"gold_loss":0,"cards_obtained":["Regret"]},{"damage_healed":53,"gold_gain":0,"player_choice":"Full Heal","damage_taken":0,"max_hp_gain":0,"max_hp_loss":0,"event_name":"Wheel of Change","floor":22,"gold_loss":0}],"is_beta":false,"boss_relics":[{"not_picked":["Black Star","Runic Dome"],"picked":"SlaversCollar"}],"items_purged_floors":[8,14],"is_endless":false,"potions_floor_spawned":[5,10,12,13,16,18],"killed_by":"Cultist and Chosen","ascension_level":20}}