{"host":"d66n7ln59ex8canu","time":1610945173,"event":{"mods":["AchievementEnabler","BaseMod","Colored Map","Minty Spire (QoL Compilation)","Quick Restart","StSLib"],"gold_per_floor":[115,115,133,152,162,189,209,209,236,281,313,325,363,338,350,460,472,497,521,543,555,567,579,126,126,199,229,241,53,53,64,64,64,64],"floor_reached":33,"language":"ENG","playtime":1037,"items_purged":[],"score":342,"play_id":"6456301b-5c04-499c-a5cc-37c6e732e44e","local_time":"20210117234613","is_ascension_mode":true,"campfire_choices":[{"data":"Footwork","floor":8,"key":"SMITH"},{"floor":15,"key":"REST"},{"floor":23,"key":"REST"},{"floor":30,"key":"REST"},{"floor":32,"key":"REST"}],"circlet_count":0,"master_deck":["Strike_G","Strike_G","Strike_G","Strike_G","Strike_G","Defend_G","Defend_G","Defend_G","Defend_G","Defend_G","Survivor+1","Neutralize","Infinite Blades+1","Footwork+1","Dagger Spray","Cloak And Dagger","Backstab","Blade Dance+1","Phantasmal Killer","Acrobatics+1","Cloak And Dagger+1","Blur+1","A Thousand Cuts","Backstab","Backstab","Cloak And Dagger+1"],"relics":["Ring of the Serpent","Pen Nib","CaptainsWheel","Vajra","MawBank","War Paint","PreservedInsect","Shovel","MutagenicStrength","Blue Candle","Ninja Scroll","Juzu Bracelet"],"acts_visited":["Exordium","TheCity"],"potions_floor_usage":[6,11,16,27,33,33],"damage_taken":[{"damage":6,"enemies":"2 Louse","floor":1,"turns":3},{"damage":4,"enemies":"Cultist","floor":3,"turns":3},{"damage":5,"enemies":"Jaw Worm","floor":4,"turns":6},{"damage":0,"enemies":"3 Louse","floor":5,"turns":1},{"damage":17,"enemies":"Lagavulin","floor":6,"turns":9},{"damage":1,"enemies":"Looter","floor":7,"turns":4},{"damage":16,"enemies":"Gremlin Nob","floor":11,"turns":3},{"damage":12,"enemies":"3 Sentries","floor":13,"turns":5},{"damage":4,"enemies":"The Guardian","floor":16,"turns":13},{"damage":3,"enemies":"Spheric Guardian","floor":18,"turns":4},{"damage":6,"enemies":"3 Byrds","floor":19,"turns":4},{"damage":30,"enemies":"Snake Plant","floor":20,"turns":5},{"damage":5,"enemies":"Gremlin Leader","floor":27,"turns":5},{"damage":19,"enemies":"Chosen and Byrds","floor":28,"turns":6},{"damage":0,"enemies":"Cultist and Chosen","floor":31,"turns":2},{"damage":70,"enemies":"Champ","floor":33,"turns":11}],"seed_played":"-5026796326343740667","potions_obtained":[{"floor":1,"key":"GamblersBrew"},{"floor":5,"key":"SteroidPotion"},{"floor":7,"key":"AttackPotion"},{"floor":19,"key":"Energy Potion"},{"floor":20,"key":"ColorlessPotion"},{"floor":31,"key":"CunningPotion"}],"is_trial":false,"path_per_floor":["M","?","M","M","M","E","M","R","T","T","E","$","E","?","R","B",null,"M","M","M","?","?","R","$","?","T","E","M","$","R","M","R","B"],"character_chosen":"THE_SILENT","items_purchased":["A Thousand Cuts","Shovel","Juzu Bracelet","Backstab"],"campfire_rested":4,"item_purchase_floors":[24,24,29,29],"current_hp_per_floor":[64,64,60,55,55,38,37,37,37,37,21,21,9,9,30,26,70,67,61,31,31,18,40,40,40,40,35,16,16,38,38,60,0,0],"gold":64,"neow_bonus":"RANDOM_COMMON_RELIC","is_daily":false,"chose_seed":false,"campfire_upgraded":1,"win_rate":0.0,"timestamp":1610945173,"path_taken":["M","?","?","M","?","E","M","R","T","?","E","$","E","?","R","BOSS","M","M","M","?","?","R","$","?","T","E","M","$","R","M","R","BOSS"],"items_purchased_type":["Card","Relic","Relic","Card"],"build_version":"2020-12-22","purchased_purges":0,"victory":false,"max_hp_per_floor":[70,70,70,70,70,70,70,70,70,70,70,70,70,70,70,70,70,70,70,70,70,75,75,75,75,75,75,75,75,75,75,75,75,75],"card_choices":[{"not_picked":["Dash","Backflip"],"picked":"Infinite Blades","floor":1},{"not_picked":["Slice","Underhanded Strike"],"picked":"Footwork","floor":3},{"not_picked":["Cloak And Dagger","Unload"],"picked":"Dagger Spray","floor":4},{"not_picked":["Choke","Well Laid Plans"],"picked":"Cloak And Dagger","floor":5},{"not_picked":["Endless Agony","Prepared","Calculated Gamble"],"picked":"SKIP","floor":6},{"not_picked":["Sucker Punch","Reflex"],"picked":"Backstab","floor":7},{"not_picked":["Masterful Stab","Slice"],"picked":"Blade Dance","floor":11},{"not_picked":["Setup","Slice","Tactician"],"picked":"SKIP","floor":13},{"not_picked":["Die Die Die","Unload"],"picked":"Phantasmal Killer","floor":16},{"not_picked":["Dash","Blade Dance"],"picked":"Acrobatics+1","floor":18},{"not_picked":["Underhanded Strike+1","Cloak And Dagger+1","Terror+1"],"picked":"SKIP","floor":19},{"not_picked":["Underhanded Strike+1","Terror+1"],"picked":"Cloak And Dagger+1","floor":19},{"not_picked":["Sucker Punch","Flying Knee"],"picked":"Blur+1","floor":20},{"not_picked":["Expertise","Poisoned Stab+1","Backflip"],"picked":"SKIP","floor":27},{"not_picked":["Acrobatics","Backflip"],"picked":"Backstab","floor":28},{"not_picked":["Slice","Crippling Poison"],"picked":"Cloak And Dagger+1","floor":31}],"player_experience":330410,"relics_obtained":[{"floor":6,"key":"CaptainsWheel"},{"floor":9,"key":"Vajra"},{"floor":11,"key":"MawBank"},{"floor":13,"key":"War Paint"},{"floor":26,"key":"Blue Candle"},{"floor":27,"key":"Ninja Scroll"}],"event_choices":[{"damage_healed":0,"gold_gain":0,"player_choice":"Upgraded","damage_taken":0,"max_hp_gain":0,"max_hp_loss":0,"event_name":"Upgrade Shrine","floor":2,"gold_loss":0,"cards_upgraded":["Infinite Blades"]},{"damage_healed":0,"gold_gain":0,"player_choice":"Left Gold","damage_taken":0,"max_hp_gain":0,"max_hp_loss":0,"event_name":"World of Goop","floor":14,"gold_loss":37},{"damage_healed":0,"gold_gain":0,"player_choice":"Opened","damage_taken":0,"relics_obtained":["PreservedInsect"],"max_hp_gain":0,"max_hp_loss":0,"event_name":"The Mausoleum","floor":21,"gold_loss":0},{"damage_healed":0,"gold_gain":0,"player_choice":"Shed Blood","damage_taken":18,"max_hp_gain":5,"max_hp_loss":0,"event_name":"Forgotten Altar","floor":22,"gold_loss":0},{"damage_healed":0,"gold_gain":0,"player_choice":"Inject Mutagens","damage_taken":0,"relics_obtained":["MutagenicStrength"],"max_hp_gain":0,"max_hp_loss":0,"event_name":"Drug Dealer","floor":25,"gold_loss":0}],"is_beta":false,"boss_relics":[{"not_picked":["Runic Dome","Tiny House"],"picked":"Ring of the Serpent"}],"items_purged_floors":[],"is_endless":false,"potions_floor_spawned":[1,5,7,19,20,31],"killed_by":"Champ","ascension_level":4}}