{"host":"6z37w3v1wo6fteqs","time":1610955159,"event":{"mods":["AchievementEnabler","BaseMod","Minty Spire (QoL Compilation)","Relic Stats"],"gold_per_floor":[113,37,37,37,37,66,81,95,95,111,141,161,161,176,176,281,281,281,53,0,0,0,0,0,0,0,0,0,0,0,0,0,0,0,0,0,0,0,0,0,0,0,0,0,0,0,0,0,0,0],"floor_reached":51,"language":"ENG","playtime":4126,"items_purged":["Strike_G"],"score":894,"play_id":"c2ed2019-45b7-4f33-a46a-31952c87830d","local_time":"20210117233239","is_ascension_mode":false,"campfire_choices":[{"data":"Neutralize","floor":13,"key":"SMITH"},{"data":"Calculated Gamble","floor":15,"key":"SMITH"},{"data":"Tools of the Trade","floor":23,"key":"SMITH"},{"data":"Sucker Punch","floor":25,"key":"SMITH"},{"data":"Well Laid Plans","floor":27,"key":"SMITH"},{"data":"Wraith Form v2","floor":32,"key":"SMITH"},{"data":"Prepared","floor":40,"key":"SMITH"},{"data":"Reflex","floor":45,"key":"SMITH"},{"data":"Acrobatics","floor":47,"key":"SMITH"},{"floor":49,"key":"REST"}],"circlet_count":0,"master_deck":["Strike_G+1","Strike_G+1","Strike_G+1","Defend_G+1","Defend_G+1","Defend_G+1","Defend_G+1","Defend_G+1","Survivor+1","Neutralize+1","Backstab+1","Dash+1","Acrobatics+1","Dagger Spray+1","Calculated Gamble+1","Flying Knee+1","Eviscerate+1","Reflex+1","Tools of the Trade+1","Wraith Form v2+1","Well Laid Plans+1","Backflip+1","Sucker Punch+1","Eviscerate+1","Eviscerate+1","Skewer+1","Dagger Throw+1","PiercingWail+1","Adrenaline+1","Acrobatics+1","Prepared+1","Prepared+1"],"relics":["Ring of the Snake","NeowsBlessing","Tough Bandages","Ornamental Fan","Matryoshka","Ectoplasm","PreservedInsect","Bronze Scales","MealTicket","Gremlin Horn","HoveringKite","Oddly Smooth Stone","Centennial Puzzle","Incense Burner","Mark of the Bloom"],"acts_visited":["Exordium","TheCity","TheBeyond"],"potions_floor_usage":[12,28,33,36],"damage_taken":[{"damage":0,"enemies":"2 Louse","floor":1,"turns":1},{"damage":0,"enemies":"3 Sentries","floor":6,"turns":1},{"damage":0,"enemies":"Small Slimes","floor":7,"turns":1},{"damage":0,"enemies":"Jaw Worm","floor":8,"turns":3},{"damage":0,"enemies":"Exordium Wildlife","floor":10,"turns":2},{"damage":0,"enemies":"Gremlin Nob","floor":11,"turns":4},{"damage":0,"enemies":"2 Fungi Beasts","floor":12,"turns":3},{"damage":8,"enemies":"Exordium Thugs","floor":14,"turns":6},{"damage":15,"enemies":"Hexaghost","floor":16,"turns":11},{"damage":3,"enemies":"3 Byrds","floor":18,"turns":5},{"damage":5,"enemies":"2 Thieves","floor":20,"turns":5},{"damage":3,"enemies":"Snake Plant","floor":22,"turns":5},{"damage":0,"enemies":"Shelled Parasite and Fungi","floor":28,"turns":6},{"damage":0,"enemies":"Centurion and Healer","floor":29,"turns":5},{"damage":0,"enemies":"Snecko","floor":31,"turns":4},{"damage":0,"enemies":"Automaton","floor":33,"turns":8},{"damage":0,"enemies":"Orb Walker","floor":35,"turns":2},{"damage":3,"enemies":"3 Darklings","floor":36,"turns":3},{"damage":0,"enemies":"Spire Growth","floor":37,"turns":4},{"damage":0,"enemies":"Sphere and 2 Shapes","floor":38,"turns":3},{"damage":0,"enemies":"4 Shapes","floor":41,"turns":2},{"damage":0,"enemies":"Reptomancer","floor":44,"turns":3},{"damage":0,"enemies":"Giant Head","floor":46,"turns":5},{"damage":0,"enemies":"Donu and Deca","floor":50,"turns":6}],"seed_played":"-1080370072936840455","potions_obtained":[{"floor":1,"key":"CultistPotion"},{"floor":7,"key":"Fruit Juice"},{"floor":10,"key":"Fruit Juice"},{"floor":12,"key":"Regen Potion"},{"floor":28,"key":"ColorlessPotion"},{"floor":31,"key":"CunningPotion"},{"floor":33,"key":"LiquidMemories"},{"floor":38,"key":"Block Potion"}],"is_trial":false,"path_per_floor":["M","$","?","?","?","E","M","M","T","M","E","M","R","M","R","B",null,"M","$","M","?","M","R","?","R","T","R","M","M","T","M","R","B",null,"M","M","M","M","$","R","M","$","T","E","R","E","R","?","R","B",null],"character_chosen":"THE_SILENT","items_purchased":["Dash","Well Laid Plans","Backflip","Sucker Punch"],"campfire_rested":1,"item_purchase_floors":[2,19,19,19],"current_hp_per_floor":[70,70,75,75,75,75,75,75,75,75,75,80,80,72,72,57,80,77,77,72,72,69,69,69,69,69,69,74,74,74,74,74,74,85,85,82,82,82,85,85,85,85,85,85,85,85,85,85,85,85],"gold":0,"neow_bonus":"THREE_ENEMY_KILL","is_daily":false,"chose_seed":false,"campfire_upgraded":9,"win_rate":0.0,"timestamp":1610955159,"path_taken":["M","$","?","?","?","E","M","?","T","M","E","M","R","M","R","BOSS","M","$","M","?","M","R","?","R","T","R","M","?","?","M","R","BOSS","M","M","?","M","$","R","M","$","T","E","R","E","R","?","R","BOSS"],"items_purchased_type":["Card","Card","Card","Card"],"build_version":"2020-12-22","purchased_purges":1,"victory":true,"max_hp_per_floor":[70,70,75,75,75,75,75,75,75,75,75,80,80,80,80,80,80,80,80,80,80,80,80,80,80,80,80,85,85,85,85,85,85,85,85,85,85,85,85,85,85,85,85,85,85,85,85,85,85,85],"relic_stats":{"Mark of the Bloom":25,"Gremlin Horn":[14,14],"counters":[24,98],"HoveringKite":[25],"PreservedInsect":184,"Tough Bandages":[726],"Centennial Puzzle":[0],"Ornamental Fan":[240],"Bronze Scales":[99],"MealTicket":3,"Ectoplasm":517,"obtain_stats":[{"Mark of the Bloom":48,"NeowsBlessing":0,"Gremlin Horn":30,"HoveringKite":34,"Oddly Smooth Stone":43,"PreservedInsect":26,"Incense Burner":46,"Tough Bandages":6,"Centennial Puzzle":44,"Matryoshka":11,"Ornamental Fan":9,"Bronze Scales":26,"MealTicket":30,"Ectoplasm":17,"Ring of the Snake":0},{"Mark of the Bloom":23,"NeowsBlessing":0,"Gremlin Horn":14,"HoveringKite":16,"Oddly Smooth Stone":21,"PreservedInsect":12,"Incense Burner":23,"Tough Bandages":2,"Centennial Puzzle":22,"Matryoshka":6,"Ornamental Fan":4,"Bronze Scales":12,"MealTicket":14,"Ectoplasm":9,"Ring of the Snake":0},{"Mark of the Bloom":92,"NeowsBlessing":0,"Gremlin Horn":58,"HoveringKite":70,"Oddly Smooth Stone":84,"PreservedInsect":47,"Incense Burner":92,"Tough Bandages":2,"Centennial Puzzle":87,"Matryoshka":12,"Ornamental Fan":6,"Bronze Scales":47,"MealTicket":58,"Ectoplasm":32,"Ring of the Snake":0}],"Ring of the Snake":[48]},"card_choices":[{"not_picked":["Distraction","Flechettes"],"picked":"Backstab","floor":1},{"not_picked":["Outmaneuver","Finisher"],"picked":"Acrobatics","floor":6},{"not_picked":["Sucker Punch","Tactician"],"picked":"Dagger Spray","floor":7},{"not_picked":["Leg Sweep","Prepared"],"picked":"Calculated Gamble","floor":8},{"not_picked":["Dodge and Roll","Terror"],"picked":"Flying Knee","floor":10},{"not_picked":["Outmaneuver","Bouncing Flask"],"picked":"Eviscerate","floor":11},{"not_picked":["Underhanded Strike","Acrobatics"],"picked":"Reflex","floor":12},{"not_picked":["Backflip","Eviscerate"],"picked":"Tools of the Trade","floor":14},{"not_picked":["Night Terror","Envenom"],"picked":"Wraith Form v2","floor":16},{"not_picked":["Infinite Blades","Deadly Poison","Poisoned Stab"],"picked":"SKIP","floor":18},{"not_picked":["Poisoned Stab","Caltrops"],"picked":"Eviscerate","floor":20},{"not_picked":["Prepared","Deflect+1"],"picked":"Eviscerate+1","floor":22},{"not_picked":["Well Laid Plans","Dodge and Roll","Die Die Die"],"picked":"SKIP","floor":28},{"not_picked":["Dodge and Roll","Flechettes"],"picked":"Dagger Throw+1","floor":29},{"not_picked":["Sucker Punch","Dodge and Roll"],"picked":"PiercingWail","floor":31},{"not_picked":["Doppelganger","A Thousand Cuts"],"picked":"Adrenaline","floor":33},{"not_picked":["Poisoned Stab+1","Dagger Throw"],"picked":"Acrobatics+1","floor":35},{"not_picked":["Quick Slash+1","Well Laid Plans","Poisoned Stab"],"picked":"SKIP","floor":36},{"not_picked":["PiercingWail","Distraction+1"],"picked":"Prepared","floor":37},{"not_picked":["Escape Plan","Blade Dance+1"],"picked":"Prepared+1","floor":38},{"not_picked":["Expertise","Flying Knee","Dash"],"picked":"SKIP","floor":41},{"not_picked":["Blade Dance","Die Die Die","Dagger Throw"],"picked":"SKIP","floor":44},{"not_picked":["Outmaneuver","Deflect","Dagger Throw+1"],"picked":"SKIP","floor":46}],"player_experience":3460,"relics_obtained":[{"floor":6,"key":"Tough Bandages"},{"floor":9,"key":"Ornamental Fan"},{"floor":11,"key":"Matryoshka"},{"floor":26,"key":"PreservedInsect"},{"floor":26,"key":"Bronze Scales"},{"floor":30,"key":"MealTicket"},{"floor":30,"key":"Gremlin Horn"},{"floor":43,"key":"Oddly Smooth Stone"},{"floor":44,"key":"Centennial Puzzle"},{"floor":46,"key":"Incense Burner"}],"event_choices":[{"damage_healed":0,"gold_gain":0,"player_choice":"Donut","damage_taken":0,"max_hp_gain":5,"max_hp_loss":0,"event_name":"Big Fish","floor":3,"gold_loss":0},{"damage_healed":0,"gold_gain":0,"player_choice":"Ignored","damage_taken":0,"max_hp_gain":0,"max_hp_loss":0,"event_name":"Liars Game","floor":4,"gold_loss":0},{"damage_healed":0,"gold_gain":0,"player_choice":"Leave","damage_taken":0,"max_hp_gain":0,"max_hp_loss":0,"event_name":"The Cleric","floor":5,"gold_loss":0},{"damage_healed":0,"gold_gain":0,"cards_transformed":["Strike_G"],"player_choice":"Transformed","damage_taken":0,"max_hp_gain":0,"max_hp_loss":0,"event_name":"Transmorgrifier","floor":24,"gold_loss":0,"cards_obtained":["Skewer"]},{"damage_healed":0,"gold_gain":0,"player_choice":"Upgrade","damage_taken":0,"relics_obtained":["Mark of the Bloom"],"max_hp_gain":0,"max_hp_loss":0,"event_name":"MindBloom","floor":48,"gold_loss":0,"cards_upgraded":["Strike_G","Strike_G","Strike_G","Defend_G","Defend_G","Defend_G","Defend_G","Defend_G","Survivor","Backstab","Dash","Dagger Spray","Flying Knee","Eviscerate","Backflip","Eviscerate","Skewer","PiercingWail","Adrenaline"]}],"is_beta":false,"boss_relics":[{"not_picked":["WristBlade","Tiny House"],"picked":"Ectoplasm"},{"not_picked":["Empty Cage","Snecko Eye"],"picked":"HoveringKite"}],"items_purged_floors":[19],"is_endless":false,"potions_floor_spawned":[1,7,10,12,28,31,33,35,38,41],"ascension_level":0}}