{"host":"b995t17pt6d05w8c","time":1610988824,"event":{"mods":["AchievementEnabler","BaseMod","Colored Map","DeckTracker","Keyboard Shortcuts","Minty Spire (QoL Compilation)","Permanent Neow","SuperFastMode"],"gold_per_floor":[159,84,9,45,84,84,159,222,222,222,222,222,292,311,311,429,429,473,473,90,103,153,153,172,207,232,244,269,331,407,6,6,82,82,100,162,112,2,12,12,12],"floor_reached":40,"language":"KOR","playtime":1218,"items_purged":["Defend_G","Strike_G","Defend_G","Strike_G"],"score":786,"play_id":"1599ca7d-ed09-4bdc-b7b7-acd5fd68654b","local_time":"20210119015344","is_ascension_mode":true,"campfire_choices":[{"data":"HandOfGreed","floor":6.0,"key":"SMITH"},{"floor":10.0,"key":"REST"},{"floor":15.0,"key":"REST"},{"data":"Tactician","floor":23.0,"key":"SMITH"},{"data":"Deadly Poison","floor":27.0,"key":"SMITH"},{"data":"Noxious Fumes","floor":32.0,"key":"SMITH"}],"circlet_count":0,"master_deck":["AscendersBane","Defend_G","Survivor+1","Neutralize","HandOfGreed+1","Blade Dance","Tactician+1","Infinite Blades","Dagger Throw","After Image","Poisoned Stab","Corpse Explosion","Deadly Poison+1","Footwork","Blade Dance+1","Calculated Gamble","Noxious Fumes+1","Wraith Form v2"],"relics":["Ring of the Snake","Smiling Mask","Darkstone Periapt","Bloody Idol","Empty Cage","ClockworkSouvenir","MealTicket","MawBank","Ornamental Fan","SlaversCollar"],"acts_visited":["TheCity","TheBeyond"],"potions_floor_usage":[40],"damage_taken":[{"damage":2.0,"enemies":"2 Louse","floor":1.0,"turns":4.0},{"damage":4.0,"enemies":"Jaw Worm","floor":4.0,"turns":4.0},{"damage":0.0,"enemies":"Cultist","floor":5.0,"turns":3.0},{"damage":25.0,"enemies":"3 Sentries","floor":7.0,"turns":10.0},{"damage":4.0,"enemies":"Large Slime","floor":8.0,"turns":6.0},{"damage":6.0,"enemies":"Exordium Thugs","floor":13.0,"turns":5.0},{"damage":9.0,"enemies":"Blue Slaver","floor":14.0,"turns":4.0},{"damage":12.0,"enemies":"Hexaghost","floor":16.0,"turns":9.0},{"damage":0.0,"enemies":"Chosen","floor":18.0,"turns":5.0},{"damage":17.0,"enemies":"2 Thieves","floor":21.0,"turns":4.0},{"damage":9.0,"enemies":"Centurion and Healer","floor":24.0,"turns":6.0},{"damage":16.0,"enemies":"Cultist and Chosen","floor":25.0,"turns":5.0},{"damage":32.0,"enemies":"Snecko","floor":28.0,"turns":7.0},{"damage":17.0,"enemies":"3 Cultists","floor":30.0,"turns":5.0},{"damage":51.0,"enemies":"Automaton","floor":33.0,"turns":10.0},{"damage":26.0,"enemies":"3 Darklings","floor":35.0,"turns":4.0},{"damage":30.0,"enemies":"3 Shapes","floor":36.0,"turns":7.0},{"damage":8.0,"enemies":"Maw","floor":39.0,"turns":9.0},{"damage":23,"enemies":"Transient","floor":40,"turns":5}],"seed_played":"-5834000518021405607","potions_obtained":[{"floor":7.0,"key":"PowerPotion"},{"floor":13.0,"key":"FearPotion"},{"floor":14.0,"key":"AttackPotion"},{"floor":18.0,"key":"SkillPotion"},{"floor":21.0,"key":"Block Potion"},{"floor":30.0,"key":"GamblersBrew"},{"floor":35.0,"key":"Weak Potion"},{"floor":39.0,"key":"EssenceOfSteel"}],"is_trial":false,"path_per_floor":["M","?","$","M","M","R","E","M","T","R","?","?","M","M","R","B",null,"M","?","$","M","?","R","M","M","T","R","M","?","M","$","R","B",null,"M","M","$","?","M","M"],"character_chosen":"THE_SILENT","items_purchased":["ClockworkSouvenir","MealTicket","Ornamental Fan","Noxious Fumes"],"campfire_rested":2,"item_purchase_floors":[20,20,31,31],"current_hp_per_floor":[42,42,42,38,38,38,13,9,9,28,28,28,22,13,31,19,50,50,50,50,43,48,48,44,38,43,48,26,30,33,53,53,7,47,26,11,26,26,23,0,0],"gold":12,"neow_bonus":"RANDOM_COLORLESS_2","is_daily":false,"chose_seed":false,"campfire_upgraded":4,"win_rate":0.0,"timestamp":1610988824,"path_taken":["M","?","$","M","M","R","E","M","T","R","?","?","M","M","R","BOSS","M","?","$","M","?","R","?","M","T","R","M","?","M","$","R","BOSS","M","M","$","?","M","M"],"items_purchased_type":["Relic","Relic","Relic","Card"],"build_version":"2020-12-22","purchased_purges":4,"victory":false,"max_hp_per_floor":[66,66,66,66,66,66,66,66,66,66,66,60,60,60,60,60,60,60,60,60,60,60,60,60,60,60,60,60,60,60,60,60,60,60,60,60,60,60,60,60,60],"card_choices":[{"not_picked":["Magnetism","Secret Weapon"],"picked":"HandOfGreed","floor":0.0},{"not_picked":["Sucker Punch","Slice","Dodge and Roll"],"picked":"SKIP","floor":1.0},{"not_picked":["Tactician","Escape Plan"],"picked":"Blade Dance","floor":4.0},{"not_picked":["Poisoned Stab","Endless Agony"],"picked":"Tactician","floor":5.0},{"not_picked":["Infinite Blades","Eviscerate","Cloak And Dagger"],"picked":"SKIP","floor":7.0},{"not_picked":["Eviscerate","Cloak And Dagger"],"picked":"Infinite Blades","floor":7.0},{"not_picked":["Outmaneuver","Setup"],"picked":"Dagger Throw","floor":8.0},{"not_picked":["Dagger Throw","Dash","Concentrate"],"picked":"SKIP","floor":13.0},{"not_picked":["Riddle With Holes","Cloak And Dagger"],"picked":"Poisoned Stab","floor":14.0},{"not_picked":["Night Terror","Die Die Die"],"picked":"Corpse Explosion","floor":16.0},{"not_picked":["Skewer","Bane+1"],"picked":"Deadly Poison","floor":18.0},{"not_picked":["Prepared","All Out Attack","Outmaneuver"],"picked":"SKIP","floor":21.0},{"not_picked":["Finisher","Distraction"],"picked":"Footwork","floor":24.0},{"not_picked":["Outmaneuver","PiercingWail","Bane"],"picked":"SKIP","floor":25.0},{"not_picked":["Poisoned Stab","Dash"],"picked":"Blade Dance+1","floor":28.0},{"not_picked":["Setup","PiercingWail"],"picked":"Calculated Gamble","floor":30.0},{"not_picked":["Corpse Explosion","Venomology"],"picked":"Wraith Form v2","floor":33.0},{"not_picked":["Dagger Throw","Dagger Spray","Deadly Poison+1"],"picked":"SKIP","floor":35.0},{"not_picked":["PiercingWail","Slice","Deflect"],"picked":"SKIP","floor":36.0},{"not_picked":["Slice","Bane+1","Quick Slash"],"picked":"SKIP","floor":39.0}],"player_experience":150128,"relics_obtained":[{"floor":7.0,"key":"Smiling Mask"},{"floor":9.0,"key":"Darkstone Periapt"},{"floor":26.0,"key":"MawBank"}],"event_choices":[{"cards_removed":["Strike_G"],"damage_healed":0.0,"max_hp_gain":0.0,"max_hp_loss":0.0,"gold_gain":0.0,"event_name":"The Cleric","player_choice":"Card Removal","floor":2.0,"gold_loss":75.0,"damage_taken":0.0},{"damage_healed":0.0,"max_hp_gain":0.0,"max_hp_loss":0.0,"gold_gain":0.0,"cards_transformed":["Strike_G"],"event_name":"Living Wall","player_choice":"Change","floor":11.0,"gold_loss":0.0,"damage_taken":0.0,"cards_obtained":["After Image"]},{"damage_healed":0.0,"max_hp_gain":0.0,"max_hp_loss":6.0,"gold_gain":0.0,"event_name":"Golden Idol","player_choice":"Lose Max HP","floor":12.0,"gold_loss":0.0,"damage_taken":0.0,"relics_obtained":["Golden Idol"]},{"damage_healed":0.0,"max_hp_gain":0.0,"max_hp_loss":0.0,"gold_gain":0.0,"event_name":"Forgotten Altar","player_choice":"Gave Idol","floor":19.0,"relics_lost":["Golden Idol"],"gold_loss":0.0,"damage_taken":0.0,"relics_obtained":["Bloody Idol"]},{"damage_healed":0.0,"max_hp_gain":0.0,"max_hp_loss":0.0,"gold_gain":100.0,"event_name":"The Joust","player_choice":"Bet on Murderer","floor":22.0,"gold_loss":50.0,"damage_taken":0.0},{"damage_healed":0.0,"max_hp_gain":0.0,"max_hp_loss":0.0,"gold_gain":50.0,"event_name":"FaceTrader","player_choice":"Touch","floor":29.0,"gold_loss":0.0,"damage_taken":6.0},{"cards_removed":["Defend_G"],"damage_healed":0.0,"max_hp_gain":0.0,"max_hp_loss":0.0,"gold_gain":0.0,"event_name":"Designer","player_choice":"Upgrade and Remove","floor":38.0,"gold_loss":110.0,"damage_taken":0.0,"cards_upgraded":["Survivor"]}],"is_beta":false,"boss_relics":[{"not_picked":["Velvet Choker","Calling Bell"],"picked":"Empty Cage"},{"not_picked":["Ring of the Serpent","Pandora\u0027s Box"],"picked":"SlaversCollar"}],"items_purged_floors":[3,20,31,37],"is_endless":false,"potions_floor_spawned":[7,13,14,18,21,30,35,39],"killed_by":"Transient","ascension_level":19}}