{"host":"fnk117zi8wf5078t","time":1610975990,"event":{"mods":["AchievementEnabler","BaseMod","Colored Map","Minty Spire (QoL Compilation)","Rare Cards Sparkle","SuperFastMode","everything is the same but u backflip on backflip"],"gold_per_floor":[118,118,138,138,103,130,143,143,143,143,170,180,180,180,180,276,276,287,287,287,287],"floor_reached":20,"language":"KOR","playtime":531,"items_purged":[],"score":297,"play_id":"bb165b55-6a42-4b82-87b5-4d16c7e15c08","local_time":"20210118221950","is_ascension_mode":true,"campfire_choices":[{"data":"Genetic Algorithm","floor":8.0,"key":"SMITH"},{"data":"Static Discharge","floor":10.0,"key":"SMITH"},{"floor":13.0,"key":"REST"},{"data":"Double Energy","floor":15.0,"key":"SMITH"}],"circlet_count":0,"master_deck":["Strike_B","Strike_B","Strike_B","Defend_B","Defend_B","Defend_B","Defend_B","Zap","Dualcast","Genetic Algorithm+1","Gash","Static Discharge+1","Darkness","Capacitor","Double Energy+1","Turbo","Machine Learning","Storm"],"relics":["Cracked Core","NeowsBlessing","Ginger","Dead Branch","Darkstone Periapt","Cables","Philosopher\u0027s Stone"],"acts_visited":["Exordium","TheCity"],"potions_floor_usage":[20],"damage_taken":[{"damage":0.0,"enemies":"Jaw Worm","floor":1.0,"turns":1.0},{"damage":0.0,"enemies":"Cultist","floor":3.0,"turns":1.0},{"damage":0.0,"enemies":"Gremlin Nob","floor":6.0,"turns":1.0},{"damage":7.0,"enemies":"Small Slimes","floor":7.0,"turns":3.0},{"damage":15.0,"enemies":"3 Sentries","floor":11.0,"turns":5.0},{"damage":15.0,"enemies":"Red Slaver","floor":12.0,"turns":4.0},{"damage":36.0,"enemies":"Slime Boss","floor":16.0,"turns":7.0},{"damage":49,"enemies":"Spheric Guardian","floor":18,"turns":5},{"damage":10,"enemies":"3 Byrds","floor":20,"turns":2}],"seed_played":"-3958729686849726613","potions_obtained":[{"floor":3.0,"key":"AttackPotion"},{"floor":7.0,"key":"EssenceOfSteel"},{"floor":11.0,"key":"DistilledChaos"},{"floor":18,"key":"Weak Potion"}],"is_trial":false,"path_per_floor":["M","?","M","?","$","E","M","R","T","R","E","M","R","T","R","B",null,"M","?","M"],"character_chosen":"DEFECT","items_purchased":["Static Discharge"],"campfire_rested":1,"item_purchase_floors":[5],"current_hp_per_floor":[68,68,68,73,73,73,66,66,66,66,51,36,60,60,60,24,66,17,9,0,0],"gold":287,"neow_bonus":"THREE_ENEMY_KILL","is_daily":false,"chose_seed":false,"campfire_upgraded":3,"win_rate":0.0,"timestamp":1610975990,"path_taken":["M","?","?","?","?","E","M","R","T","R","E","?","R","?","R","BOSS","M","?","M"],"items_purchased_type":["Card"],"build_version":"2020-12-22","purchased_purges":0,"victory":false,"max_hp_per_floor":[75,75,75,80,80,80,80,80,80,80,80,80,80,80,80,80,80,80,80,80,80],"card_choices":[{"not_picked":["Turbo","Gash"],"picked":"Genetic Algorithm","floor":1.0},{"not_picked":["Streamline","Conserve Battery"],"picked":"Gash","floor":3.0},{"not_picked":["Barrage","Go for the Eyes"],"picked":"Darkness","floor":6.0},{"not_picked":["Cold Snap","Loop"],"picked":"Capacitor","floor":7.0},{"not_picked":["Sunder","Reinforced Body"],"picked":"Double Energy","floor":11.0},{"not_picked":["Blizzard","Coolheaded"],"picked":"Turbo","floor":12.0},{"not_picked":["Reboot","Hyperbeam"],"picked":"Machine Learning","floor":16.0},{"not_picked":["Barrage","Reinforced Body"],"picked":"Storm","floor":18}],"player_experience":408202,"relics_obtained":[{"floor":6.0,"key":"Ginger"},{"floor":9.0,"key":"Dead Branch"},{"floor":11.0,"key":"Darkstone Periapt"},{"floor":14.0,"key":"Cables"}],"event_choices":[{"cards_removed":["Strike_B"],"damage_healed":0.0,"max_hp_gain":0.0,"max_hp_loss":0.0,"gold_gain":0.0,"event_name":"Purifier","player_choice":"Purged","floor":2.0,"gold_loss":0.0,"damage_taken":0.0},{"damage_healed":0.0,"max_hp_gain":5.0,"max_hp_loss":0.0,"gold_gain":0.0,"event_name":"Big Fish","player_choice":"Donut","floor":4.0,"gold_loss":0.0,"damage_taken":0.0},{"damage_healed":0,"gold_gain":0,"player_choice":"Damaged","damage_taken":8,"max_hp_gain":0,"max_hp_loss":0,"event_name":"Wheel of Change","floor":19,"gold_loss":0}],"is_beta":false,"boss_relics":[{"not_picked":["Coffee Dripper","Pandora\u0027s Box"],"picked":"Philosopher\u0027s Stone"}],"items_purged_floors":[],"is_endless":false,"potions_floor_spawned":[3,7,11,18],"killed_by":"3 Byrds","ascension_level":9}}