{"host":"5ty8fyb0ngp9gspj","time":1610934736,"event":{"mods":["2.2 Compatiblity","AchievementEnabler","Act Like it!","BaseMod","Colored Map","Downfall","Hubris","Minty Spire (QoL Compilation)","Rare Cards Sparkle","Relic Stats","StSLib","The Jungle","slay the spire mod where everything is the same but ironclad has a cowboy hat"],"gold_per_floor":[15,26,38,38,48,48,77,99,136,268,311,347,359,446,458,470,470],"floor_reached":16,"language":"ENG","playtime":589,"items_purged":[],"score":140,"play_id":"1553bc65-dff7-470c-8800-2f7e612670e8","local_time":"20210118125216","is_ascension_mode":true,"campfire_choices":[{"data":"Uppercut","floor":6,"key":"SMITH"},{"floor":15,"key":"REST"}],"circlet_count":0,"master_deck":["Strike_R","Strike_R+1","Strike_R","Strike_R","Strike_R","Defend_R","Defend_R","Defend_R","Defend_R","Bash+1","Uppercut+1","Ghostly Armor","Headbutt","Shockwave"],"relics":["Burning Blood","Peace Pipe","hubris:Icosahedron","MawBank","MealTicket","Paper Frog","Whetstone"],"acts_visited":["Exordium"],"potions_floor_usage":[5,10,16],"damage_taken":[{"damage":8,"enemies":"2 Louse","floor":1,"turns":3},{"damage":2,"enemies":"Jaw Worm","floor":2,"turns":3},{"damage":12,"enemies":"Small Slimes","floor":3,"turns":4},{"damage":0,"enemies":"Looter","floor":5,"turns":4},{"damage":58,"enemies":"Lagavulin","floor":7,"turns":8},{"damage":10,"enemies":"2 Fungi Beasts","floor":8,"turns":4},{"damage":3,"enemies":"Large Slime","floor":10,"turns":5},{"damage":42,"enemies":"3 Sentries","floor":11,"turns":13},{"damage":36,"enemies":"Hexaghost","floor":16,"turns":9}],"seed_played":"1757621572621040974","potions_obtained":[{"floor":3,"key":"ColorlessPotion"},{"floor":8,"key":"SteroidPotion"},{"floor":10,"key":"BloodPotion"}],"is_trial":false,"path_per_floor":["M","M","M","?","M","R","E","M","T","M","E","T","$","?","R","B"],"character_chosen":"IRONCLAD","items_purchased":[],"campfire_rested":1,"item_purchase_floors":[],"current_hp_per_floor":[78,80,74,74,80,80,28,24,24,43,7,7,22,11,35,0,0],"gold":470,"neow_bonus":"ONE_RARE_RELIC","is_daily":false,"chose_seed":false,"campfire_upgraded":1,"win_rate":0.0,"timestamp":1610934736,"path_taken":["M","M","M","?","M","R","E","M","T","M","E","?","$","?","R","BOSS"],"items_purchased_type":[],"build_version":"2020-12-22","purchased_purges":0,"victory":false,"max_hp_per_floor":[80,80,80,80,80,80,80,80,80,80,80,80,80,80,80,80,80],"relic_stats":{"Peace Pipe":0,"counters":[9,53],"MealTicket":15,"Whetstone":["Strike_R","Bash"],"MawBank":108,"obtain_stats":[{"Peace Pipe":0,"hubris:Icosahedron":4,"MealTicket":9,"Whetstone":12,"MawBank":7,"Burning Blood":0,"Paper Frog":11},{"Peace Pipe":0,"hubris:Icosahedron":3,"MealTicket":6,"Whetstone":8,"MawBank":5,"Burning Blood":0,"Paper Frog":8},{"Peace Pipe":0,"hubris:Icosahedron":10,"MealTicket":26,"Whetstone":44,"MawBank":22,"Burning Blood":0,"Paper Frog":44}],"Burning Blood":46},"card_choices":[{"not_picked":["Armaments","Reckless Charge","Rupture"],"picked":"SKIP","floor":1},{"not_picked":["Cleave","Pommel Strike"],"picked":"Uppercut","floor":2},{"not_picked":["Flame Barrier","Warcry"],"picked":"Ghostly Armor","floor":3},{"not_picked":["Second Wind","Iron Wave","Sword Boomerang"],"picked":"SKIP","floor":5},{"not_picked":["Juggernaut","Exhume"],"picked":"Headbutt","floor":7},{"not_picked":["Combust","Sword Boomerang"],"picked":"Shockwave","floor":8},{"not_picked":["Dark Embrace","Cleave","Feel No Pain"],"picked":"SKIP","floor":10},{"not_picked":["True Grit","Pommel Strike","Demon Form"],"picked":"SKIP","floor":11}],"player_experience":388425,"relics_obtained":[{"floor":7,"key":"MawBank"},{"floor":9,"key":"MealTicket"},{"floor":11,"key":"Paper Frog"},{"floor":12,"key":"Whetstone"}],"event_choices":[{"damage_healed":0,"gold_gain":75,"player_choice":"Gather Gold","damage_taken":11,"max_hp_gain":0,"max_hp_loss":0,"event_name":"World of Goop","floor":14,"gold_loss":0}],"is_beta":false,"boss_relics":[],"items_purged_floors":[],"is_endless":false,"potions_floor_spawned":[3,8,10],"killed_by":"Hexaghost","ascension_level":5}}