{"host":"kzg3uglj8yekbxlz","time":1610972690,"event":{"mods":["Act Like it!","Alarm Clock","BaseMod","Better Synergies","Better Vampires","CapriCore","Curses Come First","Displayed Cursed Tome","Downfall","Evolution","FoggyMod","Gensokyo","Hallownest","Highlight Path","HumanHunterMod(怪物杀人mod)","KinomotoSakuraMod(木之本樱)","Koishi","Lobotomy","LobotomyExtend","Marisa（F雨　魔理沙）","Minty Spire (QoL Compilation)","Poem Panic","Poor People Problems","Prisma Mod","Shop Mod","StSLib","The Administrix","The Alterego","The Bug Knight","The Hierophant","The Immortal","TheWitcher","WarShipGirlsR/战舰少女R mod","Yuri Mod","残留之物"],"gold_per_floor":[99,99,99,109,109,137,163,63,63,63,77,77,88,18,31,135,135,35,285,302,35,35,35,83,68,68,168,185,185,185,185,205,305,305,105,105,105,15,15,68,94,111,99,115,115,115,115,115,130,130,130,130,155,48,48,48,48],"floor_reached":58,"language":"ZHS","playtime":4381,"items_purged":["bronze:Repair+1"],"score":1295,"play_id":"a77e82ff-8673-4da2-8eaf-af18c3a11f4d","local_time":"20210118202450","is_ascension_mode":false,"campfire_choices":[{"data":"bronze:Hardcode","floor":1,"key":"SMITH"},{"floor":9,"key":"RECALL"},{"data":"bronze:Format","floor":18,"key":"SMITH"},{"data":"bronze:FindAndReplace","floor":23,"key":"SMITH"},{"data":"Gensokyo:FourOfAKind","floor":35,"key":"SMITH"},{"data":"Gensokyo:FourOfAKind","floor":45,"key":"SMITH"},{"data":"bronze:CloningBeam","floor":55,"key":"SMITH"}],"circlet_count":0,"master_deck":["bronze:Replicate+1","bronze:FindAndReplace+1","bronze:Optimize","bronze:FineTuning","bronze:Terminator+1","bronze:Format+1","bronze:Constructor","bronze:Separator+1","bronze:FunctionCard","bronze:CloningBeam+1","SnafuTest:WeddingDance+1","SnafuTest:FullCover","Gensokyo:FourOfAKind+1","Gensokyo:FourOfAKind","Gensokyo:FourOfAKind+1","Gensokyo:FourOfAKind+1","Gensokyo:CustomPotion","SnafuTest:PowerAlwaysAWay+1","SnafuTest:WorldMap+1"],"relics":["bronze:BronzeCore","EVO:Axolotl","PoemPanic:PoemPanicRelic","LetterFromLob","SlaversCollar","downfall:HeartBlessingRed","Frozen Eye","Akabeko","PlaceholderMod:DeVermisMysteriis","RedMistMask","Gensokyo:DirgeOfMelancholy","Centennial Puzzle","Philosopher\u0027s Stone","downfall:HeartBlessingGreen","downfall:HeartBlessingBlue","Happy Flower","PreservedInsect","MerchantsRug","HandDrill","Bottled Lightning","Anchor","yuri:PortableGlitches"],"acts_visited":["Exordium","Gensokyo:Gensokyo","Gensokyo:Gensokyoer","TheEnding"],"potions_floor_usage":[49],"damage_taken":[{"damage":1,"enemies":"Gensokyo:2_Kodama","floor":4,"turns":3},{"damage":0,"enemies":"Gensokyo:Mamizou","floor":6,"turns":4},{"damage":2,"enemies":"Gensokyo:3_Fairies","floor":11,"turns":3},{"damage":0,"enemies":"Gensokyo:Python","floor":13,"turns":2},{"damage":0,"enemies":"Gensokyo:Kitsune","floor":15,"turns":1},{"damage":0,"enemies":"DF_ARCHETYPE_STREAMLINE","floor":16,"turns":7},{"damage":0,"enemies":"Gensokyo:3_Dogs","floor":20,"turns":4},{"damage":0,"enemies":"downfall:FleeingMerchant","floor":25,"turns":4},{"damage":0,"enemies":"downfall:FleeingMerchant","floor":27,"turns":3},{"damage":0,"enemies":"Gensokyo:CosmicMonolith","floor":28,"turns":1},{"damage":26,"enemies":"Gensokyo:Slime_Group","floor":32,"turns":4},{"damage":0,"enemies":"IC_MUSHROOM_ARCHETYPE","floor":33,"turns":3},{"damage":0,"enemies":"Gensokyo:3_Bats","floor":42,"turns":1},{"damage":5,"enemies":"downfall:FleeingMerchant","floor":43,"turns":3},{"damage":0,"enemies":"Gensokyo:AncientGuardian","floor":44,"turns":3},{"damage":0,"enemies":"Gensokyo:3_Boulders","floor":49,"turns":1},{"damage":9,"enemies":"WA_ARCHETYPE_DIVINITY","floor":50,"turns":5},{"damage":0,"enemies":"downfall:CharBossMerchant","floor":53,"turns":4},{"damage":0,"enemies":"downfall:NeowBoss","floor":56,"turns":9},{"damage":22,"enemies":"downfall:NeowBossFinal","floor":57,"turns":8}],"seed_played":"2090902616527045271","potions_obtained":[{"floor":4,"key":"AttackPotion"},{"floor":6,"key":"GamblersBrew"},{"floor":11,"key":"GamblersBrew"},{"floor":15,"key":"Swift Potion"},{"floor":27,"key":"Regen Potion"},{"floor":42,"key":"Energy Potion"},{"floor":49,"key":"Fruit Juice"}],"is_trial":false,"path_per_floor":["R","?","?","M","?","E","T","?","R","T","M","?","M","?","M","B",null,"R","?","M","COS","?","R","T","$","?","?","M","?","?","?","M","B",null,"R","?","?","?","?","T","T","M","$","M","R","?","?","$","M","B",null,null,"E","$","R","B","B",null],"character_chosen":"THE_AUTOMATON","items_purchased":["MerchantsRug","HandDrill","Bottled Lightning","CultistPotion","yuri:PortableGlitches"],"campfire_rested":0,"item_purchase_floors":[43,43,43,54,54],"current_hp_per_floor":[70,70,63,62,54,54,54,54,54,54,52,60,67,67,67,84,84,84,79,79,79,79,79,79,79,79,79,79,79,79,56,40,40,56,66,66,66,66,66,66,66,66,61,63,63,63,63,63,70,62,62,71,71,71,71,71,49],"gold":48,"neow_bonus":"","is_daily":false,"chose_seed":false,"campfire_upgraded":6,"win_rate":0.0,"timestamp":1610972690,"path_taken":["R","?","?","?","?","E","T","?","R","?","?","?","?","?","M","BOSS","R","?","?","COS","?","R","T","?","?","?","?","?","?","?","M","BOSS","R","?","?","?","?","?","T","?","?","?","R","?","?","?","M","BOSS","E","$","R","BOSS","BOSS"],"items_purchased_type":["Relic","Relic","Relic","Potion","Relic"],"build_version":"2020-12-22","purchased_purges":1,"victory":true,"max_hp_per_floor":[70,70,84,84,84,84,84,84,84,84,84,84,84,84,84,84,84,84,79,79,79,79,79,79,79,79,79,79,79,79,56,56,56,56,66,66,66,66,66,66,66,66,66,66,66,66,66,66,71,71,71,71,71,71,71,71,71],"card_choices":[{"not_picked":["Harmony","SolemnVow","SnafuTest:MercilessReaper"],"picked":"SKIP","floor":4},{"not_picked":["Loneliness","RedEyes","SnafuTest:SignQuen"],"picked":"SKIP","floor":6},{"not_picked":["SnafuTest:SignYrden","SnafuTest:ExcessiveLevies"],"picked":"bronze:Repair","floor":11},{"not_picked":["SnafuTest:MCMockAndRun","Heaven"],"picked":"bronze:Repair","floor":13},{"not_picked":["GrinderMk4","SnafuTest:Siege"],"picked":"bronze:CloningBeam","floor":15},{"not_picked":["bronze:Deprecate","SnafuTest:BombMoonDust","FrostShard"],"picked":"SKIP","floor":20},{"not_picked":["SnafuTest:MCSongOfPeace+1","SnafuTest:PowerHangmenTree+1","CherryBlossom+1"],"picked":"SKIP","floor":25},{"not_picked":["Harmony+1","bronze:FollowUp","SnafuTest:ShoulderSlam"],"picked":"SKIP","floor":25},{"not_picked":["SnafuTest:SwiftAssault","bronze:Branch+1"],"picked":"SnafuTest:WeddingDance+1","floor":28},{"not_picked":["Horn","SnafuTest:ShoulderSlam+1","SomewhereSpear"],"picked":"SKIP","floor":32},{"not_picked":["bronze:Break","SnafuTest:LeadingCharge"],"picked":"SnafuTest:PayExoticTreasure","floor":33},{"not_picked":["bronze:Branch+1","Lamp+1","GrinderMk4+1"],"picked":"SKIP","floor":42},{"not_picked":["SnafuTest:BombNorthernWind+1","SnafuTest:SmashingSlash+1"],"picked":"SnafuTest:PowerAlwaysAWay+1","floor":43},{"not_picked":["SnafuTest:MCPlayGwent+1","SnafuTest:CareTaker+1"],"picked":"SnafuTest:WorldMap+1","floor":44},{"not_picked":["SnafuTest:AncestralRitual+1","SnafuTest:MCFeignDeath","SnafuTest:SpellLivingArmor"],"picked":"SKIP","floor":49},{"not_picked":["SnafuTest:UndefeatedNarcissism+1","Lantern","SnafuTest:PowerTrialOfGrasses+1"],"picked":"SKIP","floor":53}],"player_experience":630822,"relics_obtained":[{"floor":4,"key":"LetterFromLob"},{"floor":6,"key":"Whetstone"},{"floor":10,"key":"The Courier"},{"floor":24,"key":"Akabeko"},{"floor":27,"key":"Dead Branch"},{"floor":27,"key":"Unceasing Top"},{"floor":28,"key":"RedMistMask"},{"floor":40,"key":"Happy Flower"},{"floor":41,"key":"PreservedInsect"},{"floor":53,"key":"Anchor"}],"event_choices":[],"is_beta":false,"boss_relics":[{"not_picked":["Snecko Eye","SacredBark"],"picked":"SlaversCollar"},{"not_picked":["Runic Pyramid","Cursed Key"],"picked":"Philosopher\u0027s Stone"}],"items_purged_floors":[54],"is_endless":false,"potions_floor_spawned":[4,6,11,15,20,27,32,42,49],"ascension_level":0}}