{"host":"baymyijz6sxaqj5s","time":1610999796,"event":{"mods":["AchievementEnabler","BaseMod","Colored Map","Colored Powertips","DeckTracker","Highlight Path","KOR Keyword Fix","Keyboard Shortcuts","Minty Spire (QoL Compilation)","StSLib","SuperFastMode","everything is the same but u backflip on backflip"],"gold_per_floor":[110,123,123,138,112,112,122,122,122,122,138,71,86,161,161,259,259,273,290,389,405,416,416,416,416,466,489,501,533,545,557,569,581,581],"floor_reached":33,"language":"KOR","playtime":815,"items_purged":[],"score":275,"play_id":"cceb5c28-d5d2-4a3d-8e26-145dd5dd7400","local_time":"20210119045636","is_ascension_mode":true,"campfire_choices":[{"data":"Survivor","floor":6,"key":"SMITH"},{"data":"Backflip","floor":8,"key":"SMITH"},{"data":"Deadly Poison","floor":10,"key":"SMITH"},{"floor":15,"key":"REST"},{"data":"Tactician","floor":23,"key":"SMITH"},{"data":"Crippling Poison","floor":25,"key":"SMITH"},{"floor":32,"key":"REST"}],"circlet_count":0,"master_deck":["Defend_G","Defend_G","Defend_G","Defend_G","Defend_G","Survivor+1","Neutralize","Deadly Poison+1","Poisoned Stab","Backflip+1","Tactician+1","Poisoned Stab+1","Dash+1","Wraith Form v2+1","Leg Sweep","Crippling Poison+1","All Out Attack","Necronomicurse"],"relics":["Ring of the Snake","Paper Crane","Astrolabe","Pantograph","MawBank","Juzu Bracelet","Necronomicon"],"acts_visited":["Exordium","TheCity"],"potions_floor_usage":[16,27,33,33],"damage_taken":[{"damage":9,"enemies":"Jaw Worm","floor":1,"turns":4},{"damage":0,"enemies":"Cultist","floor":2,"turns":6},{"damage":0,"enemies":"Small Slimes","floor":4,"turns":3},{"damage":9,"enemies":"Exordium Wildlife","floor":7,"turns":6},{"damage":0,"enemies":"Exordium Thugs","floor":11,"turns":8},{"damage":0,"enemies":"Blue Slaver","floor":13,"turns":4},{"damage":37,"enemies":"Hexaghost","floor":16,"turns":12},{"damage":8,"enemies":"3 Byrds","floor":18,"turns":5},{"damage":1,"enemies":"Shell Parasite","floor":19,"turns":6},{"damage":0,"enemies":"Centurion and Healer","floor":21,"turns":8},{"damage":11,"enemies":"Snake Plant","floor":22,"turns":5},{"damage":18,"enemies":"Sentry and Sphere","floor":27,"turns":8},{"damage":13,"enemies":"Cultist and Chosen","floor":29,"turns":8},{"damage":70,"enemies":"Collector","floor":33,"turns":7}],"seed_played":"-677172212252310703","potions_obtained":[{"floor":4,"key":"FearPotion"},{"floor":11,"key":"EssenceOfSteel"},{"floor":16,"key":"SpeedPotion"},{"floor":22,"key":"Ancient Potion"},{"floor":29,"key":"EssenceOfSteel"}],"is_trial":false,"path_per_floor":["M","M","?","M","$","R","M","R","T","R","M","$","M","?","R","B",null,"M","M","?","M","M","R","T","R","T","M","?","M","?","?","R","B"],"character_chosen":"THE_SILENT","items_purchased":["Backflip","Tactician"],"campfire_rested":2,"item_purchase_floors":[5,12],"current_hp_per_floor":[68,68,68,68,68,68,59,59,59,59,59,59,59,48,71,34,77,69,68,68,68,57,57,57,57,57,39,39,26,10,10,33,0,0],"gold":581,"neow_bonus":"TEN_PERCENT_HP_BONUS","is_daily":false,"chose_seed":false,"campfire_upgraded":5,"win_rate":0.0,"timestamp":1610999796,"path_taken":["M","M","?","M","?","R","?","R","T","R","M","$","M","?","R","BOSS","M","M","?","M","M","R","?","R","T","M","?","M","?","?","R","BOSS"],"items_purchased_type":["Card","Card"],"build_version":"2020-12-22","purchased_purges":0,"victory":false,"max_hp_per_floor":[77,77,77,77,77,77,77,77,77,77,77,77,77,77,77,77,77,77,77,77,77,77,77,77,77,77,77,77,77,77,77,77,77,77],"card_choices":[{"not_picked":["Sucker Punch","Underhanded Strike","Flying Knee"],"picked":"SKIP","floor":1},{"not_picked":["Quick Slash","PiercingWail"],"picked":"Deadly Poison","floor":2},{"not_picked":["Setup","Terror"],"picked":"Poisoned Stab","floor":4},{"not_picked":["Underhanded Strike","Backstab","Slice"],"picked":"SKIP","floor":7},{"not_picked":["Dagger Spray","Outmaneuver","Bouncing Flask"],"picked":"SKIP","floor":11},{"not_picked":["Cloak And Dagger","Tactician","Underhanded Strike"],"picked":"SKIP","floor":13},{"not_picked":["Outmaneuver+1","Eviscerate"],"picked":"Leg Sweep","floor":18},{"not_picked":["Dash","Flechettes","Acrobatics"],"picked":"SKIP","floor":19},{"not_picked":["Acrobatics+1","Skewer"],"picked":"Crippling Poison","floor":21},{"not_picked":["Slice","Backflip"],"picked":"All Out Attack","floor":22},{"not_picked":["Dodge and Roll","Dash","Dagger Throw"],"picked":"SKIP","floor":27},{"not_picked":["Masterful Stab","Leg Sweep","Dagger Throw+1"],"picked":"SKIP","floor":29}],"player_experience":62972,"relics_obtained":[{"floor":9,"key":"Paper Crane"},{"floor":24,"key":"Pantograph"},{"floor":26,"key":"MawBank"},{"floor":30,"key":"Necronomicon"}],"event_choices":[{"cards_removed":["Strike_G"],"damage_healed":0,"gold_gain":0,"player_choice":"Purged","damage_taken":0,"max_hp_gain":0,"max_hp_loss":0,"event_name":"Purifier","floor":3,"gold_loss":0},{"damage_healed":0,"gold_gain":75,"player_choice":"Gather Gold","damage_taken":11,"max_hp_gain":0,"max_hp_loss":0,"event_name":"World of Goop","floor":14,"gold_loss":0},{"damage_healed":0,"gold_gain":99,"player_choice":"Stole From Cult","damage_taken":0,"max_hp_gain":0,"max_hp_loss":0,"event_name":"Nest","floor":20,"gold_loss":0},{"damage_healed":0,"gold_gain":0,"player_choice":"Gave Potion","damage_taken":0,"relics_obtained":["Juzu Bracelet"],"max_hp_gain":0,"max_hp_loss":0,"event_name":"WeMeetAgain","floor":28,"gold_loss":0},{"damage_healed":0,"gold_gain":0,"player_choice":"Obtained Book","damage_taken":16,"max_hp_gain":0,"max_hp_loss":0,"event_name":"Cursed Tome","floor":30,"gold_loss":0},{"cards_removed":["Strike_G"],"damage_healed":0,"gold_gain":0,"player_choice":"Offered Basic","damage_taken":0,"max_hp_gain":0,"max_hp_loss":0,"event_name":"Bonfire Elementals","floor":31,"gold_loss":0}],"is_beta":false,"boss_relics":[{"not_picked":["SacredBark","Snecko Eye"],"picked":"Astrolabe"}],"items_purged_floors":[],"is_endless":false,"potions_floor_spawned":[4,11,16,22,29],"killed_by":"Collector","ascension_level":3}}