{"host":"xp5rvh2jwe2ejyfm","time":1610991482,"event":{"mods":["BaseMod","Hermit","Minty Spire (QoL Compilation)","Replay The Spire","StSLib","The Construct","The Cursed","The Disciple","The Hierophant","The Necromancer","The Runesmith"],"gold_per_floor":[112,112,108,125,55,74,96,110,110,126,55,76,76,98,98,153,153,201,201,44,73,115,115,115,115,115,115,166,166,201,237,237,233,233],"floor_reached":33,"language":"ENG","playtime":1330,"items_purged":[],"score":297,"play_id":"2aa50414-0ed5-42af-a104-e868c854b673","local_time":"20210118123802","is_ascension_mode":false,"campfire_choices":[{"floor":15,"key":"REST"},{"floor":23,"key":"REST"},{"floor":25,"key":"RECALL"},{"floor":29,"key":"REST"}],"circlet_count":0,"master_deck":["hierophant:Strike_Hierophant","hierophant:Strike_Hierophant","hierophant:Strike_Hierophant","hierophant:Strike_Hierophant","hierophant:Punish","hierophant:Defend_Hierophant","hierophant:Defend_Hierophant","hierophant:Defend_Hierophant","hierophant:Defend_Hierophant","hierophant:ChurchCoffers","hierophant:LocustPlague+1","hierophant:FieryStrike","hierophant:Smite","hierophant:OrnateJavelin","hierophant:Community","hierophant:Kindle","hierophant:Zeal","hierophant:RepressedViolence","hierophant:RepressedViolence","hierophant:Flagellation","hierophant:ArchangelShield","hierophant:RustyCrate","hierophant:Doubloon","hierophant:Doubloon","hierophant:Kindle","hierophant:Community","Pain","hierophant:ThreeLashes+1","hierophant:HolyVerse","hierophant:Patience","hierophant:Kindle","hierophant:MorningPrayer"],"relics":["hierophant:PropheticMaskRelic","Matryoshka","Pantograph","Divine Protection","Replay:WaspNest","construct:ClawGrip","WarpedTongs","Oddly Smooth Stone","Bottled Flame","Juzu Bracelet","Nilry\u0027s Codex","Replay:Ringing Soul","Shuriken"],"acts_visited":["Exordium","TheCity"],"potions_floor_usage":[7,7,14,30,30,30,33],"damage_taken":[{"damage":0,"enemies":"Small Slimes","floor":1,"turns":2},{"damage":0,"enemies":"Cultist","floor":3,"turns":2},{"damage":0,"enemies":"2 Louse","floor":4,"turns":2},{"damage":6,"enemies":"Gremlin Nob","floor":6,"turns":3},{"damage":7,"enemies":"Exordium Thugs","floor":7,"turns":2},{"damage":45,"enemies":"Lagavulin","floor":8,"turns":6},{"damage":0,"enemies":"2 Fungi Beasts","floor":10,"turns":3},{"damage":0,"enemies":"3 Louse","floor":12,"turns":1},{"damage":0,"enemies":"Lots of Slimes","floor":14,"turns":2},{"damage":58,"enemies":"Fading Forest","floor":16,"turns":11},{"damage":0,"enemies":"Spheric Guardian","floor":18,"turns":1},{"damage":10,"enemies":"3 Byrds","floor":21,"turns":4},{"damage":18,"enemies":"Snecko","floor":22,"turns":5},{"damage":5,"enemies":"Gremlin Leader","floor":28,"turns":6},{"damage":59,"enemies":"Slavers","floor":30,"turns":5},{"damage":15,"enemies":"Cultist and Chosen","floor":31,"turns":5},{"damage":81,"enemies":"Collector","floor":33,"turns":5}],"seed_played":"3893393545678550023","potions_obtained":[{"floor":4,"key":"SkillPotion"},{"floor":6,"key":"Explosive Potion"},{"floor":12,"key":"SkillPotion"},{"floor":16,"key":"Weak Potion"},{"floor":18,"key":"LiquidMemories"},{"floor":22,"key":"Dexterity Potion"},{"floor":31,"key":"Swift Potion"}],"is_trial":false,"path_per_floor":["M","?","M","M","$","E","M","E","T","M","$","M","?","M","R","B",null,"M","?","$","M","M","R","$","R","T","?","E","R","E","M","R","B"],"character_chosen":"HIEROPHANT","items_purchased":["hierophant:Community","hierophant:Flagellation","Oddly Smooth Stone"],"campfire_rested":3,"item_purchase_floors":[5,11,20],"current_hp_per_floor":[75,75,75,75,75,69,62,17,17,17,17,17,17,17,39,6,75,75,75,75,65,47,69,69,69,69,53,51,74,18,6,31,0,0],"gold":233,"neow_bonus":"ONE_RANDOM_RARE_CARD","is_daily":false,"chose_seed":false,"campfire_upgraded":0,"win_rate":0.0,"timestamp":1610991482,"path_taken":["M","?","M","M","$","E","M","E","T","M","$","M","?","?","R","BOSS","M","?","$","M","M","R","?","R","T","?","E","R","E","M","R","BOSS"],"items_purchased_type":["Card","Card","Relic"],"build_version":"2020-12-22","purchased_purges":0,"victory":false,"max_hp_per_floor":[75,75,75,75,75,75,75,75,75,75,75,75,75,75,75,75,75,75,75,75,75,75,75,75,75,75,75,78,78,81,84,84,84,84],"card_choices":[{"not_picked":["hierophant:Doubloon","hierophant:Repentance"],"picked":"hierophant:FieryStrike","floor":1},{"not_picked":["hierophant:Doubloon","hierophant:FieryStrike"],"picked":"hierophant:Smite","floor":3},{"not_picked":["hierophant:Purify","hierophant:AuricShield"],"picked":"hierophant:OrnateJavelin","floor":4},{"not_picked":["hierophant:FieryStrike","hierophant:Doubloon"],"picked":"hierophant:Kindle","floor":6},{"not_picked":["hierophant:OrnateBuckler","hierophant:RustyCrate"],"picked":"hierophant:Zeal","floor":7},{"not_picked":["hierophant:OrnateJavelin","hierophant:Dazzle"],"picked":"hierophant:RepressedViolence","floor":8},{"not_picked":["hierophant:FieryStrike","hierophant:Patience"],"picked":"hierophant:RepressedViolence","floor":10},{"not_picked":["hierophant:AuricShield","hierophant:Encroach"],"picked":"hierophant:ArchangelShield","floor":12},{"not_picked":["hierophant:AuricBeam","hierophant:SealAway"],"picked":"hierophant:RustyCrate","floor":14},{"not_picked":["hierophant:Anathema","hierophant:LocustPlague"],"picked":"hierophant:Kindle","floor":16},{"not_picked":["hierophant:CoinFling","hierophant:OrnateBuckler"],"picked":"hierophant:Community","floor":18},{"not_picked":["hierophant:PassingBell","hierophant:Martyrdom"],"picked":"hierophant:ThreeLashes","floor":21},{"not_picked":["hierophant:RustyCrate","hierophant:Exaltation"],"picked":"hierophant:HolyVerse","floor":22},{"not_picked":["hierophant:FieryStrike","hierophant:Remorse"],"picked":"hierophant:Patience","floor":28},{"not_picked":["hierophant:Cornucopia","hierophant:Encroach"],"picked":"hierophant:Kindle","floor":30},{"not_picked":["hierophant:DeathKnell","hierophant:Doubloon"],"picked":"hierophant:MorningPrayer","floor":31}],"player_experience":226142,"relics_obtained":[{"floor":6,"key":"Matryoshka"},{"floor":8,"key":"Pantograph"},{"floor":9,"key":"Divine Protection"},{"floor":9,"key":"Replay:WaspNest"},{"floor":26,"key":"Bottled Flame"},{"floor":26,"key":"Juzu Bracelet"},{"floor":27,"key":"Nilry\u0027s Codex"},{"floor":28,"key":"Replay:Ringing Soul"},{"floor":30,"key":"Shuriken"}],"event_choices":[{"damage_healed":0,"gold_gain":0,"player_choice":"Ignored","damage_taken":0,"max_hp_gain":0,"max_hp_loss":0,"event_name":"Golden Wing","floor":2,"gold_loss":0},{"damage_healed":0,"gold_gain":0,"player_choice":"Upgraded","damage_taken":0,"max_hp_gain":0,"max_hp_loss":0,"event_name":"Upgrade Shrine","floor":13,"gold_loss":0,"cards_upgraded":["hierophant:LocustPlague"]},{"damage_healed":0,"gold_gain":0,"player_choice":"Rummage","damage_taken":0,"relics_obtained":["WarpedTongs"],"max_hp_gain":0,"max_hp_loss":0,"event_name":"Accursed Blacksmith","floor":19,"gold_loss":0,"cards_obtained":["Pain"]},{"damage_healed":0,"gold_gain":0,"player_choice":"Obtained Book","damage_taken":16,"max_hp_gain":0,"max_hp_loss":0,"event_name":"Cursed Tome","floor":27,"gold_loss":0}],"is_beta":false,"boss_relics":[{"not_picked":["Replay:Drink Me","Black Star"],"picked":"construct:ClawGrip"}],"items_purged_floors":[],"is_endless":false,"potions_floor_spawned":[4,6,12,16,18,22,31],"killed_by":"Collector","ascension_level":0}}