{"host":"6749gst1gzuv21qf","time":1610933666,"event":{"mods":["Aspiration","BaseMod","Better Altar","Better Match","Better Note","Better Sensory Stone","Better Skull","Better Third Choice","BetterRewards","Colored Map","Colored Powertips","Downfall","Highlight Path","Minty Spire (QoL Compilation)","Permanent Neow","Shop Mod","Spicy Shops","StSLib","The Cursed"],"gold_per_floor":[199,218,234,234,234,249,249,249,267,267,267],"floor_reached":10,"language":"ENG","playtime":744,"items_purged":[],"score":58,"play_id":"e68fcb6a-fd87-47d8-8cdf-ae5b91599320","local_time":"20210117203426","is_ascension_mode":false,"campfire_choices":[{"floor":1,"key":"RECALL"}],"circlet_count":0,"master_deck":["bronze:Strike","bronze:Strike","bronze:Strike","bronze:Defend","bronze:Defend","bronze:Defend","bronze:Defend","bronze:Replicate","bronze:Goto","bronze:Return","bronze:Repulsor","bronze:Spike","bronze:Invalidate","Mayhem","bronze:Frontload","bronze:Terminator","bronze:Fortify"],"relics":["bronze:BronzeCore"],"acts_visited":["Exordium"],"potions_floor_usage":[],"damage_taken":[{"damage":1,"enemies":"Cultist","floor":2,"turns":4},{"damage":7,"enemies":"2 Louse","floor":3,"turns":3},{"damage":17,"enemies":"2 Louse","floor":4,"turns":4},{"damage":17,"enemies":"Small Slimes","floor":6,"turns":4},{"damage":13,"enemies":"3 Louse","floor":9,"turns":3},{"damage":29,"enemies":"Gremlin Nob","floor":10,"turns":3}],"seed_played":"-4893711792816730242","potions_obtained":[{"floor":3,"key":"ColorlessPotion"},{"floor":6,"key":"LiquidBronze"}],"is_trial":false,"path_per_floor":["R","M","M","?","?","M","T","?","M","E"],"character_chosen":"THE_AUTOMATON","items_purchased":[],"campfire_rested":0,"item_purchase_floors":[],"current_hp_per_floor":[70,69,62,45,45,28,28,28,15,0,0],"gold":267,"neow_bonus":"HUNDRED_GOLD","is_daily":false,"chose_seed":false,"campfire_upgraded":0,"win_rate":0.0,"timestamp":1610933666,"path_taken":["R","M","M","?","?","M","T","?","M","E"],"items_purchased_type":[],"build_version":"2020-12-22","purchased_purges":0,"victory":false,"max_hp_per_floor":[70,70,70,70,70,70,70,70,70,70,70],"card_choices":[{"not_picked":["bronze:Frontload","bronze:FineTuning"],"picked":"bronze:Return","floor":2},{"not_picked":["bronze:Deprecate","bronze:BugBarrage"],"picked":"bronze:Repulsor","floor":3},{"not_picked":[],"picked":"bronze:Spike","floor":4},{"not_picked":["bronze:WhirlingStrike","bronze:WildBeam"],"picked":"bronze:Invalidate","floor":4},{"not_picked":["PanicButton","Purity"],"picked":"Mayhem","floor":5},{"not_picked":["bronze:Repulsor","bronze:Overheat"],"picked":"bronze:Frontload","floor":6},{"not_picked":["bronze:BitShift","bronze:Philosophize"],"picked":"bronze:Fortify","floor":9}],"player_experience":705387,"relics_obtained":[],"event_choices":[{"damage_healed":0,"gold_gain":1,"player_choice":"1","damage_taken":0,"max_hp_gain":0,"max_hp_loss":0,"event_name":"betterStone:BetterStone","floor":5,"gold_loss":0}],"is_beta":false,"boss_relics":[],"items_purged_floors":[],"is_endless":false,"potions_floor_spawned":[3,6],"killed_by":"Gremlin Nob","ascension_level":0}}