{"host":"4qt77pm52ljaz00q","time":1610995796,"event":{"mods":["2.2 Compatiblity","BaseMod","Colored Map","Downfall","Minty Spire (QoL Compilation)","Relic Sorter","StSLib","Unknown Chances"],"gold_per_floor":[99,99,111,130,143,43,113,125,139,139,168,186,212,212,232,333,333,233,246,231,331,349,349,349,249,261,261,261,261],"floor_reached":28,"language":"ENG","playtime":1111,"items_purged":[],"score":255,"play_id":"c2ad9b65-7839-455e-b5fc-ee110d0385d3","local_time":"20210118134956","is_ascension_mode":false,"campfire_choices":[{"floor":1,"key":"RECALL"},{"data":"bronze:Iterate","floor":6,"key":"SMITH"},{"data":"bronze:Philosophize","floor":10,"key":"SMITH"},{"data":"bronze:Repulsor","floor":18,"key":"SMITH"},{"floor":25,"key":"REST"}],"circlet_count":0,"master_deck":["bronze:Strike","bronze:Strike","bronze:Strike","bronze:Defend","bronze:Defend","bronze:Defend","bronze:Defend","bronze:Replicate","bronze:Philosophize+1","bronze:Iterate+1","bronze:FineTuning+1","bronze:Boost+1","bronze:Repulsor+1","bronze:Iterate","bronze:Assembly+1","bronze:Flail+1","bronze:FineTuning+1","bronze:CloningBeam+1"],"relics":["bronze:BronzeCore","downfall:HeartBlessingRed","Toxic Egg 2","Darkstone Periapt","Potion Belt","Empty Cage","downfall:HeartBlessingGreen","Peace Pipe","Matryoshka","CultistMask","Sundial","downfall:HeartBlessingBlue","Frozen Egg 2","Bottled Lightning"],"acts_visited":["Exordium","TheCity"],"potions_floor_usage":[11,16],"damage_taken":[{"damage":0,"enemies":"Small Slimes","floor":3,"turns":3},{"damage":1,"enemies":"Cultist","floor":4,"turns":4},{"damage":8,"enemies":"Jaw Worm","floor":5,"turns":3},{"damage":11,"enemies":"Large Slime","floor":8,"turns":4},{"damage":8,"enemies":"Red Slaver","floor":9,"turns":3},{"damage":28,"enemies":"Lagavulin","floor":11,"turns":5},{"damage":16,"enemies":"Exordium Thugs","floor":12,"turns":4},{"damage":18,"enemies":"3 Sentries","floor":13,"turns":5},{"damage":3,"enemies":"3 Louse","floor":15,"turns":2},{"damage":47,"enemies":"IC_STATUS_ARCHETYPE","floor":16,"turns":7},{"damage":10,"enemies":"3 Byrds","floor":19,"turns":4},{"damage":6,"enemies":"downfall:FleeingMerchant","floor":20,"turns":4},{"damage":46,"enemies":"Colosseum Nobs","floor":21,"turns":5},{"damage":24,"enemies":"Spheric Guardian","floor":22,"turns":4},{"damage":3,"enemies":"Snecko","floor":26,"turns":3},{"damage":49,"enemies":"Slavers","floor":28,"turns":3}],"seed_played":"-6687438158342066063","potions_obtained":[{"floor":5,"key":"Slimebound:ThreeZeroPotion"},{"floor":8,"key":"Swift Potion"},{"floor":11,"key":"FairyPotion"},{"floor":22,"key":"FearPotion"},{"floor":26,"key":"hexamod:SoulburnPotion"}],"is_trial":false,"path_per_floor":["R","?","M","M","M","R","T","M","M","R","E","M","E","?","M","B",null,"R","M","$","?","M","?","T","R","M","T","E"],"character_chosen":"THE_AUTOMATON","items_purchased":[],"campfire_rested":1,"item_purchase_floors":[],"current_hp_per_floor":[77,77,77,76,68,68,68,57,49,49,21,5,14,87,84,37,87,87,77,71,25,1,1,1,40,37,37,0,0],"gold":261,"neow_bonus":"TEN_PERCENT_HP_BONUS","is_daily":false,"chose_seed":false,"campfire_upgraded":3,"win_rate":0.0,"timestamp":1610995796,"path_taken":["R","?","M","M","M","R","T","M","?","R","E","M","E","?","M","BOSS","R","M","$","?","M","?","T","R","?","?","E"],"items_purchased_type":[],"build_version":"2020-12-22","purchased_purges":0,"victory":false,"max_hp_per_floor":[77,77,77,77,77,77,77,77,77,77,77,77,77,87,87,87,87,87,87,87,87,87,87,87,97,97,97,97,97],"card_choices":[{"not_picked":["bronze:FineTuning","bronze:Branch"],"picked":"bronze:Philosophize","floor":3},{"not_picked":["bronze:ForceShield","bronze:Invalidate"],"picked":"bronze:Iterate","floor":4},{"not_picked":["bronze:WhirlingStrike","bronze:Deprecate","bronze:BugBarrage"],"picked":"SKIP","floor":5},{"not_picked":["bronze:OilSpill","bronze:Invalidate+1"],"picked":"bronze:FineTuning+1","floor":8},{"not_picked":["bronze:BitShift+1","bronze:Shell+1","bronze:OilSpill"],"picked":"SKIP","floor":9},{"not_picked":["bronze:Philosophize+1","bronze:Turbo+1"],"picked":"bronze:Boost+1","floor":11},{"not_picked":["bronze:BuggyMess+1","bronze:Safeguard+1"],"picked":"bronze:Repulsor","floor":12},{"not_picked":["bronze:ChildClass+1","bronze:Optimize"],"picked":"bronze:Verify","floor":13},{"not_picked":["bronze:BugBarrage","bronze:DelayedSlice"],"picked":"bronze:Iterate","floor":15},{"not_picked":["bronze:ShipIt","bronze:SpaghettiCode+1"],"picked":"bronze:Assembly+1","floor":16},{"not_picked":["bronze:Shell+1","bronze:FineTuning+1"],"picked":"bronze:Flail+1","floor":19},{"not_picked":["bronze:NullPointer+1","bronze:Shell+1","bronze:Deprecate+1"],"picked":"SKIP","floor":20},{"not_picked":["bronze:Overload+1","bronze:Flail"],"picked":"bronze:FineTuning+1","floor":22},{"not_picked":["bronze:Optimize+1","bronze:Deprecate+1"],"picked":"bronze:CloningBeam+1","floor":26}],"player_experience":193021,"relics_obtained":[{"floor":7,"key":"Toxic Egg 2"},{"floor":11,"key":"Darkstone Periapt"},{"floor":13,"key":"Potion Belt"},{"floor":21,"key":"Peace Pipe"},{"floor":21,"key":"Matryoshka"},{"floor":24,"key":"Sundial"},{"floor":27,"key":"Frozen Egg 2"},{"floor":27,"key":"Bottled Lightning"}],"event_choices":[{"damage_healed":0,"gold_gain":0,"player_choice":"Ignored","damage_taken":0,"max_hp_gain":0,"max_hp_loss":0,"event_name":"NoteForYourself","floor":2,"gold_loss":0},{"damage_healed":0,"gold_gain":0,"player_choice":"Trade","damage_taken":0,"relics_obtained":["CultistMask"],"max_hp_gain":0,"max_hp_loss":0,"event_name":"FaceTrader","floor":23,"gold_loss":0}],"is_beta":false,"boss_relics":[{"not_picked":["SacredBark","Snecko Eye"],"picked":"Empty Cage"}],"items_purged_floors":[],"is_endless":false,"potions_floor_spawned":[5,8,11,22,26],"killed_by":"Slavers","ascension_level":0}}