{"host":"p7cjtxxrilhp4dw7","time":1610955122,"event":{"mods":["BaseMod","Block Reminder","Colored Map","Highlight Path","Minty Spire (QoL Compilation)","Replay The Spire","StSLib","The Hierophant","The Judge","TheBandit"],"gold_per_floor":[361,114,114,133,117,109,109,118,118,135,135,145,169,199,199,242,242,266,266,266,298,377,377,439,439,439,439,94,122,119,145,145,240,240,269,260,193,193,211,211,253,253,279,277,287,342,342,350,350,380,380],"floor_reached":50,"language":"ENG","playtime":5544,"items_purged":["Voices","Regret"],"score":1159,"play_id":"6a902cf7-ec6e-4611-b461-5012ccfe7dae","local_time":"20210118003202","is_ascension_mode":true,"campfire_choices":[{"data":"Apotheosis","floor":7.0,"key":"SMITH"},{"floor":15.0,"key":"REST"},{"floor":23.0,"key":"RECALL"},{"data":"Rainbow","floor":25.0,"key":"SMITH"},{"data":"BasicCrystalCard","floor":27.0,"key":"SMITH"},{"data":"ReplayTheSpireMod:Omega Cannon","floor":32.0,"key":"SMITH"},{"data":"Beam Cell","floor":40,"key":"SMITH"},{"floor":42,"key":"REST"},{"floor":49,"key":"REST"}],"circlet_count":0,"master_deck":["Strike_B","Strike_B","Strike_B","Strike_B","Defend_B","Defend_B","Defend_B","Defend_B","Zap+1","Dualcast","hierophant:ChurchCoffers","hierophant:ChurchCoffers","Cold Snap","Apotheosis+1","Auto Shields","Beam Cell+1","Go for the Eyes+1","ReplayTheSpireMod:Repulse","Sweeping Beam","BasicCrystalCard+1","ReplayTheSpireMod:Omega Cannon+1","Ball Lightning","WordoMod:FoggyMind","Ball Lightning","Rainbow+1","Skim","Electrodynamics+1","Rebound+1","Chaos+1","Static Discharge+1","ReplayTheSpireMod:Omega Cannon+1","ReplayTheSpireMod:Doomed","Tempest+1","Redo+1"],"relics":["FrozenCore","ReplayTheSpireMod:CursedCoin","Replay:Antivirus Software","Replay:Bottled Flurry","StoneCalendar","Ginger","Replay:Bandana","Blue Doll","Replay:Grab Bag","Cursed Key","Painkiller Herb","Eternal Feather","ReplayTheSpireMod:Lightbulb","Golden Egg","Divine Protection","Art of War","Blood Vial","Oddly Smooth Stone","ReplayTheSpireMod:Ring of Addiction","SacredBark","Potion Belt"],"acts_visited":["Exordium","TheCity","TheBeyond"],"potions_floor_usage":[33,33,41,41,44,48,50,50],"damage_taken":[{"damage":0.0,"enemies":"2 Louse","floor":1.0,"turns":3.0},{"damage":0.0,"enemies":"Cultist","floor":4.0,"turns":3.0},{"damage":0.0,"enemies":"Jaw Worm","floor":5.0,"turns":2.0},{"damage":4.0,"enemies":"Gremlin Nob","floor":6.0,"turns":3.0},{"damage":21.0,"enemies":"3 Sentries","floor":8.0,"turns":8.0},{"damage":8.0,"enemies":"Lagavulin","floor":10.0,"turns":5.0},{"damage":0.0,"enemies":"Lots of Slimes","floor":12.0,"turns":1.0},{"damage":0.0,"enemies":"Looter","floor":14.0,"turns":2.0},{"damage":18.0,"enemies":"Fading Forest","floor":16.0,"turns":11.0},{"damage":3.0,"enemies":"Shell Parasite","floor":18.0,"turns":4.0},{"damage":0.0,"enemies":"Chosen","floor":21.0,"turns":3.0},{"damage":17.0,"enemies":"Slavers","floor":24.0,"turns":3.0},{"damage":8.0,"enemies":"Gremlin Leader","floor":29.0,"turns":5.0},{"damage":0.0,"enemies":"Snecko","floor":30.0,"turns":5.0},{"damage":0.0,"enemies":"Chosen and Byrds","floor":31.0,"turns":4.0},{"damage":0,"enemies":"Pondfish","floor":33,"turns":8},{"damage":0,"enemies":"Orb Walker","floor":35,"turns":3},{"damage":0,"enemies":"3 Darklings","floor":36,"turns":4},{"damage":18,"enemies":"Transient","floor":39,"turns":5},{"damage":35,"enemies":"Giant Head","floor":41,"turns":7},{"damage":0,"enemies":"Nemesis","floor":44,"turns":2},{"damage":46,"enemies":"Writhing Mass","floor":45,"turns":5},{"damage":0,"enemies":"4 Shapes","floor":46,"turns":2},{"damage":29,"enemies":"Spire Growth","floor":48,"turns":4},{"damage":64,"enemies":"Replay:Hell Engine","floor":50,"turns":6}],"seed_played":"-2352686473657847705","potions_obtained":[{"floor":1.0,"key":"ColorlessPotion"},{"floor":5.0,"key":"Weak Potion"},{"floor":12.0,"key":"SkillPotion"},{"floor":16.0,"key":"FocusPotion"},{"floor":29.0,"key":"FearPotion"},{"floor":30.0,"key":"Weak Potion"},{"floor":31.0,"key":"ColorlessPotion"},{"floor":33,"key":"SmokeBomb"},{"floor":36,"key":"FearPotion"},{"floor":45,"key":"FearPotion"},{"floor":47,"key":"Milkshake"},{"floor":47,"key":"DuplicationPotion"},{"floor":47,"key":"Explosive Potion"}],"is_trial":false,"path_per_floor":["M","$","?","M","M","E","R","E","T","E","?","M","T","M","R","B",null,"?","?","?","?","?","T","E","T","T","T","T","E","?","?","T","B",null,"?","?","T","?","?","T","E","T","T","E","?","?","?","?","T","B"],"character_chosen":"DEFECT","items_purchased":["Apotheosis","ReplayTheSpireMod:CursedCoin","Replay:Antivirus Software","Divine Protection","Chaos"],"campfire_rested":3,"item_purchase_floors":[2,2,2,28,37],"current_hp_per_floor":[68,68,73,73,73,69,69,48,48,40,40,40,40,40,64,54,74,71,71,71,71,71,80,63,78,78,80,80,72,72,72,80,80,80,80,80,80,80,62,80,45,80,80,80,34,36,36,9,51,0,0],"gold":380,"neow_bonus":"TWO_FIFTY_GOLD","is_daily":false,"chose_seed":false,"campfire_upgraded":5,"win_rate":0.0,"timestamp":1610955122,"path_taken":["M","$","?","M","M","E","R","E","T","E","?","?","?","?","R","BOSS","?","?","?","?","?","T","E","T","T","T","T","E","?","?","T","BOSS","?","?","T","?","?","T","E","T","T","E","?","?","?","?","T","BOSS"],"items_purchased_type":["Card","Relic","Relic","Relic","Card"],"build_version":"2020-12-22","purchased_purges":2,"victory":false,"max_hp_per_floor":[75,75,80,80,80,80,80,80,80,80,80,80,80,80,80,80,80,80,80,80,80,80,80,80,80,80,80,80,80,80,80,80,80,80,80,80,80,80,80,80,80,80,80,80,80,80,80,80,80,80,80],"card_choices":[{"not_picked":["Aggregate","ReplayTheSpireMod:Calculation Training"],"picked":"Cold Snap","floor":1.0},{"not_picked":["Chill","Consume"],"picked":"Auto Shields","floor":4.0},{"not_picked":["Rebound","ReplaySolidLightProjector"],"picked":"Beam Cell","floor":5.0},{"not_picked":["Leap","Compile Driver"],"picked":"Go for the Eyes","floor":6.0},{"not_picked":["Redo","Cold Snap"],"picked":"ReplayTheSpireMod:Repulse","floor":8.0},{"not_picked":["Beam Cell","Genetic Algorithm"],"picked":"Sweeping Beam","floor":10.0},{"not_picked":["Steam","Stack","Go for the Eyes"],"picked":"SKIP","floor":12.0},{"not_picked":["Blizzard","Panic Button"],"picked":"BasicCrystalCard","floor":14.0},{"not_picked":["Seek","Biased Cognition"],"picked":"ReplayTheSpireMod:Omega Cannon","floor":16.0},{"not_picked":["Sunder","Cold Snap"],"picked":"Ball Lightning","floor":18.0},{"not_picked":["Streamline+1","Go for the Eyes","Glacier"],"picked":"SKIP","floor":21.0},{"not_picked":["Gash","Chill"],"picked":"Ball Lightning","floor":22.0},{"not_picked":["ReplayTheSpireMod:System Scan","Steam"],"picked":"Rainbow","floor":24.0},{"not_picked":["Steam","Cold Snap","Beam Cell"],"picked":"SKIP","floor":29.0},{"not_picked":["Fusion","Streamline+1","Cold Snap+1"],"picked":"SKIP","floor":30.0},{"not_picked":["Leap+1","ReplayTheSpireMod:Repulse+1"],"picked":"Skim","floor":31.0},{"not_picked":["Machine Learning","Hyperbeam"],"picked":"Electrodynamics","floor":33},{"not_picked":["Stack","Redo","ReplayGash"],"picked":"SKIP","floor":35},{"not_picked":["Ball Lightning+1","Beam Cell"],"picked":"Rebound+1","floor":36},{"not_picked":["Streamline+1","Go for the Eyes+1"],"picked":"Static Discharge+1","floor":39},{"not_picked":["FIFO Queue","Streamline+1"],"picked":"ReplayTheSpireMod:Omega Cannon","floor":41},{"not_picked":["Stack+1","Steam+1"],"picked":"Tempest+1","floor":45},{"not_picked":["Sweeping Beam+1","Stack+1","Steam Power+1"],"picked":"SKIP","floor":46},{"not_picked":["Beam Cell+1","ReplayTheSpireMod:GoodbyeWorld+1"],"picked":"Redo+1","floor":48}],"player_experience":550128,"relics_obtained":[{"floor":6.0,"key":"Replay:Bottled Flurry"},{"floor":8.0,"key":"StoneCalendar"},{"floor":9.0,"key":"Ginger"},{"floor":10.0,"key":"Replay:Bandana"},{"floor":13.0,"key":"Blue Doll"},{"floor":24.0,"key":"ReplayTheSpireMod:Lightbulb"},{"floor":26.0,"key":"Golden Egg"},{"floor":29.0,"key":"Art of War"},{"floor":41,"key":"Blood Vial"},{"floor":43,"key":"Oddly Smooth Stone"},{"floor":47,"key":"ReplayTheSpireMod:Ring of Addiction"},{"floor":47,"key":"SacredBark"},{"floor":47,"key":"Potion Belt"}],"event_choices":[{"damage_healed":0.0,"max_hp_gain":5.0,"max_hp_loss":0.0,"gold_gain":0.0,"event_name":"Big Fish","player_choice":"Donut","floor":3.0,"gold_loss":0.0,"damage_taken":0.0},{"damage_healed":0.0,"max_hp_gain":0.0,"max_hp_loss":0.0,"gold_gain":0.0,"event_name":"Upgrade Shrine","player_choice":"Upgraded","floor":11.0,"gold_loss":0.0,"damage_taken":0.0,"cards_upgraded":["Go for the Eyes"]},{"damage_healed":0.0,"max_hp_gain":0.0,"max_hp_loss":0.0,"gold_gain":0.0,"event_name":"WeMeetAgain","player_choice":"Gave Potion","floor":20.0,"gold_loss":0.0,"damage_taken":0.0,"relics_obtained":["Eternal Feather"]},{"damage_healed":0,"gold_gain":0,"player_choice":"Upgraded","damage_taken":0,"max_hp_gain":0,"max_hp_loss":0,"event_name":"Upgrade Shrine","floor":38,"gold_loss":0,"cards_upgraded":["Zap"]}],"is_beta":false,"boss_relics":[{"not_picked":["Astrolabe","SacredBark"],"picked":"Replay:Grab Bag"},{"not_picked":["Replay:Wanted Poster","Runic Dome"],"picked":"Cursed Key"},{"not_picked":["Fusion Hammer","Velvet Choker"],"picked":"Painkiller Herb"},{"not_picked":["Empty Cage","Black Star"],"picked":"FrozenCore"},{"not_picked":["Coffee Dripper","ChewingGum","ReplayTheSpireMod:DimensionalGlitch"]}],"items_purged_floors":[2,28],"is_endless":false,"potions_floor_spawned":[1,5,12,16,29,30,31,33,36,44,45],"killed_by":"Replay:Hell Engine","ascension_level":8}}