{"host":"er8s5flrc5z1a07t","time":1610982638,"event":{"mods":["2.2 Compatiblity","Act Like it!","Aspiration","Bard","BaseMod","Better Note","Better Third Choice","Downfall","Duelist Mod","Elementarium","Energized Spire","GifTheSpireLib","Googly Eyes","Hermit","Hubris","Infinite Spire","Minty Spire (QoL Compilation)","Relic Stats","Shop Mod","StSLib","Stuff the Spire","Synergy Search","The Cursed"],"gold_per_floor":[110,110,35,35,0,0,18,18,44,44,44,44,72,91,91,167,167,178,20,20,20,17,17,17],"floor_reached":23,"language":"ENG","playtime":605,"items_purged":["Strike_G"],"score":352,"play_id":"726ef695-afaa-47a3-9dbc-ac94e47954ca","local_time":"20210118101038","is_ascension_mode":true,"campfire_choices":[{"data":"Cloak And Dagger","floor":6,"key":"SMITH"},{"data":"Blade Dance","floor":8,"key":"SMITH"},{"data":"Survivor","floor":10,"key":"SMITH"},{"data":"Neutralize","floor":12,"key":"SMITH"},{"data":"Acrobatics","floor":15,"key":"SMITH"}],"circlet_count":0,"master_deck":["AscendersBane","Strike_G","Strike_G","Strike_G","Defend_G","Defend_G","Defend_G","Defend_G","Defend_G","Survivor+1","Neutralize+1","Cloak And Dagger+1","Blade Dance+1","Blur","Acrobatics+1","Envenom","StuffTheSpire:ReptileScales+1","Infinite Blades"],"relics":["bard:PitchPipe","aspiration:Nostalgia","theDuelist:CardPoolBasicRelic","StuffTheSpire:RedRose","infinitespire:Cubic Diamond","StuffTheSpire:GrapeVine","hubris:AncientText","hubris:AstralHammer","energizedSpire:MagnifyingGlass"],"acts_visited":["Exordium","TheCity"],"potions_floor_usage":[16,22,23,23],"damage_taken":[{"damage":1,"enemies":"Jaw Worm","floor":1,"turns":4},{"damage":0,"enemies":"2 Louse","floor":7,"turns":3},{"damage":30,"enemies":"3 Sentries","floor":13,"turns":8},{"damage":1,"enemies":"Cultist","floor":14,"turns":3},{"damage":1,"enemies":"Hexaghost","floor":16,"turns":8},{"damage":11,"enemies":"Chosen","floor":18,"turns":6},{"damage":14,"enemies":"2 Thieves","floor":22,"turns":4},{"damage":33,"enemies":"Slavers","floor":23,"turns":3}],"seed_played":"8923367408621590198","potions_obtained":[{"floor":7,"key":"Energy Potion"},{"floor":14,"key":"champ:CounterPotion"},{"floor":16,"key":"champ:CounterPotion"},{"floor":22,"key":"AttackPotion"}],"is_trial":false,"path_per_floor":["M","?","?","?","?","R","M","R","T","R","T","R","E","M","R","B",null,"M","$","?","$","M","E"],"character_chosen":"THE_SILENT","items_purchased":["Infinite Blades"],"campfire_rested":0,"item_purchase_floors":[19],"current_hp_per_floor":[58,58,58,58,58,58,58,58,58,58,58,58,28,27,27,26,56,45,45,45,45,31,0,0],"gold":17,"neow_bonus":"NOSTALGIA","is_daily":false,"chose_seed":false,"campfire_upgraded":5,"win_rate":0.0,"timestamp":1610982638,"path_taken":["M","?","?","?","?","R","M","R","T","R","?","R","E","M","R","BOSS","M","$","?","?","M","E"],"items_purchased_type":["Card"],"build_version":"2020-12-22","purchased_purges":1,"victory":false,"max_hp_per_floor":[66,66,66,66,66,66,66,66,66,66,66,66,66,66,66,66,66,66,66,66,66,66,66,66],"relic_stats":{"counters":[8,38],"obtain_stats":[{"bard:PitchPipe":4,"aspiration:Nostalgia":0,"hubris:AstralHammer":13,"theDuelist:CardPoolBasicRelic":0,"infinitespire:Cubic Diamond":4,"StuffTheSpire:GrapeVine":9,"energizedSpire:MagnifyingGlass":17,"StuffTheSpire:RedRose":2,"hubris:AncientText":11,"Ring of the Snake":0},{"bard:PitchPipe":1,"aspiration:Nostalgia":0,"hubris:AstralHammer":3,"theDuelist:CardPoolBasicRelic":0,"infinitespire:Cubic Diamond":1,"StuffTheSpire:GrapeVine":2,"energizedSpire:MagnifyingGlass":5,"StuffTheSpire:RedRose":1,"hubris:AncientText":2,"Ring of the Snake":0},{"bard:PitchPipe":4,"aspiration:Nostalgia":0,"hubris:AstralHammer":15,"theDuelist:CardPoolBasicRelic":0,"infinitespire:Cubic Diamond":4,"StuffTheSpire:GrapeVine":7,"energizedSpire:MagnifyingGlass":25,"StuffTheSpire:RedRose":4,"hubris:AncientText":7,"Ring of the Snake":0}]},"card_choices":[{"not_picked":["Skewer","Flying Knee"],"picked":"Cloak And Dagger","floor":1},{"not_picked":["Acrobatics","Underhanded Strike"],"picked":"Blade Dance","floor":7},{"not_picked":["Caltrops","Storm of Steel"],"picked":"Blur","floor":13},{"not_picked":["hubris:SlightOfHand","Dodge and Roll"],"picked":"Acrobatics","floor":14},{"not_picked":["Tools of the Trade","Die Die Die"],"picked":"Envenom","floor":16},{"not_picked":["Quick Slash","Dagger Throw"],"picked":"StuffTheSpire:ReptileScales+1","floor":18},{"not_picked":["StuffTheSpire:Incantation","Slice","Sucker Punch"],"picked":"SKIP","floor":22}],"player_experience":1157368,"relics_obtained":[{"floor":9,"key":"StuffTheSpire:GrapeVine"},{"floor":11,"key":"hubris:AncientText"},{"floor":13,"key":"hubris:AstralHammer"}],"event_choices":[{"cards_removed":["Regret"],"damage_healed":0,"gold_gain":0,"player_choice":"Card Removal","damage_taken":0,"max_hp_gain":0,"max_hp_loss":0,"event_name":"The Cleric","floor":3,"gold_loss":75},{"damage_healed":0,"gold_gain":0,"player_choice":"Left","damage_taken":0,"max_hp_gain":0,"max_hp_loss":0,"event_name":"betterThird:BetterGoop","floor":5,"gold_loss":35},{"cards_removed":["Strike_G"],"damage_healed":0,"gold_gain":0,"player_choice":"Offered Basic","damage_taken":0,"max_hp_gain":0,"max_hp_loss":0,"event_name":"Bonfire Elementals","floor":20,"gold_loss":0}],"is_beta":false,"boss_relics":[{"not_picked":["SlaversCollar","energizedSpire:EnergizedDie"],"picked":"energizedSpire:MagnifyingGlass"}],"items_purged_floors":[19],"is_endless":false,"potions_floor_spawned":[7,14,16,22],"killed_by":"Slavers","ascension_level":18}}