{"host":"bq4pt811tk9yrmjl","time":1610931328,"event":{"mods":["AchievementEnabler","BaseMod","Colored Map","Colored Powertips","Defuse TimeMaze Blight","Hermit","Minty Spire (QoL Compilation)","StSLib","SuperFastMode"],"gold_per_floor":[111,286,286,21,35,35,74,74,98,139,139,153,38,51,51,177,177,201,201,201],"floor_reached":19,"language":"ENG","playtime":256,"items_purged":["Doubt"],"score":210,"play_id":"8185398f-046a-4607-9942-d8cd6c24a196","local_time":"20210117225528","is_ascension_mode":true,"campfire_choices":[{"data":"Zap","floor":6,"key":"SMITH"},{"data":"Creative AI","floor":8,"key":"SMITH"},{"floor":11,"key":"REST"},{"floor":15,"key":"REST"}],"circlet_count":0,"master_deck":["Strike_B","Strike_B","Strike_B","Strike_B","Defend_B","Defend_B","Defend_B","Defend_B","Zap+1","Dualcast","Streamline","Streamline","Creative AI+1"],"relics":["Cracked Core","NeowsBlessing","Golden Idol","Membership Card","Mummified Hand","Blood Vial","Kunai","DataDisk","Runic Pyramid"],"acts_visited":["Exordium","TheCity"],"potions_floor_usage":[10,16,18],"damage_taken":[{"damage":0,"enemies":"2 Louse","floor":1,"turns":1},{"damage":0,"enemies":"Jaw Worm","floor":5,"turns":1},{"damage":0,"enemies":"Gremlin Nob","floor":7,"turns":1},{"damage":35,"enemies":"3 Sentries","floor":10,"turns":6},{"damage":0,"enemies":"Cultist","floor":12,"turns":3},{"damage":0,"enemies":"2 Fungi Beasts","floor":14,"turns":2},{"damage":25,"enemies":"The Guardian","floor":16,"turns":8},{"damage":0,"enemies":"Spheric Guardian","floor":18,"turns":3},{"damage":12,"enemies":"Shell Parasite","floor":19,"turns":3}],"seed_played":"7744395558742858187","potions_obtained":[{"floor":7,"key":"AttackPotion"},{"floor":12,"key":"DistilledChaos"},{"floor":16,"key":"DistilledChaos"},{"floor":18,"key":"PowerPotion"}],"is_trial":false,"path_per_floor":["M","?","?","$","M","R","E","R","T","E","R","M","$","M","R","B",null,"M","M"],"character_chosen":"DEFECT","items_purchased":["Membership Card","Mummified Hand","DataDisk"],"campfire_rested":2,"item_purchase_floors":[4,4,13],"current_hp_per_floor":[75,75,57,57,57,57,57,57,57,24,46,48,48,50,72,49,75,75,63,63],"gold":201,"neow_bonus":"THREE_ENEMY_KILL","is_daily":false,"chose_seed":false,"campfire_upgraded":2,"win_rate":0.0,"timestamp":1610931328,"path_taken":["M","?","?","$","M","R","E","R","T","E","R","M","$","M","R","BOSS","M","M"],"items_purchased_type":["Relic","Relic","Relic"],"build_version":"2020-12-22","purchased_purges":1,"victory":false,"max_hp_per_floor":[75,75,75,75,75,75,75,75,75,75,75,75,75,75,75,75,75,75,75,75],"card_choices":[{"not_picked":["Conserve Battery","Gash"],"picked":"Streamline","floor":1},{"not_picked":["Leap","Steam"],"picked":"Streamline","floor":5},{"not_picked":["Rebound","Go for the Eyes"],"picked":"Creative AI","floor":7},{"not_picked":["Coolheaded","Undo","Steam Power"],"picked":"SKIP","floor":10},{"not_picked":["Barrage","Redo","Sunder"],"picked":"SKIP","floor":12},{"not_picked":["Self Repair","Leap","Rebound"],"picked":"SKIP","floor":14},{"not_picked":["Chaos+1","Glacier+1","Go for the Eyes"],"picked":"SKIP","floor":18}],"player_experience":176657,"relics_obtained":[{"floor":7,"key":"Blood Vial"},{"floor":10,"key":"Kunai"}],"event_choices":[{"damage_healed":0,"gold_gain":175,"player_choice":"AGREE","damage_taken":0,"max_hp_gain":0,"max_hp_loss":0,"event_name":"Liars Game","floor":2,"gold_loss":0,"cards_obtained":["Doubt"]},{"damage_healed":0,"gold_gain":0,"player_choice":"Take Damage","damage_taken":18,"relics_obtained":["Golden Idol"],"max_hp_gain":0,"max_hp_loss":0,"event_name":"Golden Idol","floor":3,"gold_loss":0}],"is_beta":false,"boss_relics":[{"not_picked":["Fusion Hammer","Coffee Dripper"],"picked":"Runic Pyramid"}],"items_purged_floors":[13],"is_endless":false,"potions_floor_spawned":[7,12,16,18],"killed_by":"Shell Parasite","ascension_level":1}}