{"host":"r53pw7z744tg3fxg","time":1610998659,"event":{"mods":["AchievementEnabler","BaseMod","Colored Map","Colored Powertips","Highlight Path","Minty Spire (QoL Compilation)","Quick Restart","Transform Curses"],"gold_per_floor":[109,26,42,117,129,129,129,161,185,185,185,195,213,241,241,318,318,337,353,353,364,378,404,404,404,404],"floor_reached":25,"language":"ENG","playtime":1510,"items_purged":[],"score":464,"play_id":"ded56948-e50a-410c-b005-80c7b475c6af","local_time":"20210118123739","is_ascension_mode":true,"campfire_choices":[{"data":"Eruption","floor":6.0,"key":"SMITH"},{"data":"Dramatic Entrance","floor":11.0,"key":"SMITH"},{"data":"Perseverance","floor":15.0,"key":"SMITH"},{"floor":24,"key":"REST"}],"circlet_count":0,"master_deck":["AscendersBane","Strike_P","Strike_P","Strike_P","Strike_P","Defend_P","Defend_P","Defend_P","Defend_P","Eruption+1","Vigilance","Dramatic Entrance+1","WheelKick","EmptyBody","FollowUp","TalkToTheHand","FlurryOfBlows","Evaluate","DeceiveReality","Perseverance+1","Judgement","Tantrum","Pray","SpiritShield","BowlingBash"],"relics":["HolyWater","Bronze Scales","Omamori","Letter Opener","Calipers"],"acts_visited":["Exordium","TheCity"],"potions_floor_usage":[23],"damage_taken":[{"damage":0.0,"enemies":"Cultist","floor":1.0,"turns":2.0},{"damage":0.0,"enemies":"Small Slimes","floor":3.0,"turns":2.0},{"damage":0.0,"enemies":"Jaw Worm","floor":5.0,"turns":2.0},{"damage":7.0,"enemies":"3 Sentries","floor":8.0,"turns":5.0},{"damage":0.0,"enemies":"Lots of Slimes","floor":12.0,"turns":1.0},{"damage":4.0,"enemies":"Exordium Wildlife","floor":13.0,"turns":4.0},{"damage":0.0,"enemies":"Lagavulin","floor":14.0,"turns":8.0},{"damage":5.0,"enemies":"The Guardian","floor":16.0,"turns":16.0},{"damage":0.0,"enemies":"3 Byrds","floor":18.0,"turns":2.0},{"damage":0.0,"enemies":"2 Thieves","floor":19.0,"turns":3.0},{"damage":0.0,"enemies":"3 Cultists","floor":21.0,"turns":3.0},{"damage":15.0,"enemies":"Shelled Parasite and Fungi","floor":22.0,"turns":3.0},{"damage":33,"enemies":"Slavers","floor":23,"turns":5},{"damage":34,"enemies":"Book of Stabbing","floor":25,"turns":5}],"seed_played":"-2430115040266402362","potions_obtained":[{"floor":1.0,"key":"SkillPotion"},{"floor":5.0,"key":"Block Potion"},{"floor":14.0,"key":"DuplicationPotion"},{"floor":16.0,"key":"ColorlessPotion"}],"is_trial":false,"path_per_floor":["M","$","M","?","M","R","?","E","T","?","R","M","M","E","R","B",null,"M","M","?","M","M","E","R","E"],"character_chosen":"WATCHER","items_purchased":["EmptyBody","FollowUp"],"campfire_rested":1,"item_purchase_floors":[2,2],"current_hp_per_floor":[61,61,61,50,50,50,50,43,43,60,60,60,56,56,56,51,64,64,64,60,60,45,12,32,0,0],"gold":404,"neow_bonus":"RANDOM_COLORLESS","is_daily":false,"chose_seed":false,"campfire_upgraded":3,"win_rate":0.0,"timestamp":1610998659,"path_taken":["M","?","M","?","M","R","?","E","T","?","R","M","?","E","R","BOSS","M","?","?","M","M","E","R","E"],"items_purchased_type":["Card","Card"],"build_version":"2020-12-22","purchased_purges":0,"victory":false,"max_hp_per_floor":[68,68,68,68,68,68,68,68,68,68,68,68,68,68,68,68,68,68,68,68,68,68,68,68,68,68],"card_choices":[{"not_picked":["Deep Breath","Purity"],"picked":"Dramatic Entrance","floor":0.0},{"not_picked":["Adaptation","Halt"],"picked":"WheelKick","floor":1.0},{"not_picked":["SignatureMove","EmptyMind","SandsOfTime"],"picked":"SKIP","floor":3.0},{"not_picked":["EmptyBody","FlyingSleeves"],"picked":"TalkToTheHand","floor":5.0},{"not_picked":["Nirvana","CrushJoints"],"picked":"FlurryOfBlows","floor":8.0},{"not_picked":["Prostrate","SashWhip"],"picked":"Evaluate","floor":12.0},{"not_picked":["EmptyBody","Alpha"],"picked":"DeceiveReality","floor":13.0},{"not_picked":["Prostrate","Crescendo"],"picked":"Perseverance","floor":14.0},{"not_picked":["ConjureBlade","Vault"],"picked":"Judgement","floor":16.0},{"not_picked":["Protect","Evaluate+1"],"picked":"Tantrum","floor":18.0},{"not_picked":["Collect","SandsOfTime"],"picked":"Pray","floor":19.0},{"not_picked":["Weave","Protect","Collect"],"picked":"SKIP","floor":21.0},{"not_picked":["SandsOfTime","EmptyBody"],"picked":"SpiritShield","floor":22.0},{"not_picked":["SignatureMove","Consecrate"],"picked":"BowlingBash","floor":23}],"player_experience":1299288,"relics_obtained":[{"floor":8.0,"key":"Bronze Scales"},{"floor":9.0,"key":"Omamori"},{"floor":14.0,"key":"Letter Opener"},{"floor":23,"key":"Calipers"}],"event_choices":[{"damage_healed":0.0,"max_hp_gain":0.0,"max_hp_loss":0.0,"gold_gain":75.0,"event_name":"World of Goop","player_choice":"Gather Gold","floor":4.0,"gold_loss":0.0,"damage_taken":11.0},{"damage_healed":0.0,"max_hp_gain":0.0,"max_hp_loss":0.0,"gold_gain":0.0,"event_name":"Liars Game","player_choice":"Ignored","floor":7.0,"gold_loss":0.0,"damage_taken":0.0},{"damage_healed":17.0,"max_hp_gain":0.0,"max_hp_loss":0.0,"gold_gain":0.0,"event_name":"Mushrooms","player_choice":"Healed and dodged fight","floor":10.0,"gold_loss":0.0,"damage_taken":0.0,"cards_obtained":["Parasite"]},{"damage_healed":0.0,"max_hp_gain":0.0,"max_hp_loss":0.0,"gold_gain":0.0,"event_name":"The Woman in Blue","player_choice":"Bought 0 Potions","floor":20.0,"gold_loss":0.0,"damage_taken":0.0}],"is_beta":false,"boss_relics":[{"not_picked":["Astrolabe","Philosopher\u0027s Stone"],"picked":"HolyWater"}],"items_purged_floors":[],"is_endless":false,"potions_floor_spawned":[1,5,14,16,19,21],"killed_by":"Book of Stabbing","ascension_level":16}}