{"host":"osk2oboccoevp2u5","time":1610945256,"event":{"mods":["AchievementEnabler","Alarm Clock","BaseMod","Colored Powertips","Disable Question Mark Monsters","Displayed Cursed Tome","Key Reminder","Minty Spire (QoL Compilation)","Potion Indicator Mod","Quick Restart","Rare Cards Sparkle","Reorder Act Four","StSLib","Steal the Spire","The Wild Card","Useless Jewels Mod"],"gold_per_floor":[113,133,144,144,109,109,124,164,164,164,202,202,216,229,229,360,360,381,394,412,412,21,21,21,321,371,390,0,0,0],"floor_reached":29,"language":"ENG","playtime":1993,"items_purged":["Injury","Pain"],"score":270,"play_id":"2f917192-ea6b-4a24-a90e-fc68806b383e","local_time":"20210118004736","is_ascension_mode":true,"campfire_choices":[{"data":"theWildCard:Arsene","floor":6,"key":"SMITH"},{"floor":10,"key":"REST"},{"floor":15,"key":"REST"},{"data":"theWildCard:Abstinence","floor":23,"key":"SMITH"}],"circlet_count":0,"master_deck":["theWildCard:BasicStrike","theWildCard:BasicStrike","theWildCard:BasicStrike","theWildCard:BasicStrike","theWildCard:BasicDefend","theWildCard:CallToAdventure","theWildCard:Arsene+1","theWildCard:Abstinence+1","theWildCard:MagicMettle","theWildCard:ShieldOfMany","theWildCard:MagicMettle","theWildCard:TheUniverse","theWildCard:ShieldOfMany","theWildCard:Unburden+1","theWildCard:ManOfManyFaces","J.A.X.","Writhe","Blind"],"relics":["Cursed Key","Golden Idol","StrikeDummy","Bottled Tornado","Singing Bowl","keyreminder:keyreminder","Empty Cage","Kunai","Old Coin","Vajra","PrismaticShard"],"acts_visited":["Exordium","TheCity"],"potions_floor_usage":[8,16,19,29],"damage_taken":[{"damage":0,"enemies":"Jaw Worm","floor":1,"turns":3},{"damage":0,"enemies":"Small Slimes","floor":2,"turns":3},{"damage":0,"enemies":"Cultist","floor":3,"turns":4},{"damage":0,"enemies":"Looter","floor":7,"turns":4},{"damage":48,"enemies":"Gremlin Nob","floor":8,"turns":5},{"damage":6,"enemies":"3 Sentries","floor":11,"turns":11},{"damage":6,"enemies":"Large Slime","floor":13,"turns":3},{"damage":0,"enemies":"Lots of Slimes","floor":14,"turns":4},{"damage":4,"enemies":"Slime Boss","floor":16,"turns":10},{"damage":16,"enemies":"Shell Parasite","floor":18,"turns":5},{"damage":5,"enemies":"Chosen","floor":19,"turns":5},{"damage":6,"enemies":"Snake Plant","floor":20,"turns":9},{"damage":38,"enemies":"Shelled Parasite and Fungi","floor":27,"turns":7},{"damage":19,"enemies":"3 Cultists","floor":29,"turns":4}],"seed_played":"6555012689319526579","potions_obtained":[{"floor":1,"key":"PowerPotion"},{"floor":13,"key":"AttackPotion"},{"floor":16,"key":"FearPotion"},{"floor":18,"key":"Regen Potion"}],"is_trial":false,"path_per_floor":["M","M","M","?","?","R","M","E","T","R","E","?","M","M","R","B",null,"M","M","M","?","$","R","?","T","T","M","$","M"],"character_chosen":"THE_WILD_CARD","items_purchased":["Kunai","theWildCard:ManOfManyFaces","PrismaticShard","Blind","Explosive Potion"],"campfire_rested":2,"item_purchase_floors":[22,22,28,28,28],"current_hp_per_floor":[60,60,60,45,60,60,60,12,12,30,24,24,18,20,38,34,62,46,55,51,51,51,51,51,51,51,15,15,0,0],"gold":0,"neow_bonus":"BOSS_RELIC","is_daily":false,"chose_seed":false,"campfire_upgraded":2,"win_rate":0.0,"timestamp":1610945256,"path_taken":["M","M","M","?","?","R","M","E","T","R","E","?","M","M","R","BOSS","M","M","M","?","$","R","?","?","T","M","?","M"],"items_purchased_type":["Relic","Card","Relic","Card","Potion"],"build_version":"2020-12-22","purchased_purges":2,"victory":false,"max_hp_per_floor":[60,60,60,60,60,60,60,60,60,60,60,60,60,62,62,62,62,62,62,64,64,64,64,64,64,64,66,66,66,66],"card_choices":[{"not_picked":["theWildCard:Providence","theWildCard:SacrificialStroke"],"picked":"theWildCard:Abstinence","floor":1},{"not_picked":["theWildCard:SacrificialStroke","theWildCard:StalwartBlade","theWildCard:ArcaneArts"],"picked":"SKIP","floor":2},{"not_picked":["theWildCard:Proficiency","theWildCard:BladeOfGenerations","theWildCard:SeveringSlash"],"picked":"SKIP","floor":3},{"not_picked":["theWildCard:StingingStrike","theWildCard:Unburden","theWildCard:SeveringSlash"],"picked":"SKIP","floor":7},{"not_picked":["theWildCard:Attunement","theWildCard:EnergizedStroke","theWildCard:Polydeuces"],"picked":"SKIP","floor":8},{"not_picked":["theWildCard:Odin","theWildCard:Metatron"],"picked":"theWildCard:MagicMettle","floor":11},{"not_picked":["theWildCard:CryOfAgony","theWildCard:StingingStrike"],"picked":"theWildCard:MagicMettle","floor":13},{"not_picked":["theWildCard:Michael","theWildCard:MaskChange","theWildCard:PowerOfTheArcana"],"picked":"Singing Bowl","floor":14},{"not_picked":["theWildCard:Desolation","theWildCard:TheArcanaUnleashed"],"picked":"theWildCard:TheUniverse","floor":16},{"not_picked":["theWildCard:Polydeuces","theWildCard:SacrificialStroke"],"picked":"theWildCard:ShieldOfMany","floor":18},{"not_picked":["theWildCard:Michael","theWildCard:SeveringSlash"],"picked":"theWildCard:Unburden+1","floor":19},{"not_picked":["theWildCard:Unburden","theWildCard:Attunement","theWildCard:EnergizedStroke"],"picked":"Singing Bowl","floor":20},{"not_picked":["theWildCard:Attunement","theWildCard:SacrificialStroke","theWildCard:ArcanaArtistry"],"picked":"Singing Bowl","floor":27}],"player_experience":944285,"relics_obtained":[{"floor":8,"key":"StrikeDummy"},{"floor":9,"key":"Bottled Tornado"},{"floor":11,"key":"Singing Bowl"},{"floor":25,"key":"Old Coin"},{"floor":26,"key":"Vajra"}],"event_choices":[{"damage_healed":0,"gold_gain":0,"player_choice":"Take Damage","damage_taken":15,"relics_obtained":["Golden Idol"],"max_hp_gain":0,"max_hp_loss":0,"event_name":"Golden Idol","floor":4,"gold_loss":0},{"damage_healed":15,"gold_gain":0,"player_choice":"Healed","damage_taken":0,"max_hp_gain":0,"max_hp_loss":0,"event_name":"The Cleric","floor":5,"gold_loss":35},{"damage_healed":0,"gold_gain":0,"cards_transformed":["theWildCard:BasicDefend"],"player_choice":"Change","damage_taken":0,"max_hp_gain":0,"max_hp_loss":0,"event_name":"Living Wall","floor":12,"gold_loss":0,"cards_obtained":["theWildCard:ShieldOfMany"]},{"damage_healed":0,"gold_gain":0,"player_choice":"Ignored","damage_taken":0,"max_hp_gain":0,"max_hp_loss":0,"event_name":"Vampires","floor":21,"gold_loss":0},{"damage_healed":0,"gold_gain":0,"player_choice":"Obtain J.A.X.","damage_taken":0,"max_hp_gain":0,"max_hp_loss":0,"event_name":"Drug Dealer","floor":24,"gold_loss":0,"cards_obtained":["J.A.X."]}],"is_beta":false,"boss_relics":[{"not_picked":["Busted Crown","Pandora\u0027s Box"],"picked":"Empty Cage"}],"items_purged_floors":[22,28],"is_endless":false,"potions_floor_spawned":[1,13,16,18],"killed_by":"3 Cultists","ascension_level":3}}