{"host":"54jr43vd79817238","time":1610963187,"event":{"mods":["100% Spire Juice","ATMod(阿瑾Mod)","Act Like it!","Arknights The Spire","Aspiration","BaseMod","CapriCore","Dota2Spire","Friendly Minions","Gensokyo","Hallownest","Hermit","Jedi Mod","KinomotoSakuraMod(木之本樱)","Koishi","Lobotomy","LobotomyExtend","Mari Mod (Legacy)","Mari\u0027s V1 Patch","Marisa（F雨　魔理沙）","Minty Spire (QoL Compilation)","MostiFishMod","Quarter Circle Forward PUNCH!","Replay The Spire","Robot Space Explorer","RumiaBox-露米娅的神秘盒子","Spicy Shops","StSLib","TestMod","The Dragon Tamer","The Marked","WarShipGirlsR/战舰少女R mod","Yakumo Yukari mod","Youmu（魂魄妖梦）","vexMod","【遗物卡牌】REMEMod"],"gold_per_floor":[111,125,327,327,337,369,45,59,82,82,95,495,102,134,134,230,230,247,522,539,557,570,570,597,597,622,473,473,483,503,535,535,639,639,650,650,650,666,678,678,694,708,733,760,504,504,504,523,523,523,523,523,523,46,78,108],"floor_reached":57,"language":"ZHS","playtime":6169,"items_purged":["Normality","ReplayTheSpireMod:Splinters"],"score":1764,"play_id":"b9097b61-9292-4642-94d9-c2984b74b998","local_time":"20210118174627","is_ascension_mode":false,"campfire_choices":[{"floor":10,"key":"RECALL"},{"data":"hermit:Manifest","floor":15,"key":"SMITH"},{"data":"MostiFishMod:TheEndOfMoonlight","floor":23,"key":"SMITH"},{"data":"AT_Dispersion","floor":25,"key":"SMITH"},{"data":"Madness","floor":46,"key":"SMITH"},{"data":"Madness","floor":49,"key":"SMITH"},{"data":"hermit:Combo","floor":53,"key":"SMITH"}],"circlet_count":0,"master_deck":["hermit:Strike_Hermit","hermit:Strike_Hermit","hermit:Strike_Hermit","hermit:Snapshot","hermit:Covet","AT_Dispersion+1","hermit:CalledShot+1","hermit:Glare","hermit:Virtue","Hallownest:skillLeafShield","Hallownest:skillLeafShield","Hallownest:skillLeafShield","Hallownest:skillLeafShield","hermit:Vantage","hermit:Determination","hermit:Manifest+1","hermit:GoldenBullet","hermit:FlashPowder","hermit:Magnum","MostiFishMod:Neptune","MostiFishMod:TheEndOfMoonlight+1","MostiFishMod:SparklingWater","MostiFishMod:FantasySummer","MostiFishMod:NightSea","hermit:Brawl+1","Regret","hermit:LowProfile+1","hermit:Quickdraw+1","hermit:Enervate","hermit:ItchyTrigger","hermit:Glare","hermit:Combo+1","hermit:FinalCanter","Madness+1","Madness+1","hermit:FlashPowder+1","hermit:Snipe","hermit:WideOpen","hermit:BigShot+1","hermit:Glare+1","hermit:BigShot","hermit:BigShot"],"relics":["hermit:Momento","DaveBox","REME_ComplimentaryCards","AT_ATBox","RhineCircuit","testmod-Alchemist","Gambling Chip","hermit:Spyglass","vexMod:Cooldron","Dota2Spire:BattleFury","Medical Kit","Dota2Spire:Desolator","MoonlightInvasionPlan","testmod-EqualTreatment","aspiration:ArtOfWarUpgrade","Regal Pillow","Red Mask","Replay:Bronze Core","LetterFromLob","Blue Doll","Sundial","ReplayTheSpireMod:CursedCoin","Dream Catcher","Gremlin Horn","AT_Kusabimaru","Dota2Spire:DrumOfEndurance"],"acts_visited":["Hallownest:Greenpath","TheCity","TheBeyond","TheEnding"],"potions_floor_usage":[8,14,14,14,14,14,16,16,16,21,21,21,21,21,21,21,22,22,22,22,22,24,24,29,29,30,30,30,30,30,30,30,30,31,31,31,33,33,33,33,33,33,33,33,33,33,35,35,35,35,35,35,35,38,39,39,39,39,39,39,39,39,39,39,39,41,41,41,42,42,42,42,42,44,44,44,48,48,48,48,48,48,50,50,50,50,55,55,55,55,56,56,56,56,56,56,56,56,56,56,56,56,56,56,56,56,56,56,56],"damage_taken":[{"damage":1,"enemies":"2_ Uuma","floor":1,"turns":6},{"damage":2,"enemies":"Hallownest:2_Baldur","floor":2,"turns":4},{"damage":0,"enemies":"Hallownest:monsterHuskWarrior","floor":5,"turns":3},{"damage":0,"enemies":"Hallownest:eliteVengeflyKing","floor":6,"turns":7},{"damage":0,"enemies":"Hallownest:1_Baldur_1_Crawlid_1_Warrior","floor":8,"turns":5},{"damage":0,"enemies":"Hallownest:monsterAspidMother","floor":11,"turns":5},{"damage":0,"enemies":"Hallownest:eliteCrystalGuardian","floor":14,"turns":5},{"damage":3,"enemies":"Hallownest:BossFalseKnight","floor":16,"turns":9},{"damage":0,"enemies":"3 Byrds","floor":18,"turns":3},{"damage":2,"enemies":"Chosen","floor":20,"turns":3},{"damage":0,"enemies":"Centurion and Healer","floor":21,"turns":1},{"damage":0,"enemies":"Snake Plant","floor":22,"turns":1},{"damage":0,"enemies":"Gremlin Leader","floor":24,"turns":3},{"damage":0,"enemies":"3 Cultists","floor":29,"turns":3},{"damage":0,"enemies":"Snecko","floor":30,"turns":2},{"damage":0,"enemies":"Masked Bandits","floor":31,"turns":2},{"damage":0,"enemies":"Pondfish","floor":33,"turns":7},{"damage":0,"enemies":"3 Darklings","floor":35,"turns":3},{"damage":0,"enemies":"3 Shapes","floor":38,"turns":3},{"damage":0,"enemies":"Maw","floor":39,"turns":1},{"damage":1,"enemies":"Spire Growth","floor":41,"turns":4},{"damage":0,"enemies":"Jaw Worm Horde","floor":42,"turns":1},{"damage":0,"enemies":"Reptomancer","floor":44,"turns":1},{"damage":0,"enemies":"Transient","floor":48,"turns":5},{"damage":7,"enemies":"Awakened One","floor":50,"turns":8},{"damage":0,"enemies":"Shield and Spear","floor":55,"turns":3},{"damage":20,"enemies":"The Heart","floor":56,"turns":4}],"seed_played":"-7647294426597502799","potions_obtained":[{"floor":8,"key":"EntropicBrew"},{"floor":11,"key":"EntropicBrew"},{"floor":14,"key":"EntropicBrew"},{"floor":16,"key":"EntropicBrew"},{"floor":20,"key":"EntropicBrew"},{"floor":21,"key":"EntropicBrew"},{"floor":24,"key":"EntropicBrew"},{"floor":31,"key":"EntropicBrew"},{"floor":33,"key":"EntropicBrew"},{"floor":35,"key":"EntropicBrew"},{"floor":38,"key":"EntropicBrew"},{"floor":41,"key":"EntropicBrew"},{"floor":44,"key":"EntropicBrew"}],"is_trial":false,"path_per_floor":["M","M","?","?","M","E","$","M","T","R","M","?","$","E","R","B",null,"M","?","M","M","M","R","E","R","T","$","?","M","M","?","R","B",null,"M","?","?","M","M","R","M","M","T","E","$","R","?","M","R","B",null,null,"R","$","E","B",null],"character_chosen":"HERMIT","items_purchased":["hermit:Spyglass","vexMod:Cooldron","Dota2Spire:BattleFury","Medical Kit","Regal Pillow","ReplayTheSpireMod:CursedCoin","Dream Catcher","Gremlin Horn","AT_Kusabimaru","hermit:BigShot"],"campfire_rested":0,"item_purchase_floors":[7,7,13,13,27,45,45,45,54,54],"current_hp_per_floor":[74,72,72,72,72,72,72,72,72,72,72,72,72,75,75,72,75,75,75,73,73,73,73,75,75,75,75,75,75,75,75,75,75,75,75,66,66,66,75,75,74,74,74,74,74,74,75,75,75,68,68,75,75,75,75,67],"gold":108,"neow_bonus":"REMOVE_CARD","is_daily":false,"chose_seed":false,"campfire_upgraded":6,"win_rate":0.0,"timestamp":1610963187,"path_taken":["M","M","?","?","M","E","$","M","T","R","M","?","$","E","R","BOSS","M","?","M","M","?","R","E","R","T","$","?","?","?","?","R","BOSS","M","?","?","M","M","R","M","M","T","E","$","R","?","M","R","BOSS","R","$","E","BOSS"],"items_purchased_type":["Relic","Relic","Relic","Relic","Relic","Relic","Relic","Relic","Relic","Card"],"build_version":"2020-12-22","purchased_purges":2,"victory":true,"max_hp_per_floor":[75,75,75,75,75,75,75,75,75,75,75,75,75,75,75,75,75,75,75,75,75,75,75,75,75,75,75,75,75,75,75,75,75,75,75,75,75,75,75,75,75,75,75,75,75,75,75,75,75,75,75,75,75,75,75,75],"card_choices":[{"not_picked":["hermit:Desperado","hermit:Roulette"],"picked":"hermit:CalledShot","floor":1},{"not_picked":["hermit:Headshot","hermit:Feint"],"picked":"hermit:Glare","floor":2},{"not_picked":["hermit:BodyArmor","hermit:Desperado"],"picked":"hermit:Virtue","floor":3},{"not_picked":["hermit:LowProfile","hermit:Feint"],"picked":"hermit:Vantage","floor":5},{"not_picked":["hermit:Manifest","hermit:HeroicBravado"],"picked":"hermit:Determination","floor":6},{"not_picked":["hermit:Misfire","hermit:Ricochet"],"picked":"hermit:Manifest","floor":8},{"not_picked":["hermit:TakeCover","hermit:GhostlyPresence"],"picked":"hermit:GoldenBullet","floor":11},{"not_picked":["hermit:Maintenance","hermit:TakeCover"],"picked":"hermit:FlashPowder","floor":14},{"not_picked":["hermit:OverwhelmingPower","hermit:Gambit"],"picked":"hermit:Magnum","floor":16},{"not_picked":["hermit:LuckOfTheDraw","hermit:FlashPowder"],"picked":"hermit:Brawl+1","floor":18},{"not_picked":["hermit:NoHoldsBarred","hermit:CalledShot"],"picked":"hermit:LowProfile+1","floor":20},{"not_picked":["hermit:HighCaliber","hermit:Manifest"],"picked":"hermit:Quickdraw+1","floor":21},{"not_picked":["hermit:Vantage","hermit:OverwhelmingPower"],"picked":"hermit:Enervate","floor":22},{"not_picked":["hermit:BodyArmor","hermit:Feint"],"picked":"hermit:ItchyTrigger","floor":24},{"not_picked":["hermit:Dive+1","hermit:SprayPray"],"picked":"hermit:Glare","floor":29},{"not_picked":["hermit:Snipe","hermit:Coalescence"],"picked":"hermit:Combo","floor":30},{"not_picked":["hermit:EternalForm","hermit:OverwhelmingPower"],"picked":"hermit:FinalCanter","floor":33},{"not_picked":["hermit:Cheat+1","hermit:Maintenance+1","hermit:SprayPray+1"],"picked":"SKIP","floor":35},{"not_picked":["hermit:Headshot+1","hermit:ItchyTrigger"],"picked":"hermit:FlashPowder+1","floor":38},{"not_picked":["hermit:Maintenance","hermit:Desperado","hermit:Headshot"],"picked":"SKIP","floor":39},{"not_picked":["hermit:LowProfile+1","hermit:Headshot+1"],"picked":"hermit:Snipe","floor":41},{"not_picked":["hermit:Gestalt","hermit:LowProfile"],"picked":"hermit:WideOpen","floor":42},{"not_picked":["hermit:TrackingShot","hermit:Glare+1"],"picked":"hermit:BigShot+1","floor":44},{"not_picked":["hermit:Malice","hermit:Feint"],"picked":"hermit:Glare+1","floor":48},{"not_picked":["hermit:WideOpen+1","hermit:Misfire"],"picked":"hermit:BigShot","floor":55}],"player_experience":245929,"relics_obtained":[{"floor":6,"key":"Gambling Chip"},{"floor":14,"key":"Dota2Spire:Desolator"},{"floor":24,"key":"testmod-EqualTreatment"},{"floor":26,"key":"Art of War"},{"floor":31,"key":"Red Mask"},{"floor":42,"key":"LetterFromLob"},{"floor":43,"key":"Blue Doll"},{"floor":44,"key":"Sundial"},{"floor":55,"key":"Dota2Spire:DrumOfEndurance"}],"event_choices":[{"damage_healed":0,"gold_gain":400,"player_choice":"Sell","damage_taken":0,"max_hp_gain":0,"max_hp_loss":0,"event_name":"恩洛斯的盘子","floor":12,"relics_lost":["testmod-TestBox"],"gold_loss":0},{"damage_healed":0,"gold_gain":275,"player_choice":"Desecrate","damage_taken":0,"max_hp_gain":0,"max_hp_loss":0,"event_name":"Golden Shrine","floor":19,"gold_loss":0,"cards_obtained":["Regret"]},{"damage_healed":0,"gold_gain":0,"player_choice":"Upgraded","damage_taken":0,"max_hp_gain":0,"max_hp_loss":0,"event_name":"Upgrade Shrine","floor":28,"gold_loss":0,"cards_upgraded":["hermit:CalledShot"]},{"damage_healed":0,"gold_gain":0,"player_choice":"Fought Bandits","damage_taken":0,"max_hp_gain":0,"max_hp_loss":0,"event_name":"Masked Bandits","floor":31,"gold_loss":0},{"damage_healed":0,"gold_gain":0,"player_choice":"Embrace Madness","damage_taken":9,"max_hp_gain":0,"max_hp_loss":0,"event_name":"Winding Halls","floor":36,"gold_loss":0,"cards_obtained":["Madness","Madness"]},{"cards_removed":["Hallownest:skillLeafShield"],"damage_healed":0,"gold_gain":0,"player_choice":"Removed Skill","damage_taken":0,"max_hp_gain":0,"max_hp_loss":0,"event_name":"Falling","floor":37,"gold_loss":0}],"is_beta":false,"boss_relics":[{"not_picked":["testmod-DreamHouse","Astrolabe"],"picked":"MoonlightInvasionPlan"},{"not_picked":["Coffee Dripper","REME_LowDesire"],"picked":"Replay:Bronze Core"}],"items_purged_floors":[45,54],"is_endless":false,"potions_floor_spawned":[6,8,11,14,16,20,21,24,31,33,35,38,41,44],"ascension_level":0}}