{"host":"l60rmjjsfi0fipmi","time":1610935283,"event":{"mods":["BaseMod","Colored Map","DeckTracker","Highlight Path","Minty Spire (QoL Compilation)","StSLib","The Cursed","The Servant 0.9.4"],"gold_per_floor":[117,130,130,147,167,167,195,195,244,244,22,57,57,72,72,192,192,216,216,116,116,134,134,157,157,206,247,247,44,88,102,102,232,268,281,614,365,365,375,375,384,82,105,105,159,159,169,196,196,196],"floor_reached":51,"language":"ENG","playtime":4526,"items_purged":["TheCursedMod:Defend_TheCursed","TheCursedMod:Defend_TheCursed","TheCursedMod:Strike_TheCursed"],"score":854,"play_id":"0ac5a1c6-b210-425f-b956-a20ebb6f4536","local_time":"20210117210123","is_ascension_mode":true,"campfire_choices":[{"data":"TheCursedMod:CursedWand","floor":6,"key":"SMITH"},{"data":"TheCursedMod:CursedMace","floor":8,"key":"SMITH"},{"data":"TheCursedMod:CursedAmulet","floor":10,"key":"SMITH"},{"floor":15,"key":"REST"},{"floor":23,"key":"REST"},{"floor":25,"key":"REST"},{"data":"TheCursedMod:LuckyCharm","floor":28,"key":"SMITH"},{"floor":32,"key":"REST"},{"data":"TheCursedMod:HellfireBreathing","floor":40,"key":"SMITH"},{"data":"TheCursedMod:NeowsMight","floor":44,"key":"SMITH"},{"data":"TheCursedMod:HellsGateOpen","floor":46,"key":"SMITH"},{"floor":49,"key":"REST"}],"circlet_count":0,"master_deck":["TheCursedMod:CursedWand+1","TheCursedMod:CleanUpWorkshop+1","TheCursedMod:Dregs","TheCursedMod:CursedArmor","TheCursedMod:CursedMace+1","TheCursedMod:SpitefulPray","TheCursedMod:SmokeScreen+1","TheCursedMod:SpitefulStrike","TheCursedMod:CursedAmulet+1","TheCursedMod:ReleasedStrength","Injury","TheCursedMod:LuckyCharm+1","TheCursedMod:DemonSword","TheCursedMod:SpitefulPlan","Deep Breath","TheCursedMod:HellfireBreathing+1","TheCursedMod:Wield+1","TheCursedMod:NeowsMight+1","TheCursedMod:CursedRelics","TheCursedMod:HellsGateOpen+1","TheCursedMod:CursedShiv","Flash of Steel","TheCursedMod:HellfireBreathing+1","TheCursedMod:StingEye+1"],"relics":["TheCursedMod:BlackMagicAdvanced","Meat on the Bone","Nunchaku","War Paint","Art of War","Nilry\u0027s Codex","Anchor","Bag of Preparation","CeramicFish","Pandora\u0027s Box","Vajra","Lee\u0027s Waffle","Juzu Bracelet","PreservedInsect","StoneCalendar"],"acts_visited":["Exordium","TheCity","TheBeyond"],"potions_floor_usage":[12,16,22,22,33,33,47,48,50],"damage_taken":[{"damage":2,"enemies":"Jaw Worm","floor":1,"turns":5},{"damage":1,"enemies":"Cultist","floor":2,"turns":3},{"damage":0,"enemies":"Small Slimes","floor":4,"turns":3},{"damage":9,"enemies":"Exordium Wildlife","floor":5,"turns":5},{"damage":16,"enemies":"Gremlin Nob","floor":7,"turns":4},{"damage":18,"enemies":"3 Sentries","floor":12,"turns":8},{"damage":14,"enemies":"3 Louse","floor":14,"turns":3},{"damage":0,"enemies":"The Guardian","floor":16,"turns":8},{"damage":1,"enemies":"Chosen","floor":18,"turns":4},{"damage":31,"enemies":"Spheric Guardian","floor":22,"turns":5},{"damage":9,"enemies":"Centurion and Healer","floor":24,"turns":5},{"damage":2,"enemies":"Book of Stabbing","floor":27,"turns":6},{"damage":26,"enemies":"Slavers","floor":30,"turns":6},{"damage":0,"enemies":"Snecko","floor":31,"turns":3},{"damage":43,"enemies":"Automaton","floor":33,"turns":11},{"damage":0,"enemies":"3 Darklings","floor":35,"turns":4},{"damage":14,"enemies":"3 Shapes","floor":39,"turns":3},{"damage":10,"enemies":"2 Orb Walkers","floor":45,"turns":3},{"damage":0,"enemies":"Sphere and 2 Shapes","floor":47,"turns":3},{"damage":23,"enemies":"Transient","floor":48,"turns":5},{"damage":28,"enemies":"Donu and Deca","floor":50,"turns":8}],"seed_played":"3385370924236793265","potions_obtained":[{"floor":4,"key":"Fire Potion"},{"floor":5,"key":"Weak Potion"},{"floor":7,"key":"BlessingOfTheForge"},{"floor":14,"key":"BlessingOfTheForge"},{"floor":30,"key":"DistilledChaos"},{"floor":31,"key":"Ancient Potion"},{"floor":35,"key":"TheCursedMod:DregsPotion"}],"is_trial":false,"path_per_floor":["M","M","?","M","M","R","E","R","T","R","$","E","?","M","R","B",null,"M","?","$","?","M","R","M","R","T","E","R","$","E","M","R","B",null,"M","?","$","?","M","R","?","$","T","R","?","R","M","M","R","B",null],"character_chosen":"THE_CURSED","items_purchased":["War Paint","TheCursedMod:HellfireBreathing","Vajra","SkillPotion","Explosive Potion","Lee\u0027s Waffle","Juzu Bracelet"],"campfire_rested":5,"item_purchase_floors":[11,29,37,37,37,42,42],"current_hp_per_floor":[73,72,72,72,63,63,47,47,47,47,47,41,41,39,61,61,75,74,58,58,46,27,49,40,62,62,60,60,60,46,46,68,37,75,75,75,75,75,61,61,61,82,82,82,72,72,72,49,73,45],"gold":196,"neow_bonus":"THREE_CARDS","is_daily":false,"chose_seed":false,"campfire_upgraded":7,"win_rate":0.0,"timestamp":1610935283,"path_taken":["M","M","?","M","M","R","E","R","T","R","?","E","?","M","R","BOSS","M","?","$","?","M","R","M","R","T","E","R","$","E","?","R","BOSS","M","?","$","?","M","R","?","$","T","R","?","R","M","M","R","BOSS"],"items_purchased_type":["Relic","Card","Relic","Potion","Potion","Relic","Relic"],"build_version":"2020-12-22","purchased_purges":3,"victory":true,"max_hp_per_floor":[75,75,75,75,75,75,75,75,75,75,75,75,75,75,75,75,75,75,75,75,75,75,75,75,75,75,75,75,75,75,75,75,75,75,75,75,75,75,75,75,75,82,82,82,82,82,82,82,82,82],"card_choices":[{"not_picked":["TheCursedMod:SpitefulPray","TheCursedMod:SurpriseAttack"],"picked":"TheCursedMod:CursedArmor","floor":0},{"not_picked":["TheCursedMod:CircleOfAmplification","TheCursedMod:Obscuration"],"picked":"TheCursedMod:CursedMace","floor":1},{"not_picked":["TheCursedMod:Stretching","TheCursedMod:SpreadPlague"],"picked":"TheCursedMod:SpitefulPray","floor":2},{"not_picked":["TheCursedMod:SurpriseAttack","TheCursedMod:PrepareRite"],"picked":"TheCursedMod:SmokeScreen","floor":4},{"not_picked":["TheCursedMod:SpitefulPray","TheCursedMod:SmokeScreen"],"picked":"TheCursedMod:SpitefulStrike","floor":5},{"not_picked":["TheCursedMod:SmokeScreen","TheCursedMod:Obscuration"],"picked":"TheCursedMod:CursedAmulet","floor":7},{"not_picked":["TheCursedMod:SpreadPlague","TheCursedMod:Mangle"],"picked":"TheCursedMod:ReleasedStrength","floor":12},{"not_picked":["TheCursedMod:CursedStaff","TheCursedMod:ReleasedStrength"],"picked":"TheCursedMod:LuckyCharm","floor":14},{"not_picked":["TheCursedMod:CircleOfAbyss","TheCursedMod:CursedRelics"],"picked":"TheCursedMod:DemonSword","floor":16},{"not_picked":["TheCursedMod:BlessingInDisguise+1","TheCursedMod:Stretching"],"picked":"TheCursedMod:SpitefulPlan","floor":18},{"not_picked":["TheCursedMod:CursedShiv","TheCursedMod:SmokeScreen","TheCursedMod:VitalStrike"],"picked":"SKIP","floor":22},{"not_picked":["TheCursedMod:CircleOfCorruption","TheCursedMod:CursedSpellbook","TheCursedMod:DoubleShield"],"picked":"SKIP","floor":24},{"not_picked":["TheCursedMod:SpitefulPlan","TheCursedMod:CursedAmulet","TheCursedMod:UltimatePain"],"picked":"SKIP","floor":27},{"not_picked":["TheCursedMod:AshesToAshes","TheCursedMod:SmokeScreen"],"picked":"TheCursedMod:Wield+1","floor":30},{"not_picked":["TheCursedMod:VitalStrike","TheCursedMod:CursedAmulet","TheCursedMod:Stigma"],"picked":"SKIP","floor":31},{"not_picked":["TheCursedMod:UltimatePain","TheCursedMod:DarkBarrier"],"picked":"TheCursedMod:NeowsMight","floor":33},{"not_picked":["TheCursedMod:TacticalStrike","TheCursedMod:CursedBlade","TheCursedMod:BloodBarrier+1"],"picked":"SKIP","floor":35},{"not_picked":["TheCursedMod:RavingStaff","TheCursedMod:Torture","TheCursedMod:SmokeScreen"],"picked":"SKIP","floor":39},{"not_picked":["PanicButton","Finesse"],"picked":"Flash of Steel","floor":41},{"not_picked":["TheCursedMod:LuckyCharm","TheCursedMod:FleshFromBone+1"],"picked":"TheCursedMod:HellfireBreathing+1","floor":45},{"not_picked":["TheCursedMod:CircleOfBlood+1","TheCursedMod:SpitefulStrike+1","TheCursedMod:SpreadPlague"],"picked":"SKIP","floor":47},{"not_picked":["TheCursedMod:CursedAmulet+1","TheCursedMod:CursedBoomerang"],"picked":"TheCursedMod:StingEye+1","floor":48}],"player_experience":470932,"relics_obtained":[{"floor":7,"key":"Meat on the Bone"},{"floor":9,"key":"Nunchaku"},{"floor":12,"key":"Art of War"},{"floor":19,"key":"Nilry\u0027s Codex"},{"floor":26,"key":"Anchor"},{"floor":27,"key":"Bag of Preparation"},{"floor":30,"key":"CeramicFish"},{"floor":43,"key":"PreservedInsect"},{"floor":45,"key":"StoneCalendar"}],"event_choices":[{"cards_removed":["TheCursedMod:Defend_TheCursed"],"damage_healed":0,"gold_gain":0,"player_choice":"Purged","damage_taken":0,"max_hp_gain":0,"max_hp_loss":0,"event_name":"Purifier","floor":3,"gold_loss":0},{"damage_healed":0,"gold_gain":0,"player_choice":"Take Wound","damage_taken":0,"relics_obtained":["Golden Idol"],"max_hp_gain":0,"max_hp_loss":0,"event_name":"Golden Idol","floor":13,"gold_loss":0,"cards_obtained":["Injury"]},{"damage_healed":0,"gold_gain":0,"player_choice":"Obtained Book","damage_taken":16,"max_hp_gain":0,"max_hp_loss":0,"event_name":"Cursed Tome","floor":19,"gold_loss":0},{"damage_healed":0,"gold_gain":0,"player_choice":"CARD ","damage_taken":12,"max_hp_gain":0,"max_hp_loss":0,"event_name":"Knowing Skull","floor":21,"potions_obtained":[],"gold_loss":0,"cards_obtained":["Deep Breath"]},{"damage_healed":0,"gold_gain":333,"player_choice":"Gave Idol","damage_taken":0,"max_hp_gain":0,"max_hp_loss":0,"event_name":"The Moai Head","floor":36,"relics_lost":["Golden Idol"],"gold_loss":0},{"cards_removed":["TheCursedMod:SpitefulStrike"],"damage_healed":0,"gold_gain":0,"player_choice":"Removed Attack","damage_taken":0,"max_hp_gain":0,"max_hp_loss":0,"event_name":"Falling","floor":38,"gold_loss":0},{"damage_healed":0,"gold_gain":0,"player_choice":"Memory 1","damage_taken":0,"max_hp_gain":0,"max_hp_loss":0,"event_name":"SensoryStone","floor":41,"gold_loss":0},{"damage_healed":0,"gold_gain":0,"player_choice":"Fight","damage_taken":0,"max_hp_gain":0,"max_hp_loss":0,"event_name":"Mysterious Sphere","floor":45,"gold_loss":0}],"is_beta":false,"boss_relics":[{"not_picked":["SlaversCollar","SacredBark"],"picked":"TheCursedMod:BlackMagicAdvanced"},{"not_picked":["Philosopher\u0027s Stone","TheCursedMod:OminousMark"],"picked":"Pandora\u0027s Box"}],"items_purged_floors":[11,20,29],"is_endless":false,"potions_floor_spawned":[4,5,7,14,30,31,35,39],"ascension_level":4}}