{"host":"yyfz7fpozqrhk2m1","time":1610939816,"event":{"mods":["BaseMod","Minty Spire (QoL Compilation)"],"gold_per_floor":[119,139,157,169,183,218,237,237,262,293,310,325,325,338,338,436,436,455,470,36,49,60,60,89,89,89,118,118,118,118,135,135,237,237,251,251,268,281,291,291,319,319,373,373,390,390,422,85,85,85],"floor_reached":51,"language":"ENG","playtime":8454,"items_purged":["Bash"],"score":916,"play_id":"e925ba87-ce49-41ca-99d4-d65dc6719d45","local_time":"20210117221656","is_ascension_mode":true,"campfire_choices":[{"data":"Disarm","floor":8,"key":"SMITH"},{"data":"True Grit","floor":13,"key":"SMITH"},{"floor":15,"key":"REST"},{"data":"Flame Barrier","floor":23,"key":"SMITH"},{"data":"Iron Wave","floor":25,"key":"SMITH"},{"floor":28,"key":"REST"},{"data":"Bash","floor":30,"key":"SMITH"},{"data":"Shrug It Off","floor":32,"key":"SMITH"},{"floor":40,"key":"REST"},{"floor":42,"key":"REST"},{"floor":49,"key":"REST"}],"circlet_count":0,"master_deck":["Strike_R","Strike_R","Strike_R","Strike_R","Strike_R","Defend_R","Defend_R","Defend_R","Defend_R","Bash+1","Clothesline","Sword Boomerang+1","True Grit+1","Disarm+1","Iron Wave+1","Dropkick","Corruption","Shockwave+1","Flame Barrier+1","Heavy Blade+1","Shrug It Off+1","Exhume","True Grit","Rage","True Grit+1","Dropkick+1","Madness","Madness","Whirlwind+1"],"relics":["Burning Blood","Mango","Oddly Smooth Stone","Ice Cream","Runic Pyramid","CaptainsWheel","Pen Nib","Bag of Preparation","Shuriken","Regal Pillow","SlaversCollar","Bottled Lightning","Happy Flower","StoneCalendar","Mummified Hand"],"acts_visited":["Exordium","TheCity","TheBeyond"],"potions_floor_usage":[6,11,16,27,33,47,50,50,50],"damage_taken":[{"damage":9,"enemies":"Jaw Worm","floor":1,"turns":4},{"damage":3,"enemies":"Cultist","floor":2,"turns":4},{"damage":1,"enemies":"Small Slimes","floor":3,"turns":4},{"damage":8,"enemies":"Red Slaver","floor":4,"turns":4},{"damage":9,"enemies":"Blue Slaver","floor":5,"turns":4},{"damage":45,"enemies":"Lagavulin","floor":6,"turns":12},{"damage":2,"enemies":"Large Slime","floor":7,"turns":6},{"damage":40,"enemies":"3 Sentries","floor":10,"turns":13},{"damage":0,"enemies":"Looter","floor":11,"turns":3},{"damage":0,"enemies":"2 Fungi Beasts","floor":12,"turns":4},{"damage":3,"enemies":"Blue Slaver","floor":14,"turns":5},{"damage":21,"enemies":"The Guardian","floor":16,"turns":22},{"damage":9,"enemies":"Shell Parasite","floor":18,"turns":6},{"damage":10,"enemies":"3 Byrds","floor":19,"turns":7},{"damage":11,"enemies":"Centurion and Healer","floor":21,"turns":9},{"damage":13,"enemies":"Snake Plant","floor":22,"turns":7},{"damage":45,"enemies":"Slavers","floor":24,"turns":12},{"damage":11,"enemies":"Book of Stabbing","floor":27,"turns":7},{"damage":4,"enemies":"Shelled Parasite and Fungi","floor":31,"turns":6},{"damage":72,"enemies":"Champ","floor":33,"turns":16},{"damage":37,"enemies":"3 Darklings","floor":35,"turns":9},{"damage":9,"enemies":"3 Shapes","floor":37,"turns":9},{"damage":15,"enemies":"3 Darklings","floor":38,"turns":5},{"damage":24,"enemies":"4 Shapes","floor":39,"turns":7},{"damage":5,"enemies":"Nemesis","floor":41,"turns":7},{"damage":46,"enemies":"Sphere and 2 Shapes","floor":45,"turns":11},{"damage":45,"enemies":"Reptomancer","floor":47,"turns":10},{"damage":80,"enemies":"Time Eater","floor":50,"turns":12}],"seed_played":"4160547925064007909","potions_obtained":[{"floor":3,"key":"Dexterity Potion"},{"floor":6,"key":"BloodPotion"},{"floor":10,"key":"Block Potion"},{"floor":14,"key":"LiquidMemories"},{"floor":16,"key":"ElixirPotion"},{"floor":18,"key":"Swift Potion"},{"floor":31,"key":"Regen Potion"},{"floor":38,"key":"EntropicBrew"},{"floor":47,"key":"BloodPotion"}],"is_trial":false,"path_per_floor":["M","M","M","M","M","E","M","R","T","E","M","M","R","M","R","B",null,"M","M","$","M","M","R","E","R","T","E","R","?","R","M","R","B",null,"M","?","M","M","M","R","E","R","T","?","M","?","E","$","R","B",null],"character_chosen":"IRONCLAD","items_purchased":["CaptainsWheel","Pen Nib","Mummified Hand"],"campfire_rested":5,"item_purchase_floors":[20,20,48],"current_hp_per_floor":[85,88,88,86,83,58,62,62,62,28,34,40,40,43,73,58,91,88,84,84,79,72,72,33,33,33,48,93,93,93,95,95,29,84,53,53,50,41,23,68,69,102,102,102,62,49,25,25,70,16],"gold":85,"neow_bonus":"TEN_PERCENT_HP_BONUS","is_daily":false,"chose_seed":false,"campfire_upgraded":6,"win_rate":0.0,"timestamp":1610939816,"path_taken":["M","M","M","M","M","E","M","R","T","E","M","M","R","M","R","BOSS","M","M","$","M","M","R","E","R","T","E","R","?","R","M","R","BOSS","M","?","M","M","M","R","E","R","T","?","?","?","E","$","R","BOSS"],"items_purchased_type":["Relic","Relic","Relic"],"build_version":"2020-12-22","purchased_purges":1,"victory":true,"max_hp_per_floor":[88,88,88,88,88,102,102,102,102,102,102,102,102,102,102,102,102,102,102,102,102,102,102,102,102,102,102,102,102,102,102,102,102,102,102,102,102,102,102,102,102,102,102,102,102,102,102,102,102,102],"card_choices":[{"not_picked":["Pommel Strike","Warcry"],"picked":"Clothesline","floor":1},{"not_picked":["Headbutt","Anger"],"picked":"Sword Boomerang","floor":2},{"not_picked":["Thunderclap","Cleave"],"picked":"True Grit","floor":3},{"not_picked":["Anger","Seeing Red"],"picked":"Disarm","floor":4},{"not_picked":["Disarm","Havoc","Brutality"],"picked":"SKIP","floor":5},{"not_picked":["Seeing Red","Evolve"],"picked":"Iron Wave","floor":6},{"not_picked":["Reckless Charge","Entrench","Combust"],"picked":"SKIP","floor":7},{"not_picked":["Clothesline","Cleave","Wild Strike"],"picked":"SKIP","floor":10},{"not_picked":["Infernal Blade","Iron Wave","Reckless Charge"],"picked":"SKIP","floor":11},{"not_picked":["Dark Embrace","Rampage","Headbutt"],"picked":"SKIP","floor":12},{"not_picked":["Headbutt","Havoc"],"picked":"Dropkick","floor":14},{"not_picked":["Barricade","Brutality"],"picked":"Corruption","floor":16},{"not_picked":["Inflame","True Grit"],"picked":"Shockwave+1","floor":18},{"not_picked":["Body Slam+1","Cleave","Armaments"],"picked":"SKIP","floor":19},{"not_picked":["Cleave","Headbutt","Dual Wield"],"picked":"SKIP","floor":21},{"not_picked":["Immolate","Uppercut"],"picked":"Flame Barrier","floor":22},{"not_picked":["Second Wind","Body Slam","Sever Soul"],"picked":"SKIP","floor":24},{"not_picked":["Pommel Strike+1","Perfected Strike"],"picked":"Heavy Blade+1","floor":27},{"not_picked":["Seeing Red","Wild Strike"],"picked":"Shrug It Off","floor":31},{"not_picked":["Feed","Juggernaut"],"picked":"Exhume","floor":33},{"not_picked":["Wild Strike+1","Armaments"],"picked":"True Grit","floor":35},{"not_picked":["Clothesline","Body Slam","Battle Trance"],"picked":"SKIP","floor":37},{"not_picked":["Twin Strike+1","Bloodletting"],"picked":"Rage","floor":38},{"not_picked":["Sword Boomerang+1","Dual Wield"],"picked":"True Grit+1","floor":39},{"not_picked":["Pommel Strike","True Grit+1","Rage"],"picked":"SKIP","floor":41},{"not_picked":["Sword Boomerang+1","True Grit"],"picked":"Dropkick+1","floor":45},{"not_picked":["Clash+1","Havoc"],"picked":"Whirlwind+1","floor":47}],"player_experience":570280,"relics_obtained":[{"floor":6,"key":"Mango"},{"floor":9,"key":"Oddly Smooth Stone"},{"floor":10,"key":"Ice Cream"},{"floor":24,"key":"Bag of Preparation"},{"floor":26,"key":"Shuriken"},{"floor":27,"key":"Regal Pillow"},{"floor":41,"key":"Bottled Lightning"},{"floor":43,"key":"Happy Flower"},{"floor":47,"key":"StoneCalendar"}],"event_choices":[{"damage_healed":0,"gold_gain":0,"player_choice":"Upgraded","damage_taken":0,"max_hp_gain":0,"max_hp_loss":0,"event_name":"Upgrade Shrine","floor":29,"gold_loss":0,"cards_upgraded":["Sword Boomerang"]},{"damage_healed":0,"gold_gain":0,"player_choice":"Ignored","damage_taken":0,"max_hp_gain":0,"max_hp_loss":0,"event_name":"Tomb of Lord Red Mask","floor":36,"gold_loss":0},{"damage_healed":0,"gold_gain":0,"player_choice":"1 cards matched","damage_taken":0,"max_hp_gain":0,"max_hp_loss":0,"event_name":"Match and Keep!","floor":44,"gold_loss":0,"cards_obtained":["Bash"]},{"damage_healed":0,"gold_gain":0,"player_choice":"Embrace Madness","damage_taken":13,"max_hp_gain":0,"max_hp_loss":0,"event_name":"Winding Halls","floor":46,"gold_loss":0,"cards_obtained":["Madness","Madness"]}],"is_beta":false,"boss_relics":[{"not_picked":["Fusion Hammer","Empty Cage"],"picked":"Runic Pyramid"},{"not_picked":["Snecko Eye","Runic Dome"],"picked":"SlaversCollar"}],"items_purged_floors":[48],"is_endless":false,"potions_floor_spawned":[3,6,10,14,16,18,21,31,38,41,47],"ascension_level":5}}