{"host":"cv77zuuuekizn3ic","time":1610971063,"event":{"mods":["AchievementEnabler","BaseMod","Marisa£®ÏF”Í°°ƒß¿Ì…≥£©","Minty Spire (QoL Compilation)","StSLib"],"gold_per_floor":[129,129,144,159,174,204,204,249,249,199,49,64,64,79,79,179,179,194,194,209,59,59,89,104,134,159,189,189,214,229,4,4,119,119,134,184,184,184,184,184,199,49,49,49,64,79,124,139,139,139],"floor_reached":51,"language":"ZHS","playtime":1850,"items_purged":["Shame"],"score":877,"play_id":"f7be0809-5c9c-4d6b-b75c-3d280d087c3b","local_time":"20210118195743","daily_mods":["Draft","Green Cards","Lethality"],"is_ascension_mode":false,"campfire_choices":[{"data":"Acceleration","floor":7,"key":"SMITH"},{"data":"BlazeAway","floor":13,"key":"SMITH"},{"data":"OortCloud","floor":15,"key":"SMITH"},{"data":"MilkyWay","floor":28,"key":"SMITH"},{"data":"MilkyWay","floor":32,"key":"SMITH"},{"floor":40,"key":"DIG"},{"floor":44,"key":"DIG"},{"floor":49,"key":"DIG"}],"circlet_count":0,"master_deck":["ChargeUpSpray+1","ShootTheMoon","BlazeAway","WitchOfGreed","DarkMatter","DragonMeteor","Acceleration+1","ShootingEcho","OortCloud+1","BlazeAway+1","FairyDestructionRay+1","SporeBomb","GravityBeat","GrandCross","DeepEcoloBomb","SatelliteIllusion","Acceleration+1","PowerUp","MilkyWay+1","6A+1","Acceleration+1","MilkyWay+1","PulseMagic+1","GravityBeat+1","Panacea"],"relics":["MiniHakkero","Juzu Bracelet","Tiny Chest","Boot","DollysMirror","Runic Dome","Orrery","Torii","Omamori","Happy Flower","Unceasing Top","Lantern","ClockworkSouvenir","Coffee Dripper","Shovel","Meat on the Bone","PreservedInsect","Medical Kit","Pantograph","BreadOfAWashokuLover","ShroomBag","Whetstone"],"acts_visited":["Exordium","TheCity","TheBeyond"],"potions_floor_usage":[16,50,50,50,50,50,50],"damage_taken":[{"damage":0,"enemies":"Cultist","floor":1,"turns":2},{"damage":0,"enemies":"2 Louse","floor":3,"turns":1},{"damage":5,"enemies":"Small Slimes","floor":4,"turns":2},{"damage":0,"enemies":"Blue Slaver","floor":5,"turns":1},{"damage":0,"enemies":"Lagavulin","floor":6,"turns":3},{"damage":6,"enemies":"Gremlin Nob","floor":8,"turns":3},{"damage":11,"enemies":"Looter","floor":12,"turns":2},{"damage":10,"enemies":"3 Louse","floor":14,"turns":2},{"damage":0,"enemies":"Slime Boss","floor":16,"turns":3},{"damage":21,"enemies":"2 Thieves","floor":18,"turns":2},{"damage":18,"enemies":"Shell Parasite","floor":20,"turns":2},{"damage":0,"enemies":"Sentry and Sphere","floor":23,"turns":3},{"damage":0,"enemies":"Shelled Parasite and Fungi","floor":24,"turns":2},{"damage":1,"enemies":"Book of Stabbing","floor":25,"turns":3},{"damage":0,"enemies":"Slavers","floor":27,"turns":2},{"damage":0,"enemies":"Centurion and Healer","floor":30,"turns":2},{"damage":12,"enemies":"Champ","floor":33,"turns":3},{"damage":0,"enemies":"3 Shapes","floor":35,"turns":1},{"damage":0,"enemies":"Mind Bloom Boss Battle","floor":36,"turns":2},{"damage":7,"enemies":"3 Darklings","floor":41,"turns":2},{"damage":3,"enemies":"Sphere and 2 Shapes","floor":45,"turns":3},{"damage":0,"enemies":"Writhing Mass","floor":46,"turns":1},{"damage":0,"enemies":"Nemesis","floor":47,"turns":3},{"damage":0,"enemies":"3 Darklings","floor":48,"turns":2},{"damage":7,"enemies":"Awakened One","floor":50,"turns":4}],"seed_played":"-1283480827410872575","potions_obtained":[{"floor":1,"key":"Strength Potion"},{"floor":1,"key":"SmokeBomb"},{"floor":4,"key":"Fruit Juice"},{"floor":16,"key":"Weak Potion"},{"floor":23,"key":"PowerPotion"},{"floor":23,"key":"Swift Potion"},{"floor":24,"key":"StarNLove"},{"floor":33,"key":"EntropicBrew"}],"is_trial":false,"path_per_floor":["M","$","M","M","M","E","R","E","T","?","$","M","R","M","R","B",null,"M","?","M","$","?","M","M","E","T","E","R","T","M","$","R","B",null,"M","?","?","?","T","R","M","$","T","R","M","M","E","M","R","B",null],"character_chosen":"MARISA","items_purchased":["DollysMirror","Orrery","ClockworkSouvenir","Medical Kit"],"campfire_rested":0,"item_purchase_floors":[11,21,31,42],"current_hp_per_floor":[75,75,75,70,70,70,70,64,64,64,64,53,53,43,43,48,80,59,59,41,41,41,41,41,40,40,40,40,40,40,40,40,28,80,80,80,80,70,70,70,63,63,63,63,60,60,60,60,60,73],"gold":139,"neow_bonus":"","is_daily":true,"chose_seed":false,"campfire_upgraded":5,"win_rate":0.0,"timestamp":1610971063,"path_taken":["M","$","?","M","M","E","R","E","T","?","$","M","R","M","R","BOSS","M","?","M","$","?","M","M","E","T","E","R","?","M","$","R","BOSS","M","?","?","?","?","R","M","?","T","R","M","M","E","M","R","BOSS"],"items_purchased_type":["Relic","Relic","Relic","Relic"],"build_version":"2020-12-22","purchased_purges":1,"victory":true,"max_hp_per_floor":[75,75,75,75,75,75,75,75,75,75,75,75,75,75,75,80,80,80,80,80,80,80,80,80,80,80,80,80,80,80,80,80,80,80,80,80,80,80,80,80,80,80,80,80,80,80,80,80,80,80],"card_choices":[{"not_picked":["WitchLeyline","PulseMagic"],"picked":"ChargeUpSpray","floor":0},{"not_picked":["WitchOfGreed","EnergyFlow"],"picked":"ShootTheMoon","floor":0},{"not_picked":["GalacticHalo","AsteroidBelt"],"picked":"BlazeAway","floor":0},{"not_picked":["NonDirectionalLaser","WitchLeyline"],"picked":"WitchOfGreed","floor":0},{"not_picked":["LuminesStrike","WitchLeyline"],"picked":"DarkMatter","floor":0},{"not_picked":["SporeBomb","RefractionSpark"],"picked":"DragonMeteor","floor":0},{"not_picked":["AsteroidBelt","OneTimeOff"],"picked":"Acceleration","floor":0},{"not_picked":["IllusionStar","ShootingEcho"],"picked":"GrandCross","floor":0},{"not_picked":["DarkSpark","UnstableBomb"],"picked":"ShootingEcho","floor":0},{"not_picked":["DoubleSpark","LuminesStrike"],"picked":"OortCloud","floor":0},{"not_picked":["DC","GravityBeat"],"picked":"BlazeAway","floor":0},{"not_picked":["NonDirectionalLaser","GrandCross"],"picked":"FairyDestructionRay","floor":0},{"not_picked":["WitchOfGreed","IllusionStar"],"picked":"SporeBomb","floor":0},{"not_picked":["AsteroidBelt","WitchLeyline"],"picked":"GravityBeat","floor":0},{"not_picked":["DC","AlicesGift"],"picked":"GrandCross","floor":0},{"not_picked":["OrrerysSun","DeepEcoloBomb","DoubleSpark"],"picked":"SKIP","floor":1},{"not_picked":["OrrerysSun","DoubleSpark"],"picked":"DeepEcoloBomb","floor":1},{"not_picked":["ShootingEcho","GrandCross","DoubleSpark"],"picked":"SKIP","floor":3},{"not_picked":["WitchLeyline","GravityBeat","UnstableBomb"],"picked":"SKIP","floor":4},{"not_picked":["PowerUp","GrandCross","SporeBomb"],"picked":"SKIP","floor":5},{"not_picked":["DarkMatter","PowerUp"],"picked":"SatelliteIllusion","floor":6},{"not_picked":["ShootTheMoon","AsteroidBelt","DragonMeteor"],"picked":"SKIP","floor":8},{"not_picked":["MysteriousBeam","FairyDestructionRay"],"picked":"PowerUp","floor":12},{"not_picked":["GalacticHalo","DragonMeteor","DarkSpark"],"picked":"SKIP","floor":14},{"not_picked":["UnstableBomb","Robbery"],"picked":"MilkyWay","floor":18},{"not_picked":["PropBag","LuminesStrike+1"],"picked":"6A","floor":20},{"not_picked":["ChargeUpSpray","ShootingEcho"],"picked":"Acceleration+1","floor":21},{"not_picked":["EnergyFlow+1","NonDirectionalLaser"],"picked":"MilkyWay","floor":21},{"not_picked":["PowerUp","OortCloud"],"picked":"PulseMagic+1","floor":21},{"not_picked":["EnergyFlow","StarlightTyphoon","GalacticHalo"],"picked":"SKIP","floor":23},{"not_picked":["NonDirectionalLaser","GrandCross+1","6A+1"],"picked":"SKIP","floor":24},{"not_picked":["BinaryStars","ChargeUpSpray+1","NonDirectionalLaser"],"picked":"SKIP","floor":25},{"not_picked":["FairyDestructionRay+1","SuperPerseids","StarlightTyphoon+1"],"picked":"SKIP","floor":27},{"not_picked":["MilkyWay+1","Orbital+1","PowerUp"],"picked":"SKIP","floor":30},{"not_picked":["MilkyWay+1","GravityBeat+1","DC+1"],"picked":"SKIP","floor":35},{"not_picked":["MilkyWay+1","DC+1"],"picked":"GravityBeat+1","floor":35},{"not_picked":["HandOfGreed","PanicButton"],"picked":"Panacea","floor":38},{"not_picked":["StarlightTyphoon+1","IllusionStar","PowerUp"],"picked":"SKIP","floor":41},{"not_picked":["WitchOfGreed+1","PowerUp","GravityBeat+1"],"picked":"SKIP","floor":45},{"not_picked":["SuperPerseids+1","AsteroidBelt","WitchOfGreed"],"picked":"SKIP","floor":46},{"not_picked":["GravityBeat","StarlightTyphoon","EnergyFlow"],"picked":"SKIP","floor":47},{"not_picked":["SporeBomb","DC","Occultation+1"],"picked":"SKIP","floor":48}],"player_experience":953263,"relics_obtained":[{"floor":6,"key":"Juzu Bracelet"},{"floor":8,"key":"Tiny Chest"},{"floor":9,"key":"Boot"},{"floor":25,"key":"Omamori"},{"floor":26,"key":"Happy Flower"},{"floor":27,"key":"Unceasing Top"},{"floor":29,"key":"Lantern"},{"floor":36,"key":"Shovel"},{"floor":39,"key":"Meat on the Bone"},{"floor":40,"key":"PreservedInsect"},{"floor":43,"key":"Pantograph"},{"floor":44,"key":"BreadOfAWashokuLover"},{"floor":47,"key":"ShroomBag"},{"floor":49,"key":"Whetstone"}],"event_choices":[{"cards_removed":["GrandCross"],"damage_healed":0,"gold_gain":0,"player_choice":"Card Removal","damage_taken":0,"max_hp_gain":0,"max_hp_loss":0,"event_name":"The Cleric","floor":10,"gold_loss":50},{"damage_healed":0,"gold_gain":0,"player_choice":"Ignored","damage_taken":0,"max_hp_gain":0,"max_hp_loss":0,"event_name":"Vampires","floor":19,"gold_loss":0},{"damage_healed":0,"gold_gain":0,"player_choice":"Stole Relic","damage_taken":0,"relics_obtained":["Torii"],"max_hp_gain":0,"max_hp_loss":0,"event_name":"Addict","floor":22,"gold_loss":0,"cards_obtained":["Shame"]},{"damage_healed":0,"gold_gain":0,"player_choice":"Fight","damage_taken":0,"max_hp_gain":0,"max_hp_loss":0,"event_name":"MindBloom","floor":36,"gold_loss":0},{"damage_healed":0,"gold_gain":0,"player_choice":"Upgraded","damage_taken":0,"max_hp_gain":0,"max_hp_loss":0,"event_name":"Upgrade Shrine","floor":37,"gold_loss":0,"cards_upgraded":["FairyDestructionRay"]},{"damage_healed":0,"gold_gain":0,"player_choice":"Memory 3","damage_taken":10,"max_hp_gain":0,"max_hp_loss":0,"event_name":"SensoryStone","floor":38,"gold_loss":0}],"is_beta":false,"boss_relics":[{"not_picked":["Sozu","BewitchedHakkero"],"picked":"Runic Dome"},{"not_picked":["Astrolabe","Velvet Choker"],"picked":"Coffee Dripper"}],"items_purged_floors":[31],"is_endless":false,"potions_floor_spawned":[1,4,14,16,23,24,30,35,41],"ascension_level":0}}