{"host":"55frs1flqhuyvvn7","time":1610995687,"event":{"mods":["Act Like it!","Aspiration","BaseMod","BetterRewards","Colored Map","Colored Powertips","DeckTracker","Downfall","Hallownest","Hermit","Highlight Path","Hubris","Infinite Spire","Jorbs\u0027s Wanderer Trilogy","Marisa????????","Minty Spire (QoL Compilation)","Quick Restart","Random Character Button","Rare Cards Sparkle","Relic Sorter","StSLib","Synergy Search","The Bug Knight","The Construct","The Cursed","The Disciple","The Hierophant","The Jungle","The Necromancer","The Runesmith","The Servant 0.9.4"],"gold_per_floor":[118,132,132,18,29,59,77,77,77,89,111,123,135,175,187,302,314,340,370,400,431,9,9,40,40,94,94,94,113,126,144,144,144,144],"floor_reached":33,"language":"ENG","playtime":2372,"items_purged":["Defend_W"],"score":404,"play_id":"a91c1f9f-07c1-44ee-b1dd-ae89fc69f9fd","local_time":"20210118194807","is_ascension_mode":false,"campfire_choices":[{"data":"Pandemic","floor":8,"key":"SMITH"},{"data":"Summon_Vampire_Lady","floor":10,"key":"SMITH"},{"data":"Shackles_Of_Pain","floor":12,"key":"SMITH"},{"data":"Consume_Illness","floor":15,"key":"SMITH"},{"data":"Pandemic","floor":23,"key":"SMITH"},{"data":"Uncharnel","floor":25,"key":"SMITH"},{"floor":27,"key":"REST"},{"floor":32,"key":"REST"}],"circlet_count":0,"master_deck":["Strike_W","Strike_W","Strike_W","Strike_W","Defend_W","Defend_W","Defend_W","Negative_Energy_Arrows","Bone_Wall","Death_March_Dance","Life_Drain","Summon_Undead","Summon_Lich","Negative_Energy_Shield","Shackles_Of_Pain+1","Summon_Vampire_Lady+1","Consume_Illness+1","hubris:Insight","Summon_Lich","Stop_Heart","Pandemic+1","Blood_Shield","Vampiric_Strike","Hellfire","Finger_Of_Death","Negative_Energy_Mist+1","Negative_Energy_Shield+1","Uncharnel+1","Pandemic+1","Blood_for_Blood+1","Parasite","TheCursedMod:Dregs","Decay","hubris:Sloth","hubris:Sloth","Cloudkill","downfall:Bewildered","Life_Tap","Negative_Energy_Sphere+1","Flesh_Made_Foul","Acid_Javelin","Grasp_Heart","Bone_Armory+1"],"relics":["Vampire_Amulet","InkBottle","MawBank","Boot","hubris:ScarierMask","Prayer Wheel","Frozen Egg 2","infinitespire:Lucky Rock","Cursed Key"],"acts_visited":["Exordium","TheCity"],"potions_floor_usage":[11,14],"damage_taken":[{"damage":1,"enemies":"Jaw Worm","floor":1,"turns":5},{"damage":0,"enemies":"2 Louse","floor":2,"turns":3},{"damage":2,"enemies":"Cultist","floor":5,"turns":4},{"damage":30,"enemies":"Gremlin Nob","floor":6,"turns":5},{"damage":14,"enemies":"2 Fungi Beasts","floor":7,"turns":4},{"damage":16,"enemies":"Exordium Thugs","floor":11,"turns":5},{"damage":22,"enemies":"3 Sentries","floor":14,"turns":6},{"damage":37,"enemies":"Hexaghost","floor":16,"turns":10},{"damage":12,"enemies":"3 Byrds","floor":18,"turns":4},{"damage":27,"enemies":"Spheric Guardian","floor":19,"turns":5},{"damage":19,"enemies":"Snecko","floor":20,"turns":4},{"damage":32,"enemies":"Centurion and Healer","floor":21,"turns":4},{"damage":24,"enemies":"Slavers","floor":24,"turns":5},{"damage":44,"enemies":"Chosen and Byrds","floor":29,"turns":6},{"damage":5,"enemies":"Cultist and Chosen","floor":30,"turns":4},{"damage":29,"enemies":"Centurion and Healer","floor":31,"turns":6},{"damage":125,"enemies":"Champ","floor":33,"turns":9}],"seed_played":"9132713289067069904","potions_obtained":[{"floor":1,"key":"SmokeBomb"},{"floor":5,"key":"FairyPotion"},{"floor":6,"key":"hexamod:SoulburnPotion"},{"floor":11,"key":"Regen Potion"},{"floor":20,"key":"construct:ShiftPotion"},{"floor":24,"key":"SmokeBomb"}],"is_trial":false,"path_per_floor":["M","M","?","$","M","E","M","R","T","R","M","R","?","E","R","B",null,"M","M","M","M","$","R","E","R","T","R","?","M","M","M","R","B"],"character_chosen":"NECROMANCER","items_purchased":["Death_March_Dance","Life_Drain","Summon_Undead","Summon_Lich","Consume_Illness","hubris:Insight","Prayer Wheel","Pandemic"],"campfire_rested":2,"item_purchase_floors":[0,0,0,0,4,4,22,22],"current_hp_per_floor":[75,75,75,75,75,50,52,52,52,52,49,49,54,65,65,59,80,80,73,68,58,58,58,41,41,41,65,70,46,61,34,59,0,0],"gold":144,"neow_bonus":"","is_daily":false,"chose_seed":false,"campfire_upgraded":6,"win_rate":0.0,"timestamp":1610995687,"path_taken":["M","M","?","$","M","E","M","R","T","R","M","R","?","E","R","BOSS","M","M","M","M","$","R","E","R","T","R","?","M","M","M","R","BOSS"],"items_purchased_type":["Card","Card","Card","Card","Card","Card","Relic","Card"],"build_version":"2020-12-22","purchased_purges":1,"victory":false,"max_hp_per_floor":[75,75,75,75,75,75,75,75,75,75,75,75,80,80,80,80,80,80,80,80,80,80,80,80,80,80,80,85,85,85,85,85,85,85],"card_choices":[{"not_picked":["Exploit","Consume_Illness"],"picked":"Negative_Energy_Shield","floor":1},{"not_picked":["Negative_Energy_Javelin","Blood_Curse"],"picked":"Shackles_Of_Pain","floor":2},{"not_picked":["Negative_Energy_Shield","Negative_Energy_Sphere"],"picked":"Summon_Lich","floor":5},{"not_picked":["Death_Coil","Death_March_Dance"],"picked":"Stop_Heart","floor":6},{"not_picked":["Violent_Necrosis","Bone_Armor"],"picked":"Pandemic","floor":7},{"not_picked":["Death_Coil","Whirlwind_of_Bones"],"picked":"Blood_Shield","floor":11},{"not_picked":["Spectral_Armor","Bones_to_Steel"],"picked":"Vampiric_Strike","floor":14},{"not_picked":["Detonate_Bones","Reap_The_Weak"],"picked":"Hellfire","floor":16},{"not_picked":["Bones_to_Steel","Death_Coil"],"picked":"Finger_Of_Death","floor":18},{"not_picked":["Detonate_Bones","Negative_Energy_Shield"],"picked":"Negative_Energy_Mist+1","floor":19},{"not_picked":["Bone_Spikes","Epidemic"],"picked":"Negative_Energy_Shield+1","floor":20},{"not_picked":["Blood_Curse","Bone_Bullets"],"picked":"Uncharnel","floor":21},{"not_picked":["Flesh_Made_Foul","Life_Tap"],"picked":"Blood_for_Blood+1","floor":24},{"not_picked":["Bone_Armor","Toxic_Smoke_Screen"],"picked":"Life_Tap","floor":29},{"not_picked":["Blood_Whip","Bone_Spikes"],"picked":"Negative_Energy_Sphere+1","floor":29},{"not_picked":["Bone_Armor","Summon_Undead"],"picked":"Flesh_Made_Foul","floor":30},{"not_picked":["Summon_Undead","Chill_Blood"],"picked":"Acid_Javelin","floor":30},{"not_picked":["Bone_Armor","Negative_Energy_Shield"],"picked":"Grasp_Heart","floor":31},{"not_picked":["Death_Coil+1","Bones_to_Steel+1"],"picked":"Bone_Armory+1","floor":31}],"player_experience":94494,"relics_obtained":[{"floor":6,"key":"InkBottle"},{"floor":9,"key":"MawBank"},{"floor":14,"key":"Boot"},{"floor":24,"key":"Frozen Egg 2"},{"floor":26,"key":"infinitespire:Lucky Rock"}],"event_choices":[{"damage_healed":0,"gold_gain":0,"player_choice":"Donut","damage_taken":0,"max_hp_gain":5,"max_hp_loss":0,"event_name":"Big Fish","floor":13,"gold_loss":0}],"is_beta":false,"boss_relics":[{"not_picked":["Empty Cage","construct:WeddingRing"],"picked":"hubris:ScarierMask"}],"items_purged_floors":[22],"is_endless":false,"potions_floor_spawned":[1,5,6,11,20,24],"killed_by":"Champ","ascension_level":0}}