{"host":"s6t38s6k4widkzbu","time":1610954731,"event":{"mods":["100% Spire Juice","ATMod(°¢èªMod)","Act Like it!","Arknights The Spire","Aspiration","BaseMod","CapriCore","Conspire","Downfall","Energized Spire","Gensokyo","Googly Eyes","Hermit","Highlight Path","Hunter ÁÔÈË","KinomotoSakuraMod(Ä¾Ö®±¾Ó£)","KomeijiMod","Lobotomy","LobotomyExtend","Marisa£¨ìFÓê¡¡Ä§ÀíÉ³£©","Minty Spire (QoL Compilation)","MostiFishMod","Permanent Neow","Prisma Mod","Quick Restart","READ ME - Guardian Mod","Reimu£¨²©ÀöÁéÃÎ£©","Relic Stats","Remilia£¨ÀÙÃ×ÀòÑÇ£©","Robot Space Explorer","RumiaBox-Â¶Ã×æ«µÄÉñÃØºÐ×Ó","Spicy Shops","StSLib","The Alterego","The Animator","The Blackbeard","The Bladedancer","The Bug Knight","The Cursed","The Dragon Tamer","The Gatherer","The Immortal","The Jungle","The Marked","The Mystic","The Runesmith","The Servant 0.9.4","WarShipGirlsR/Õ½½¢ÉÙÅ®R mod","Yakumo Yukari mod","Youmu£¨»êÆÇÑýÃÎ£©","Yuyuko","¡¾ÒÅÎï¿¨ÅÆ¡¿REMEMod","óô»ðÖ¸ÄÏ"],"gold_per_floor":[115,130,143,123,196,231,231,260,260,260,274,204,204,65,65,140,140,139,139,139,139,153,169,180,180,205,221,248,248,4,21,21,155,155,168,185,9,9,9,9,35,304,375,447,447,830,830,865,356,366],"floor_reached":51,"language":"ZHS","playtime":3600,"items_purged":[],"score":932,"play_id":"665f9bca-f0dc-4798-8f00-dce5cff86d10","local_time":"20210118152530","is_ascension_mode":false,"campfire_choices":[{"data":"PrismaMod:MiyuOrbIncreasePerm","floor":7,"key":"SMITH"},{"data":"PrismaMod:MiyuCheapChannelAttack","floor":15,"key":"SMITH"},{"data":"PrismaMod:MiyuUncommonDexBuff","floor":25,"key":"SMITH"},{"data":"PrismaMod:MiyuUncommonPlate","floor":32,"key":"SMITH"},{"data":"PrismaMod:MiyuDefendChannelDefend","floor":40,"key":"SMITH"},{"data":"TheCursedMod:NeowsMight","floor":45,"key":"SMITH"}],"circlet_count":0,"master_deck":["PrismaMod:MiyuCheapChannelAttack+1","TheCursedMod:NeowsMight+1","AT_DrawKnifeCut","PrismaMod:MiyuCheapAttack1","PrismaMod:MiyuOrbIncreasePerm+1","PrismaMod:MiyuMaid","PrismaMod:MiyuCheapAttack2","PrismaMod:MiyuAttackChannelAttack+1","PrismaMod:MiyuDefendChannelDefend+1","PrismaMod:MiyuBride","PrismaMod:MiyuCarnivalDefend","PrismaMod:MiyuCheapDefend2","PrismaMod:MiyuEvokeAllAttack","PrismaMod:MiyuBride","PrismaMod:MiyuCheapDefend2","PrismaMod:MiyuUberDefend","PrismaMod:MiyuEvokeAllDefend","PrismaMod:MiyuEvokeAllDefend","PrismaMod:MiyuEvokeAllAttack","PrismaMod:MiyuUncommonPlate+1","PrismaMod:MiyuCheapChannelRandom+1","PrismaMod:MiyuUncommonStrBuff","PrismaMod:MiyuChannelAttackEvoke+1","PrismaMod:MiyuCarnivalDefend","PrismaMod:MiyuCheapDefend1+1","PrismaMod:MiyuUncommonDexBuff+1","PrismaMod:MiyuDefendChannelDefend+1","PrismaMod:MiyuUncommonAOEAttack+1","PrismaMod:MiyuEvokeCheapAttack+1","PrismaMod:MiyuCheapChannelVul+1","PrismaMod:MiyuEvokeBuffStr+1","PrismaMod:MiyuCheapPlate+1","PrismaMod:MiyuDefenseAbsorbMinor+1","PrismaMod:MiyuChristmas","PrismaMod:MiyuCheapDexBuff+1","PrismaMod:MiyuCheapChannelAttack+1","PrismaMod:MiyuCheapDefend1+1","PrismaMod:MiyuCheapEvoke+1","PrismaMod:MiyuUncommonStrBuff","PrismaMod:MiyuCheapPlate"],"relics":["PrismaMod:PrismaSapphire","DaveBox","REME_ComplimentaryCards","AT_ATBox","Civilization","NeowsBlessing","SynthV:TestCard","LetterFromLob","SumBook","Sundial","AntiCross","Strawberry","Busted Crown","REME_HandOfSuture","Whetstone","AT_LudenTempest","Matryoshka","BrkXgEgg","conspire:SlowCooker","ChiLing","Chi","Ling","REME_HourglassOfDeath","Orichalcum","REME_ArchaeologicalTools","ChaoDraw","Technique","Lantern","Ice Cream"],"acts_visited":["Exordium","Gensokyo:Gensokyo","Gensokyo:Gensokyoer"],"potions_floor_usage":[16,33,37,48],"damage_taken":[{"damage":0,"enemies":"Gensokyo:Gryphon","floor":1,"turns":1},{"damage":0,"enemies":"Gensokyo:3_Fairies","floor":2,"turns":2},{"damage":0,"enemies":"Gensokyo:Python","floor":3,"turns":1},{"damage":0,"enemies":"Gensokyo:Aya","floor":6,"turns":4},{"damage":0,"enemies":"Gensokyo:Cirno","floor":8,"turns":5},{"damage":5,"enemies":"Gensokyo:VengefulSpirit","floor":11,"turns":4},{"damage":19,"enemies":"Gensokyo:Reimu","floor":16,"turns":7},{"damage":20,"enemies":"Gensokyo:3_Dogs","floor":18,"turns":3},{"damage":0,"enemies":"Gensokyo:AngelMirror","floor":22,"turns":2},{"damage":0,"enemies":"Gensokyo:3_Gloops","floor":23,"turns":4},{"damage":5,"enemies":"Gensokyo:Wraith","floor":24,"turns":3},{"damage":0,"enemies":"Gensokyo:Mirror_and_Dog","floor":27,"turns":2},{"damage":8,"enemies":"Gensokyo:Reisen","floor":28,"turns":3},{"damage":0,"enemies":"Gensokyo:Monolith_and_Dog","floor":31,"turns":3},{"damage":5,"enemies":"Gensokyo:Eiki","floor":33,"turns":4},{"damage":0,"enemies":"Gensokyo:3_Bats","floor":35,"turns":1},{"damage":0,"enemies":"Gensokyo:AncientGuardian","floor":36,"turns":2},{"damage":35,"enemies":"Gensokyo:Marisa","floor":41,"turns":4},{"damage":1,"enemies":"Gensokyo:3_Boulders","floor":42,"turns":2},{"damage":0,"enemies":"Gensokyo:AtlasGolem","floor":44,"turns":2},{"damage":11,"enemies":"Gensokyo:Rafflesia","floor":46,"turns":3},{"damage":2,"enemies":"Gensokyo:Dusk_and_Dawn","floor":48,"turns":2},{"damage":11,"enemies":"Gensokyo:Yuyuko","floor":50,"turns":3}],"seed_played":"-25345958974887548","potions_obtained":[{"floor":2,"key":"CalmPotion"},{"floor":11,"key":"SteroidPotion"},{"floor":18,"key":"Guardian:BlockOnCardUsePotion"},{"floor":24,"key":"champ:CounterPotion"},{"floor":33,"key":"Fire Potion"},{"floor":36,"key":"REME_GoldPotion"},{"floor":41,"key":"GamblersBrew"},{"floor":46,"key":"Regen Potion"}],"is_trial":false,"path_per_floor":["M","M","M","?","T","E","R","E","T","?","M","?","?","COS","R","B",null,"M","?","?","?","M","M","M","R","T","M","E","T","COS","M","R","B",null,"M","M","COS","?","?","R","E","M","T","M","R","M","?","M","R","B",null],"character_chosen":"MIYU","items_purchased":["Technique","Lantern","Ice Cream","PrismaMod:MiyuCheapPlate","LiquidBronze"],"campfire_rested":0,"item_purchase_floors":[49,49,49,49,49],"current_hp_per_floor":[76,77,79,79,79,82,82,85,85,82,81,81,96,96,96,82,101,86,86,98,106,111,116,116,116,116,121,118,118,118,123,123,123,141,146,151,151,151,151,151,121,125,125,130,130,124,124,127,127,127],"gold":366,"neow_bonus":"THREE_ENEMY_KILL","is_daily":false,"chose_seed":false,"campfire_upgraded":6,"win_rate":0.0,"timestamp":1610954730,"path_taken":["M","M","?","?","?","E","R","E","T","?","M","?","?","COS","R","BOSS","M","?","?","?","?","M","M","R","T","M","E","?","COS","M","R","BOSS","M","M","COS","?","?","R","E","M","T","?","R","M","?","M","R","BOSS"],"items_purchased_type":["Relic","Card","Relic","Card","Potion"],"build_version":"2020-12-22","purchased_purges":0,"victory":true,"max_hp_per_floor":[76,77,79,79,79,82,82,85,85,92,96,96,96,96,96,101,101,106,106,106,106,111,116,121,121,121,126,131,131,131,136,136,141,141,146,151,151,151,151,151,156,161,161,166,166,171,171,176,176,181],"relic_stats":{"Busted Crown":32,"counters":[23,67],"Sundial":[0],"Whetstone":["PrismaMod:MiyuAttackChannelAttack","PrismaMod:MiyuUncommonAOEAttack"],"Orichalcum":[0],"obtain_stats":[{"Ice Cream":49,"Lantern":49,"AT_ATBox":0,"DaveBox":0,"PrismaMod:PrismaSapphire":0,"Chi":37,"Whetstone":26,"Civilization":0,"Matryoshka":29,"Sundial":8,"Strawberry":10,"AntiCross":9,"REME_ArchaeologicalTools":43,"SumBook":6,"NeowsBlessing":0,"BrkXgEgg":30,"conspire:SlowCooker":34,"Orichalcum":43,"ChaoDraw":44,"AT_LudenTempest":28,"Ling":37,"SynthV:TestCard":1,"Busted Crown":17,"REME_HourglassOfDeath":41,"REME_HandOfSuture":24,"LetterFromLob":1,"Technique":49,"REME_ComplimentaryCards":0,"ChiLing":37},{"Ice Cream":22,"Lantern":22,"AT_ATBox":0,"DaveBox":0,"PrismaMod:PrismaSapphire":0,"Chi":17,"Whetstone":11,"Civilization":0,"Matryoshka":13,"Sundial":5,"Strawberry":5,"AntiCross":5,"REME_ArchaeologicalTools":19,"SumBook":4,"NeowsBlessing":0,"BrkXgEgg":13,"conspire:SlowCooker":15,"Orichalcum":19,"ChaoDraw":20,"AT_LudenTempest":13,"Ling":17,"SynthV:TestCard":1,"Busted Crown":7,"REME_HourglassOfDeath":18,"REME_HandOfSuture":11,"LetterFromLob":1,"Technique":22,"REME_ComplimentaryCards":0,"ChiLing":17},{"Ice Cream":64,"Lantern":64,"AT_ATBox":0,"DaveBox":0,"PrismaMod:PrismaSapphire":0,"Chi":51,"Whetstone":36,"Civilization":0,"Matryoshka":41,"Sundial":13,"Strawberry":13,"AntiCross":13,"REME_ArchaeologicalTools":57,"SumBook":8,"NeowsBlessing":0,"BrkXgEgg":41,"conspire:SlowCooker":48,"Orichalcum":57,"ChaoDraw":59,"AT_LudenTempest":41,"Ling":51,"SynthV:TestCard":1,"Busted Crown":24,"REME_HourglassOfDeath":55,"REME_HandOfSuture":35,"LetterFromLob":1,"Technique":64,"REME_ComplimentaryCards":0,"ChiLing":51}]},"card_choices":[{"not_picked":["PrismaMod:MiyuDefenseExplosion","PrismaMod:MiyuCheapEvoke"],"picked":"PrismaMod:MiyuCheapAttack1","floor":1},{"not_picked":["PrismaMod:MiyuCheapAttack2","PrismaMod:MiyuCheapChannelWeak","PrismaMod:MiyuCheapStrBuff","PrismaMod:MiyuEvokeCheapAttack"],"picked":"PrismaMod:MiyuOrbIncreasePerm","floor":2},{"not_picked":["PrismaMod:MiyuDevil","PrismaMod:MiyuChristmas","PrismaMod:MiyuEvokeBuffStr","PrismaMod:MiyuEvokeCheapAttack"],"picked":"PrismaMod:MiyuMaid","floor":3},{"not_picked":[],"picked":"PrismaMod:MiyuCheapAttack2","floor":4},{"not_picked":[],"picked":"PrismaMod:MiyuAttackChannelAttack","floor":4},{"not_picked":[],"picked":"PrismaMod:MiyuDefendChannelDefend","floor":4},{"not_picked":["PrismaMod:MiyuDefenseAbsorbMinor","PrismaMod:MiyuEvokeAll","PrismaMod:MiyuCheapStrBuff","PrismaMod:MiyuAttackChannelAttack"],"picked":"PrismaMod:MiyuUncommonPlate","floor":6},{"not_picked":["PrismaMod:MiyuEvokeCheapDefend","PrismaMod:MiyuCommonAOEAttack","PrismaMod:MiyuEvokeBuffDex","PrismaMod:MiyuCheapChannelDefend"],"picked":"PrismaMod:MiyuCheapChannelRandom","floor":8},{"not_picked":["PrismaMod:MiyuCheapChannelHeal","PrismaMod:MiyuCommonAOEAttack","PrismaMod:MiyuCheapChannelAttack","PrismaMod:MiyuUberAttack"],"picked":"PrismaMod:MiyuUncommonStrBuff","floor":11},{"not_picked":["PrismaMod:MiyuEvokeAllDefend+1","PrismaMod:MiyuDefenseAbsorbMinor+1","PrismaMod:MiyuBride+1","PrismaMod:MiyuChannelDefendEvoke+1"],"picked":"PrismaMod:MiyuChannelAttackEvoke+1","floor":16},{"not_picked":["PrismaMod:MiyuEvokeAllDefend","PrismaMod:MiyuEvokeAllAttack","PrismaMod:MiyuDefendChannelDefend","PrismaMod:MiyuUberDefend"],"picked":"PrismaMod:MiyuCarnivalDefend","floor":16},{"not_picked":["PrismaMod:MiyuCommonAOEAttack","PrismaMod:MiyuEvokeBuffStr"],"picked":"PrismaMod:MiyuCheapDefend1","floor":18},{"not_picked":["PrismaMod:MiyuCheapAttack1","PrismaMod:MiyuUncommonDefend"],"picked":"PrismaMod:MiyuUncommonDexBuff","floor":22},{"not_picked":["PrismaMod:MiyuDefenseAbsorbMinor","PrismaMod:MiyuEvokeAllAttack"],"picked":"PrismaMod:MiyuDefendChannelDefend","floor":23},{"not_picked":["PrismaMod:MiyuUberAttack","PrismaMod:MiyuCheapAttack1+1"],"picked":"PrismaMod:MiyuUncommonAOEAttack","floor":23},{"not_picked":["PrismaMod:MiyuOrbIncreasePerm","PrismaMod:MiyuMaid"],"picked":"PrismaMod:MiyuEvokeCheapAttack+1","floor":24},{"not_picked":["PrismaMod:MiyuMaid+1","PrismaMod:MiyuCommonAOEAttack"],"picked":"PrismaMod:MiyuCheapChannelVul","floor":27},{"not_picked":["PrismaMod:MiyuUncommonPlate","PrismaMod:MiyuUncommonDexBuff"],"picked":"PrismaMod:MiyuEvokeBuffStr+1","floor":28},{"not_picked":["PrismaMod:MiyuDefenseExplosion","PrismaMod:MiyuDefenseRemoval"],"picked":"PrismaMod:MiyuCheapPlate+1","floor":31},{"not_picked":["PrismaMod:MiyuEvokeAllAttack+1","PrismaMod:MiyuBride+1"],"picked":"PrismaMod:MiyuDefenseAbsorbMinor+1","floor":33},{"not_picked":["PrismaMod:MiyuDefenseExplosion","PrismaMod:MiyuCheapStrBuff"],"picked":"PrismaMod:MiyuChristmas","floor":35},{"not_picked":["PrismaMod:MiyuCheapDefend1+1","PrismaMod:MiyuCheapEvoke+1"],"picked":"PrismaMod:MiyuCheapDexBuff+1","floor":36},{"not_picked":["PrismaMod:MiyuCheapAttack1","PrismaMod:MiyuCarnivalAttack","PrismaMod:MiyuMaid"],"picked":"SKIP","floor":41},{"not_picked":["PrismaMod:MiyuDefenseAbsorbMinor+1","PrismaMod:MiyuCheapDexBuff+1"],"picked":"PrismaMod:MiyuCheapChannelAttack+1","floor":42},{"not_picked":["PrismaMod:MiyuCommonAOEAttack+1","PrismaMod:MiyuUberAOEAttack"],"picked":"PrismaMod:MiyuCheapDefend1+1","floor":44},{"not_picked":["PrismaMod:MiyuCheapAttack2","PrismaMod:MiyuCheapChannelAttack"],"picked":"PrismaMod:MiyuCheapEvoke+1","floor":46},{"not_picked":["PrismaMod:MiyuCheapAttack1","PrismaMod:MiyuDefenseExplosion+1"],"picked":"PrismaMod:MiyuUncommonStrBuff","floor":48}],"player_experience":489272,"relics_obtained":[{"floor":1,"key":"SynthV:TestCard"},{"floor":1,"key":"LetterFromLob"},{"floor":6,"key":"SumBook"},{"floor":8,"key":"Sundial"},{"floor":9,"key":"AntiCross"},{"floor":26,"key":"Whetstone"},{"floor":28,"key":"AT_LudenTempest"},{"floor":29,"key":"Matryoshka"},{"floor":41,"key":"REME_HourglassOfDeath"},{"floor":43,"key":"Orichalcum"},{"floor":43,"key":"REME_ArchaeologicalTools"}],"event_choices":[],"is_beta":false,"boss_relics":[{"not_picked":["conspire:SeveredTorchhead","AddBug"],"picked":"Busted Crown"},{"not_picked":["Sozu","FixedStarFall"],"picked":"conspire:SlowCooker"}],"items_purged_floors":[],"is_endless":false,"potions_floor_spawned":[2,11,18,24,27,33,36,41,42,46],"ascension_level":0}}