{"host":"9jj9tzo2iym4bpat","time":1610932394,"event":{"mods":["Act Like it!","BaseMod","CapriCore","Colored Map","Dark Map","Luminous","Minty Spire (QoL Compilation)","Permanent Neow","StSLib","Td1madao Mod","The Animator","The Immortal","The Marked","The Servant 0.9.4","Yakumo Yukari mod"],"gold_per_floor":[116,116,116,67,80,118,137,163,163,15,50,66,66,81,81,201,201,215,240,155,173,94,94,118,93,93,93,93,93,93,93],"floor_reached":30,"language":"ENG","playtime":873,"items_purged":["Injury"],"score":302,"play_id":"ba32d2b7-74ba-4d61-bb50-c9373cf171fa","local_time":"20210117191314","is_ascension_mode":true,"campfire_choices":[{"data":"Poisoned Stab","floor":13,"key":"SMITH"},{"floor":15,"key":"REST"},{"floor":23,"key":"REST"},{"floor":28,"key":"REST"}],"circlet_count":0,"master_deck":["Strike_G","Strike_G","Strike_G","Strike_G","Strike_G","Defend_G","Defend_G","Defend_G","Defend_G","Defend_G","Survivor","Neutralize","Slice","Outmaneuver","Catalyst","Deadly Poison","Poisoned Stab+1","Footwork","Blade Dance","Bullet Time","A Thousand Cuts","Backstab","Blade Dance","Accuracy","Cloak And Dagger+1","Deflect","Normality"],"relics":["Ring of the Snake","NeowsBlessing","Golden Idol","Centennial Puzzle","Ancient Tea Set","MawBank","Oddly Smooth Stone","Cursed Key","Snake Skull","Frozen Egg 2","Nilry\u0027s Codex","InkBottle"],"acts_visited":["Exordium","TheCity"],"potions_floor_usage":[16,16,16,24,30,30],"damage_taken":[{"damage":0,"enemies":"2 Louse","floor":1,"turns":1},{"damage":0,"enemies":"Small Slimes","floor":5,"turns":1},{"damage":0,"enemies":"3 Sentries","floor":6,"turns":2},{"damage":4,"enemies":"Jaw Worm","floor":7,"turns":3},{"damage":14,"enemies":"Lagavulin","floor":11,"turns":6},{"damage":2,"enemies":"Blue Slaver","floor":12,"turns":4},{"damage":0,"enemies":"2 Fungi Beasts","floor":14,"turns":3},{"damage":29,"enemies":"The Guardian","floor":16,"turns":9},{"damage":11,"enemies":"Shell Parasite","floor":18,"turns":4},{"damage":22,"enemies":"2 Thieves","floor":19,"turns":4},{"damage":39,"enemies":"Cultist and Chosen","floor":21,"turns":7},{"damage":4,"enemies":"3 Cultists","floor":24,"turns":4},{"damage":28,"enemies":"Snecko","floor":30,"turns":5}],"seed_played":"-8035741948000915772","potions_obtained":[{"floor":6,"key":"AttackPotion"},{"floor":12,"key":"SkillPotion"},{"floor":14,"key":"Poison Potion"},{"floor":16,"key":"Fire Potion"},{"floor":19,"key":"Dexterity Potion"},{"floor":21,"key":"Swift Potion"}],"is_trial":false,"path_per_floor":["M","?","?","$","M","E","M","T","T","$","E","M","R","M","R","B",null,"M","M","?","M","$","R","M","$","T","?","R","?","M"],"character_chosen":"THE_SILENT","items_purchased":["Outmaneuver","Poisoned Stab","Footwork","Accuracy","Deflect"],"campfire_rested":3,"item_purchase_floors":[4,10,10,22,25],"current_hp_per_floor":[70,75,75,75,75,75,71,71,71,71,57,55,55,55,75,46,75,64,42,42,3,3,25,21,21,21,5,27,27,0,0],"gold":93,"neow_bonus":"THREE_ENEMY_KILL","is_daily":false,"chose_seed":false,"campfire_upgraded":1,"win_rate":0.0,"timestamp":1610932394,"path_taken":["M","?","?","?","M","E","M","?","T","$","E","M","R","M","R","BOSS","M","M","?","M","$","R","M","$","T","?","R","?","M"],"items_purchased_type":["Card","Card","Card","Card","Card"],"build_version":"2020-12-22","purchased_purges":1,"victory":false,"max_hp_per_floor":[70,75,75,75,75,75,75,75,75,75,75,75,75,75,75,75,75,75,75,75,75,75,75,75,75,75,75,75,75,75,75],"card_choices":[{"not_picked":["Terror","Dagger Throw"],"picked":"Slice","floor":1},{"not_picked":["Dagger Throw","Flying Knee"],"picked":"Catalyst","floor":5},{"not_picked":["Choke","Dodge and Roll","Grand Finale"],"picked":"SKIP","floor":6},{"not_picked":["Eviscerate","Backflip"],"picked":"Deadly Poison","floor":7},{"not_picked":["Dagger Throw","Eviscerate"],"picked":"Blade Dance","floor":11},{"not_picked":["Outmaneuver","Backflip","Underhanded Strike"],"picked":"SKIP","floor":12},{"not_picked":["Deflect","Prepared"],"picked":"Bullet Time","floor":14},{"not_picked":["Venomology","Night Terror"],"picked":"A Thousand Cuts","floor":16},{"not_picked":["Quick Slash","Heel Hook","Sucker Punch"],"picked":"SKIP","floor":18},{"not_picked":["Dagger Throw","PiercingWail"],"picked":"Backstab","floor":19},{"not_picked":["Quick Slash","Well Laid Plans"],"picked":"Blade Dance","floor":21},{"not_picked":["Prepared","Deadly Poison"],"picked":"Cloak And Dagger+1","floor":24}],"player_experience":270022,"relics_obtained":[{"floor":6,"key":"Centennial Puzzle"},{"floor":8,"key":"Ancient Tea Set"},{"floor":9,"key":"MawBank"},{"floor":11,"key":"Oddly Smooth Stone"},{"floor":26,"key":"Frozen Egg 2"},{"floor":27,"key":"Nilry\u0027s Codex"}],"event_choices":[{"damage_healed":0,"gold_gain":0,"player_choice":"Donut","damage_taken":0,"max_hp_gain":5,"max_hp_loss":0,"event_name":"Big Fish","floor":2,"gold_loss":0},{"damage_healed":0,"gold_gain":0,"player_choice":"Take Wound","damage_taken":0,"relics_obtained":["Golden Idol"],"max_hp_gain":0,"max_hp_loss":0,"event_name":"Golden Idol","floor":3,"gold_loss":0,"cards_obtained":["Injury"]},{"damage_healed":0,"gold_gain":0,"player_choice":"Obtained Relic","damage_taken":0,"relics_obtained":["Snake Skull"],"max_hp_gain":0,"max_hp_loss":0,"event_name":"Addict","floor":20,"gold_loss":85},{"damage_healed":0,"gold_gain":0,"player_choice":"Obtained Book","damage_taken":16,"max_hp_gain":0,"max_hp_loss":0,"event_name":"Cursed Tome","floor":27,"gold_loss":0},{"damage_healed":0,"gold_gain":0,"player_choice":"Opened","damage_taken":0,"relics_obtained":["InkBottle"],"max_hp_gain":0,"max_hp_loss":0,"event_name":"The Mausoleum","floor":29,"gold_loss":0}],"is_beta":false,"boss_relics":[{"not_picked":["Snecko Eye","Sozu"],"picked":"Cursed Key"}],"items_purged_floors":[10],"is_endless":false,"potions_floor_spawned":[6,12,14,16,19,21],"killed_by":"Snecko","ascension_level":3}}