{"host":"6gwm7y0tp7acoxay","time":1610967550,"event":{"mods":["BaseMod","Colored Map","Keyboard Shortcuts","Minty Spire (QoL Compilation)","Quick Restart","StSLib","SuperFastMode","everything is the same but u backflip on backflip"],"gold_per_floor":[413,413,480,318,318,318,318,362,387,430,355,390,290,325,325,418,418,437,269,184,184,208,246,277,311,336,168,206,206,41,61,61,157,157,171,171,92,92,92,128,164,164,191,222,236,272,337,373,373,373,373,373,373,41,79,79],"floor_reached":57,"language":"KOR","playtime":1887,"items_purged":["Headbutt","Metallicize"],"score":4009,"play_id":"4ae4c2d3-4301-479d-a196-47ecbb5219db","local_time":"20210118195910","daily_mods":["SealedDeck","Heirloom","Flight"],"is_ascension_mode":true,"campfire_choices":[{"data":"Armaments","floor":6.0,"key":"SMITH"},{"data":"Battle Trance","floor":7.0,"key":"SMITH"},{"data":"Evolve","floor":15.0,"key":"SMITH"},{"floor":32.0,"key":"RECALL"},{"floor":42.0,"key":"REST"},{"floor":49.0,"key":"REST"},{"floor":53.0,"key":"REST"}],"circlet_count":0,"master_deck":["AscendersBane","Flex+1","True Grit+1","Rampage","Armaments+1","Evolve+1","Battle Trance+1","Fire Breathing","Whirlwind+1","Uppercut+1","Power Through","Offering","Impervious","Master of Strategy","Sever Soul"],"relics":["Burning Blood","Old Coin","Golden Idol","Nunchaku","Strawberry","War Paint","White Beast Statue","Torii","PreservedInsect","Fusion Hammer","Blood Vial","Frozen Egg 2","Akabeko","InkBottle","Ornamental Fan","Ancient Tea Set","Potion Belt","MealTicket","Red Skull","Membership Card","SacredBark","Anchor","Singing Bowl","Darkstone Periapt","Lantern","Centennial Puzzle","Bottled Lightning","Ice Cream","Whetstone","Orrery","Bag of Marbles","Pantograph","Magic Flower"],"acts_visited":["Exordium","TheCity","TheBeyond","TheEnding"],"potions_floor_usage":[56,56,56,56,56,56],"damage_taken":[{"damage":0.0,"enemies":"Jaw Worm","floor":1.0,"turns":4.0},{"damage":3.0,"enemies":"3 Sentries","floor":8.0,"turns":3.0},{"damage":30.0,"enemies":"Gremlin Nob","floor":10.0,"turns":4.0},{"damage":3.0,"enemies":"3 Sentries","floor":12.0,"turns":3.0},{"damage":36.0,"enemies":"Gremlin Nob","floor":14.0,"turns":4.0},{"damage":0.0,"enemies":"Hexaghost","floor":16.0,"turns":7.0},{"damage":6.0,"enemies":"3 Byrds","floor":18.0,"turns":2.0},{"damage":2.0,"enemies":"Shell Parasite","floor":22.0,"turns":5.0},{"damage":6.0,"enemies":"Gremlin Leader","floor":23.0,"turns":3.0},{"damage":6.0,"enemies":"Book of Stabbing","floor":24.0,"turns":3.0},{"damage":14.0,"enemies":"Slavers","floor":25.0,"turns":2.0},{"damage":0.0,"enemies":"Gremlin Leader","floor":28.0,"turns":5.0},{"damage":8.0,"enemies":"Shelled Parasite and Fungi","floor":31.0,"turns":4.0},{"damage":6.0,"enemies":"Champ","floor":33.0,"turns":7.0},{"damage":6.0,"enemies":"3 Shapes","floor":35.0,"turns":2.0},{"damage":6.0,"enemies":"Reptomancer","floor":40.0,"turns":4.0},{"damage":6.0,"enemies":"Giant Head","floor":41.0,"turns":5.0},{"damage":6.0,"enemies":"Reptomancer","floor":44.0,"turns":3.0},{"damage":6.0,"enemies":"3 Darklings","floor":45.0,"turns":2.0},{"damage":6.0,"enemies":"Nemesis","floor":46.0,"turns":5.0},{"damage":6.0,"enemies":"2 Orb Walkers","floor":47.0,"turns":3.0},{"damage":6.0,"enemies":"Reptomancer","floor":48.0,"turns":3.0},{"damage":6.0,"enemies":"Donu and Deca","floor":50.0,"turns":5.0},{"damage":6.0,"enemies":"Awakened One","floor":51.0,"turns":10.0},{"damage":27,"enemies":"Shield and Spear","floor":55,"turns":5},{"damage":52,"enemies":"The Heart","floor":56,"turns":6}],"seed_played":"-5074714006843702867","potions_obtained":[{"floor":10.0,"key":"SteroidPotion"},{"floor":12.0,"key":"Dexterity Potion"},{"floor":22.0,"key":"Block Potion"},{"floor":25.0,"key":"Energy Potion"},{"floor":28.0,"key":"SkillPotion"},{"floor":31.0,"key":"Dexterity Potion"},{"floor":33.0,"key":"EntropicBrew"},{"floor":40.0,"key":"CultistPotion"},{"floor":41.0,"key":"LiquidBronze"},{"floor":48.0,"key":"PowerPotion"}],"is_trial":true,"path_per_floor":["M","?","?","$","?","R","R","E","T","E","$","E","$","E","R","B",null,"M","$","?","?","M","E","E","E","T","$","E","T","$","M","R","B",null,"M","?","$","?","T","E","E","R","T","E","M","E","?","E","R","B","B",null,"R","$","E","B",null],"character_chosen":"IRONCLAD","items_purchased":["Nunchaku","Blood Vial","Potion Belt","Membership Card","Anchor","Orrery","Bag of Marbles","Pantograph","Block Potion"],"campfire_rested":3,"item_purchase_floors":[4,19,27,30,37,54,54,54,54],"current_hp_per_floor":[74,48,48,48,73,73,73,82,82,58,58,61,61,31,31,37,71,71,71,71,71,77,79,81,74,74,74,82,82,82,80,80,82,82,82,82,82,72,72,76,80,86,86,88,90,92,94,96,96,96,96,96,96,104,85,63],"gold":79,"neow_bonus":"","is_daily":false,"chose_seed":false,"campfire_upgraded":3,"win_rate":0.0,"timestamp":1610967550,"path_taken":["M","?","?","$","?","R","R","E","T","E","?","E","?","E","R","BOSS","M","$","?","?","?","E","E","E","T","?","E","?","?","?","R","BOSS","M","?","?","?","?","E","E","R","T","E","?","E","?","E","R","BOSS","BOSS","R","$","E","BOSS"],"items_purchased_type":["Relic","Relic","Relic","Relic","Relic","Relic","Relic","Relic","Potion"],"build_version":"2020-12-22","purchased_purges":2,"victory":true,"max_hp_per_floor":[75,75,75,75,75,75,75,82,82,82,82,82,82,82,82,82,82,82,82,82,82,82,82,82,82,82,82,82,82,82,82,82,82,82,82,82,82,82,82,84,86,86,86,88,90,92,94,96,96,96,96,96,96,104,106,106],"card_choices":[{"not_picked":["Twin Strike","True Grit"],"picked":"Uppercut","floor":1.0},{"not_picked":["Cleave","Sword Boomerang","Sentinel"],"picked":"SKIP","floor":8.0},{"not_picked":["Rupture","Carnage","Uppercut"],"picked":"SKIP","floor":10.0},{"not_picked":["Spot Weakness","Perfected Strike"],"picked":"Power Through","floor":12.0},{"not_picked":["True Grit","Bloodletting","Clash"],"picked":"SKIP","floor":14.0},{"not_picked":["Reaper","Exhume"],"picked":"Offering","floor":16.0},{"not_picked":["Whirlwind","Shrug It Off","Clothesline+1"],"picked":"SKIP","floor":18.0},{"not_picked":["Flex","Seeing Red","Pommel Strike+1"],"picked":"SKIP","floor":22.0},{"not_picked":["Heavy Blade","Hemokinesis","Havoc"],"picked":"SKIP","floor":23.0},{"not_picked":["Intimidate+1","Havoc","Fire Breathing+1"],"picked":"SKIP","floor":24.0},{"not_picked":["Corruption+1","Dark Embrace+1"],"picked":"Impervious","floor":25.0},{"not_picked":["Sword Boomerang","Dropkick","Shockwave+1"],"picked":"SKIP","floor":28.0},{"not_picked":["Flex","Clothesline","Havoc"],"picked":"SKIP","floor":31.0},{"not_picked":["Warcry","Body Slam","Entrench"],"picked":"SKIP","floor":35.0},{"not_picked":["Blind","Dark Shackles"],"picked":"Master of Strategy","floor":38.0},{"not_picked":["Clash","Rampage+1","Flex"],"picked":"Singing Bowl","floor":40.0},{"not_picked":["Havoc","Pommel Strike","Clash"],"picked":"Singing Bowl","floor":41.0},{"not_picked":["Wild Strike","Exhume","Shrug It Off"],"picked":"Singing Bowl","floor":44.0},{"not_picked":["Combust+1","Anger","Reckless Charge+1"],"picked":"Singing Bowl","floor":45.0},{"not_picked":["Clothesline","Headbutt+1","Dual Wield"],"picked":"Singing Bowl","floor":46.0},{"not_picked":["Cleave+1","Combust+1","Heavy Blade+1"],"picked":"Singing Bowl","floor":47.0},{"not_picked":["Warcry","Dropkick","Spot Weakness+1"],"picked":"Singing Bowl","floor":48.0},{"not_picked":["Inflame+1","Twin Strike+1","Wild Strike"],"picked":"Singing Bowl","floor":54},{"not_picked":["Warcry","Power Through","Dual Wield"],"picked":"Singing Bowl","floor":54},{"not_picked":["Reaper","Perfected Strike","Anger"],"picked":"Singing Bowl","floor":54},{"not_picked":["Heavy Blade","Dropkick"],"picked":"Sever Soul","floor":54},{"not_picked":["Blood for Blood+1","True Grit","Ghostly Armor"],"picked":"Singing Bowl","floor":54},{"not_picked":["Cleave","Flex+1","Blood for Blood+1"],"picked":"Singing Bowl","floor":55}],"player_experience":4419137,"relics_obtained":[{"floor":8.0,"key":"Strawberry"},{"floor":9.0,"key":"War Paint"},{"floor":10.0,"key":"White Beast Statue"},{"floor":12.0,"key":"Torii"},{"floor":14.0,"key":"PreservedInsect"},{"floor":23.0,"key":"InkBottle"},{"floor":24.0,"key":"Ornamental Fan"},{"floor":25.0,"key":"Ancient Tea Set"},{"floor":28.0,"key":"MealTicket"},{"floor":29.0,"key":"Red Skull"},{"floor":39.0,"key":"Singing Bowl"},{"floor":40.0,"key":"Darkstone Periapt"},{"floor":43.0,"key":"Lantern"},{"floor":44.0,"key":"Centennial Puzzle"},{"floor":46.0,"key":"Bottled Lightning"},{"floor":47.0,"key":"Ice Cream"},{"floor":48.0,"key":"Whetstone"},{"floor":55,"key":"Magic Flower"}],"event_choices":[{"damage_healed":0.0,"max_hp_gain":0.0,"max_hp_loss":0.0,"gold_gain":0.0,"event_name":"Golden Idol","player_choice":"Take Damage","floor":2.0,"gold_loss":0.0,"damage_taken":26.0,"relics_obtained":["Golden Idol"]},{"damage_healed":0.0,"max_hp_gain":0.0,"max_hp_loss":0.0,"gold_gain":67.0,"event_name":"Golden Wing","player_choice":"Gained Gold","floor":3.0,"gold_loss":0.0,"damage_taken":0.0},{"damage_healed":25.0,"max_hp_gain":0.0,"max_hp_loss":0.0,"gold_gain":0.0,"event_name":"Big Fish","player_choice":"Banana","floor":5.0,"gold_loss":0.0,"damage_taken":0.0},{"damage_healed":0.0,"max_hp_gain":0.0,"max_hp_loss":0.0,"gold_gain":0.0,"event_name":"Addict","player_choice":"Obtained Relic","floor":20.0,"gold_loss":85.0,"damage_taken":0.0,"relics_obtained":["Frozen Egg 2"]},{"damage_healed":0.0,"max_hp_gain":0.0,"max_hp_loss":0.0,"gold_gain":0.0,"event_name":"WeMeetAgain","player_choice":"Gave Potion","floor":21.0,"gold_loss":0.0,"damage_taken":0.0,"relics_obtained":["Akabeko"]},{"damage_healed":0.0,"max_hp_gain":0.0,"max_hp_loss":0.0,"gold_gain":0.0,"event_name":"Tomb of Lord Red Mask","player_choice":"Ignored","floor":36.0,"gold_loss":0.0,"damage_taken":0.0},{"damage_healed":0.0,"max_hp_gain":0.0,"max_hp_loss":0.0,"gold_gain":0.0,"event_name":"SensoryStone","player_choice":"Memory 3","floor":38.0,"gold_loss":0.0,"damage_taken":10.0},{"damage_healed":0.0,"max_hp_gain":0.0,"max_hp_loss":0.0,"gold_gain":0.0,"event_name":"Mysterious Sphere","player_choice":"Fight","floor":47.0,"gold_loss":0.0,"damage_taken":0.0}],"is_beta":false,"boss_relics":[{"not_picked":["Black Star","Snecko Eye"],"picked":"Fusion Hammer"},{"not_picked":["Mark of Pain","Cursed Key"],"picked":"SacredBark"}],"items_purged_floors":[11,13],"is_endless":false,"potions_floor_spawned":[10,12,14,16,18,22,23,24,25,28,31,33,35,40,41,44,45,46,47,48,55],"ascension_level":20}}