{"host":"6pgtslebjnyv5xmi","time":1610981291,"event":{"mods":["AchievementEnabler","BaseMod","Colored Map","Minty Spire (QoL Compilation)","Rare Cards Sparkle","StSLib","SuperFastMode","The Cursed","everything is the same but u backflip on backflip"],"gold_per_floor":[117,117,82,93,112,37,65,65,65,3,13,23,56,73,73,173,173,193,193,210,36,46,46,72,72,72,119,131,58,70,102,114,231,243,266,292,132,132,132,132,182,195,218,318,84,84,99,115,115,115],"floor_reached":51,"language":"KOR","playtime":4347,"items_purged":["Strike_B","Strike_B","Strike_B"],"score":963,"play_id":"b47a1cb1-bd5f-4420-8c22-5d5bcf9a0869","local_time":"20210118234811","is_ascension_mode":true,"campfire_choices":[{"data":"Zap","floor":8,"key":"SMITH"},{"floor":15,"key":"REST"},{"floor":23,"key":"DIG"},{"floor":25,"key":"REST"},{"floor":28,"key":"DIG"},{"floor":32,"key":"REST"},{"floor":40,"key":"DIG"},{"data":"All For One","floor":46,"key":"SMITH"},{"data":"All For One","floor":49,"key":"SMITH"}],"circlet_count":0,"master_deck":["Strike_B+1","Defend_B+1","Defend_B+1","Defend_B","Defend_B","Zap+1","Dualcast+1","Gash","Beam Cell","Go for the Eyes","Beam Cell","FTL","Machine Learning+1","Rebound","All For One+1","CurseOfTheBell","All For One+1","Steam+1","Sadistic Nature+1","Loop+1","Core Surge","Core Surge","Reinforced Body+1","Gash","Capacitor+1","Trip","Self Repair+1","Electrodynamics+1"],"relics":["Cracked Core","Ancient Tea Set","HornCleat","Frozen Egg 2","Oddly Smooth Stone","Lantern","Calling Bell","Bag of Marbles","Singing Bowl","Shovel","Smiling Mask","PreservedInsect","MawBank","Symbiotic Virus","Bag of Preparation","Ice Cream","Nuclear Battery","War Paint","StoneCalendar","Happy Flower","Lee\u0027s Waffle"],"acts_visited":["Exordium","TheCity","TheBeyond"],"potions_floor_usage":[13,16,24,27,33,33,36,50,50],"damage_taken":[{"damage":6,"enemies":"2 Louse","floor":1,"turns":3},{"damage":2,"enemies":"Jaw Worm","floor":4,"turns":3},{"damage":0,"enemies":"Cultist","floor":5,"turns":2},{"damage":31,"enemies":"Lagavulin","floor":7,"turns":6},{"damage":6,"enemies":"Large Slime","floor":11,"turns":4},{"damage":9,"enemies":"Exordium Thugs","floor":12,"turns":4},{"damage":0,"enemies":"Gremlin Nob","floor":13,"turns":3},{"damage":0,"enemies":"Looter","floor":14,"turns":2},{"damage":6,"enemies":"Slime Boss","floor":16,"turns":6},{"damage":6,"enemies":"Chosen","floor":18,"turns":3},{"damage":0,"enemies":"Spheric Guardian","floor":20,"turns":3},{"damage":6,"enemies":"Cultist and Chosen","floor":22,"turns":4},{"damage":5,"enemies":"Book of Stabbing","floor":24,"turns":4},{"damage":16,"enemies":"Gremlin Leader","floor":27,"turns":3},{"damage":0,"enemies":"3 Cultists","floor":31,"turns":3},{"damage":29,"enemies":"Automaton","floor":33,"turns":5},{"damage":0,"enemies":"Orb Walker","floor":35,"turns":3},{"damage":27,"enemies":"3 Shapes","floor":36,"turns":3},{"damage":0,"enemies":"Mind Bloom Boss Battle","floor":41,"turns":4},{"damage":18,"enemies":"Spire Growth","floor":42,"turns":4},{"damage":23,"enemies":"Writhing Mass","floor":47,"turns":3},{"damage":11,"enemies":"Jaw Worm Horde","floor":48,"turns":4},{"damage":51,"enemies":"Time Eater","floor":50,"turns":9}],"seed_played":"-8542829940550701152","potions_obtained":[{"floor":1,"key":"FairyPotion"},{"floor":11,"key":"FocusPotion"},{"floor":12,"key":"EssenceOfDarkness"},{"floor":14,"key":"Energy Potion"},{"floor":20,"key":"BlessingOfTheForge"},{"floor":24,"key":"ColorlessPotion"},{"floor":27,"key":"CultistPotion"},{"floor":33,"key":"Dexterity Potion"},{"floor":35,"key":"Fire Potion"},{"floor":41,"key":"Ancient Potion"}],"is_trial":false,"path_per_floor":["M","?","?","M","M","$","E","R","T","?","M","M","E","M","R","B",null,"M","?","M","$","M","R","E","R","T","E","R","?","$","M","R","B",null,"M","M","$","?","?","R","?","M","T","?","$","R","M","M","R","B",null],"character_chosen":"DEFECT","items_purchased":["Sadistic Nature+1","Gash","Capacitor+1","Self Repair+1","Lee\u0027s Waffle"],"campfire_rested":3,"item_purchase_floors":[21,37,37,45,45],"current_hp_per_floor":[62,47,65,63,63,63,32,32,32,32,26,17,17,17,39,33,65,59,45,45,45,39,39,36,60,60,44,44,44,44,46,71,42,74,74,49,49,49,49,49,51,35,35,35,93,93,82,81,81,40],"gold":115,"neow_bonus":"RANDOM_COMMON_RELIC","is_daily":false,"chose_seed":false,"campfire_upgraded":3,"win_rate":0.0,"timestamp":1610981291,"path_taken":["M","?","?","?","M","?","E","R","T","?","M","M","E","M","R","BOSS","M","?","M","$","M","R","E","R","T","E","R","?","?","M","R","BOSS","M","?","$","?","?","R","?","?","T","?","$","R","M","M","R","BOSS"],"items_purchased_type":["Card","Card","Card","Card","Relic"],"build_version":"2020-12-22","purchased_purges":3,"victory":true,"max_hp_per_floor":[75,75,75,75,75,75,75,75,75,75,75,75,75,75,75,75,75,75,80,80,80,80,80,82,82,82,82,82,82,82,84,84,84,84,84,86,86,82,82,82,84,86,86,86,93,93,95,95,95,95],"card_choices":[{"not_picked":["Steam Power","Redo"],"picked":"Gash","floor":1},{"not_picked":["Sunder","Hello World"],"picked":"Beam Cell","floor":4},{"not_picked":["Stack","Streamline"],"picked":"Go for the Eyes","floor":5},{"not_picked":["Storm","Force Field"],"picked":"Beam Cell","floor":7},{"not_picked":["Redo","Sunder","Streamline"],"picked":"SKIP","floor":11},{"not_picked":["Sweeping Beam","Beam Cell"],"picked":"FTL","floor":12},{"not_picked":["Barrage","Redo"],"picked":"Machine Learning+1","floor":13},{"not_picked":["Turbo","Coolheaded"],"picked":"Rebound","floor":14},{"not_picked":["Creative AI+1","Amplify"],"picked":"All For One","floor":16},{"not_picked":["Turbo","Gash+1"],"picked":"All For One","floor":18},{"not_picked":["Cold Snap","Conserve Battery"],"picked":"Steam+1","floor":20},{"not_picked":["Compile Driver","Sunder+1"],"picked":"Loop+1","floor":22},{"not_picked":["Reprogram","Compile Driver","Doom and Gloom"],"picked":"Singing Bowl","floor":24},{"not_picked":["Amplify","Undo"],"picked":"Core Surge","floor":27},{"not_picked":["Coolheaded+1","Barrage+1","Streamline"],"picked":"Singing Bowl","floor":31},{"not_picked":["Machine Learning+1","Electrodynamics+1"],"picked":"Core Surge","floor":33},{"not_picked":["Barrage+1","Go for the Eyes"],"picked":"Reinforced Body+1","floor":35},{"not_picked":["Compile Driver+1","Steam Power+1","Genetic Algorithm+1"],"picked":"Singing Bowl","floor":36},{"not_picked":["Enlightenment","Jack Of All Trades"],"picked":"Trip","floor":39},{"not_picked":["Turbo+1","Leap","Coolheaded"],"picked":"Singing Bowl","floor":41},{"not_picked":["Conserve Battery+1","Turbo+1","Recycle+1"],"picked":"Singing Bowl","floor":42},{"not_picked":["Sweeping Beam+1","Turbo","Steam"],"picked":"Singing Bowl","floor":47},{"not_picked":["Compile Driver+1","Go for the Eyes"],"picked":"Electrodynamics+1","floor":48}],"player_experience":966610,"relics_obtained":[{"floor":7,"key":"HornCleat"},{"floor":9,"key":"Frozen Egg 2"},{"floor":13,"key":"Lantern"},{"floor":17,"key":"Bag of Marbles"},{"floor":17,"key":"Singing Bowl"},{"floor":17,"key":"Shovel"},{"floor":23,"key":"Smiling Mask"},{"floor":24,"key":"PreservedInsect"},{"floor":26,"key":"MawBank"},{"floor":27,"key":"Symbiotic Virus"},{"floor":28,"key":"Bag of Preparation"},{"floor":40,"key":"War Paint"},{"floor":41,"key":"StoneCalendar"},{"floor":43,"key":"Happy Flower"}],"event_choices":[{"damage_healed":0,"gold_gain":0,"player_choice":"Entered Light","damage_taken":15,"max_hp_gain":0,"max_hp_loss":0,"event_name":"Shining Light","floor":2,"gold_loss":0,"cards_upgraded":["Strike_B","Dualcast"]},{"damage_healed":18,"gold_gain":0,"player_choice":"Healed","damage_taken":0,"max_hp_gain":0,"max_hp_loss":0,"event_name":"The Cleric","floor":3,"gold_loss":35},{"damage_healed":0,"gold_gain":0,"player_choice":"Paid Gold","damage_taken":0,"relics_obtained":["Oddly Smooth Stone"],"max_hp_gain":0,"max_hp_loss":0,"event_name":"WeMeetAgain","floor":10,"gold_loss":62},{"damage_healed":0,"gold_gain":0,"player_choice":"Shed Blood","damage_taken":19,"max_hp_gain":5,"max_hp_loss":0,"event_name":"Forgotten Altar","floor":19,"gold_loss":0},{"damage_healed":0,"gold_gain":0,"player_choice":"Obtained Relic","damage_taken":0,"relics_obtained":["Ice Cream"],"max_hp_gain":0,"max_hp_loss":0,"event_name":"Addict","floor":29,"gold_loss":85},{"damage_healed":0,"gold_gain":0,"player_choice":"Max HP","damage_taken":0,"max_hp_gain":0,"max_hp_loss":4,"event_name":"Winding Halls","floor":38,"gold_loss":0},{"damage_healed":0,"gold_gain":0,"player_choice":"Memory 1","damage_taken":0,"max_hp_gain":0,"max_hp_loss":0,"event_name":"SensoryStone","floor":39,"gold_loss":0},{"damage_healed":0,"gold_gain":0,"player_choice":"Fight","damage_taken":0,"max_hp_gain":0,"max_hp_loss":0,"event_name":"MindBloom","floor":41,"gold_loss":0},{"damage_healed":0,"gold_gain":100,"player_choice":"Pray","damage_taken":0,"max_hp_gain":0,"max_hp_loss":0,"event_name":"Golden Shrine","floor":44,"gold_loss":0}],"is_beta":false,"boss_relics":[{"not_picked":["Cursed Key","Sozu"],"picked":"Calling Bell"},{"not_picked":["Fusion Hammer","Velvet Choker"],"picked":"Nuclear Battery"}],"items_purged_floors":[6,37,45],"is_endless":false,"potions_floor_spawned":[1,11,12,14,20,24,27,33,35,41],"ascension_level":8}}