{"host":"ml2ro5l6hu6y0pll","time":1610935746,"event":{"mods":["AchievementEnabler","BaseMod","Colored Map","Colored Powertips","Custom Start","Googly Eyes","Minty Spire (QoL Compilation)","Quick Restart","Rare Cards Sparkle","Relic Stats","StSLib","everything is the same but u backflip on backflip"],"gold_per_floor":[117,136,146,221,231,257,292,325,380,409,444,471,500,248,248,322,322,336,386,217,227,227,257,257,291,318,346,346,371,398,131,131,204,204,218,236,66,86,112,147,178,208,208,243,243,284,318,336,336,336,336],"floor_reached":52,"language":"ENG","playtime":3007,"items_purged":[],"score":3564,"play_id":"7558cd54-69b1-44ec-9756-421f9dccbe42","local_time":"20210118020906","daily_mods":["Flight","DeadlyEvents","Elite Swarm"],"is_ascension_mode":true,"campfire_choices":[{"data":"Biased Cognition","floor":15,"key":"SMITH"},{"data":"Amplify","floor":24,"key":"SMITH"},{"data":"Genetic Algorithm","floor":28,"key":"SMITH"},{"data":"Defragment","floor":32,"key":"SMITH"},{"data":"Force Field","floor":49,"key":"SMITH"}],"circlet_count":0,"master_deck":["Conserve Battery+1","Sweeping Beam+1","Ball Lightning+1","Ball Lightning+1","Coolheaded+1","Coolheaded+1","Genetic Algorithm+1","Defragment+1","Capacitor+1","Electrodynamics+1","Cold Snap+1","Genetic Algorithm+1","Meteor Strike+1","Thunder Strike","Core Surge","Creative AI","Biased Cognition+1","Defragment+1","Buffer+1","Genetic Algorithm+1","Amplify+1","Echo Form","Echo Form","Force Field+1","Core Surge"],"relics":["Cracked Core","Snecko Eye","Mummified Hand","Pantograph","Whetstone","Darkstone Periapt","Dream Catcher","Blood Vial","Nunchaku","Meat on the Bone","Potion Belt","Anchor","Nuclear Battery","DollysMirror","Bag of Marbles","Emotion Chip","CeramicFish","Strawberry","Eternal Feather","StrikeDummy","White Beast Statue","Cursed Key","Letter Opener","Ancient Tea Set","DataDisk","Art of War","Omamori"],"acts_visited":["Exordium","TheCity","TheBeyond"],"potions_floor_usage":[25,35,36,51,51,51,51],"damage_taken":[{"damage":1,"enemies":"Small Slimes","floor":1,"turns":2},{"damage":0,"enemies":"2 Louse","floor":2,"turns":1},{"damage":0,"enemies":"Cultist","floor":3,"turns":2},{"damage":6,"enemies":"Gremlin Gang","floor":5,"turns":2},{"damage":0,"enemies":"Gremlin Nob","floor":6,"turns":3},{"damage":3,"enemies":"3 Sentries","floor":7,"turns":3},{"damage":0,"enemies":"Gremlin Nob","floor":8,"turns":2},{"damage":0,"enemies":"3 Sentries","floor":10,"turns":2},{"damage":0,"enemies":"Lagavulin","floor":11,"turns":3},{"damage":5,"enemies":"3 Sentries","floor":12,"turns":2},{"damage":0,"enemies":"Lagavulin","floor":13,"turns":4},{"damage":10,"enemies":"Hexaghost","floor":16,"turns":4},{"damage":11,"enemies":"2 Thieves","floor":18,"turns":3},{"damage":0,"enemies":"Spheric Guardian","floor":21,"turns":2},{"damage":0,"enemies":"Book of Stabbing","floor":23,"turns":4},{"damage":0,"enemies":"Gremlin Leader","floor":25,"turns":3},{"damage":0,"enemies":"Book of Stabbing","floor":27,"turns":1},{"damage":0,"enemies":"Slavers","floor":29,"turns":4},{"damage":0,"enemies":"Book of Stabbing","floor":30,"turns":3},{"damage":0,"enemies":"Automaton","floor":33,"turns":5},{"damage":0,"enemies":"3 Darklings","floor":35,"turns":3},{"damage":0,"enemies":"3 Shapes","floor":36,"turns":3},{"damage":0,"enemies":"Spire Growth","floor":38,"turns":3},{"damage":0,"enemies":"Maw","floor":39,"turns":4},{"damage":0,"enemies":"Nemesis","floor":40,"turns":5},{"damage":0,"enemies":"Giant Head","floor":41,"turns":8},{"damage":0,"enemies":"Reptomancer","floor":42,"turns":4},{"damage":0,"enemies":"Giant Head","floor":44,"turns":9},{"damage":0,"enemies":"Nemesis","floor":46,"turns":7},{"damage":0,"enemies":"Reptomancer","floor":47,"turns":4},{"damage":0,"enemies":"Transient","floor":48,"turns":5},{"damage":0,"enemies":"Time Eater","floor":50,"turns":9},{"damage":0,"enemies":"Awakened One","floor":51,"turns":29}],"seed_played":"405282816427729476","potions_obtained":[{"floor":3,"key":"GamblersBrew"},{"floor":5,"key":"Dexterity Potion"},{"floor":10,"key":"PowerPotion"},{"floor":25,"key":"PowerPotion"},{"floor":29,"key":"Fruit Juice"},{"floor":33,"key":"DistilledChaos"},{"floor":35,"key":"Energy Potion"},{"floor":38,"key":"Weak Potion"},{"floor":42,"key":"PowerPotion"},{"floor":46,"key":"FocusPotion"}],"is_trial":true,"path_per_floor":["M","M","M","?","M","E","E","E","T","E","E","E","E","$","R","B",null,"M","?","$","M","$","E","R","E","T","E","R","E","E","$","R","B",null,"M","M","$","M","M","E","E","E","T","E","?","E","E","M","R","B","B",null],"character_chosen":"DEFECT","items_purchased":["Defragment","Anchor","DollysMirror","White Beast Statue","Echo Form"],"campfire_rested":0,"item_purchase_floors":[14,14,20,31,37],"current_hp_per_floor":[63,63,63,63,57,57,54,54,54,54,56,53,55,55,55,61,69,60,60,60,62,62,64,64,66,66,75,75,77,78,78,78,78,78,83,83,83,83,83,83,83,83,83,83,83,83,83,83,83,83,83],"gold":336,"neow_bonus":"","is_daily":false,"chose_seed":false,"campfire_upgraded":5,"win_rate":0.0,"timestamp":1610935746,"path_taken":["M","M","M","?","M","E","E","E","T","E","E","E","E","$","R","BOSS","M","?","$","M","$","E","R","E","T","E","R","E","E","$","R","BOSS","M","M","$","M","M","E","E","E","T","E","?","?","E","M","R","BOSS","BOSS"],"items_purchased_type":["Card","Relic","Relic","Relic","Card"],"build_version":"2020-12-22","purchased_purges":0,"victory":true,"max_hp_per_floor":[71,71,71,71,71,71,71,71,71,71,71,71,71,71,71,71,71,71,71,71,71,71,71,71,71,71,78,78,78,78,78,78,78,78,83,83,83,83,83,83,83,83,83,83,83,83,83,83,83,83,83],"relic_stats":{"Darkstone Periapt":0,"counters":[33,148],"CeramicFish":27,"Eternal Feather":0,"Whetstone":["Cold Snap","Meteor Strike"],"Letter Opener":[161],"Cursed Key":0,"Blood Vial":21,"Dream Catcher":0,"Nunchaku":[15],"Emotion Chip":[0,0,0,0,0],"Mummified Hand":[824],"Pantograph":14,"Snecko Eye":[299,274,328,331],"Art of War":[35],"obtain_stats":[{"Darkstone Periapt":8,"CeramicFish":26,"Whetstone":7,"Cursed Key":34,"Ancient Tea Set":41,"Blood Vial":10,"Dream Catcher":9,"Nunchaku":11,"Emotion Chip":25,"Mummified Hand":0,"DollysMirror":20,"Pantograph":6,"Strawberry":27,"Cracked Core":0,"Potion Belt":13,"Eternal Feather":29,"Omamori":47,"Letter Opener":40,"White Beast Statue":31,"Nuclear Battery":17,"Anchor":14,"DataDisk":42,"Snecko Eye":0,"Bag of Marbles":23,"Art of War":44,"StrikeDummy":30,"Meat on the Bone":12},{"Darkstone Periapt":7,"CeramicFish":16,"Whetstone":6,"Cursed Key":20,"Ancient Tea Set":26,"Blood Vial":8,"Dream Catcher":7,"Nunchaku":9,"Emotion Chip":16,"Mummified Hand":0,"DollysMirror":13,"Pantograph":5,"Strawberry":17,"Cracked Core":0,"Potion Belt":11,"Eternal Feather":18,"Omamori":30,"Letter Opener":25,"White Beast Statue":19,"Nuclear Battery":12,"Anchor":11,"DataDisk":27,"Snecko Eye":0,"Bag of Marbles":15,"Art of War":28,"StrikeDummy":19,"Meat on the Bone":10},{"Darkstone Periapt":15,"CeramicFish":42,"Whetstone":13,"Cursed Key":55,"Ancient Tea Set":81,"Blood Vial":17,"Dream Catcher":15,"Nunchaku":20,"Emotion Chip":42,"Mummified Hand":0,"DollysMirror":33,"Pantograph":10,"Strawberry":43,"Cracked Core":0,"Potion Belt":26,"Eternal Feather":47,"Omamori":105,"Letter Opener":73,"White Beast Statue":50,"Nuclear Battery":30,"Anchor":26,"DataDisk":85,"Snecko Eye":0,"Bag of Marbles":39,"Art of War":94,"StrikeDummy":50,"Meat on the Bone":22}],"Meat on the Bone":0},"card_choices":[{"not_picked":["Sweeping Beam","Chaos"],"picked":"Cold Snap","floor":1},{"not_picked":["Chill","Leap"],"picked":"Genetic Algorithm","floor":2},{"not_picked":["Storm","White Noise","Reprogram"],"picked":"SKIP","floor":3},{"not_picked":["Conserve Battery","Lockon","Leap"],"picked":"SKIP","floor":5},{"not_picked":["Multi-Cast","Seek"],"picked":"Meteor Strike","floor":6},{"not_picked":["All For One","Electrodynamics"],"picked":"Thunder Strike","floor":7},{"not_picked":["Seek","Rainbow"],"picked":"Core Surge","floor":8},{"not_picked":["Thunder Strike","Multi-Cast","Meteor Strike"],"picked":"SKIP","floor":10},{"not_picked":["Amplify","Seek"],"picked":"Creative AI","floor":11},{"not_picked":["Fission","Machine Learning","Meteor Strike"],"picked":"SKIP","floor":12},{"not_picked":["Fission","Machine Learning"],"picked":"Biased Cognition","floor":13},{"not_picked":["Multi-Cast","Thunder Strike"],"picked":"Buffer","floor":16},{"not_picked":["Compile Driver","Coolheaded","Cold Snap"],"picked":"SKIP","floor":18},{"not_picked":["Multi-Cast","Ball Lightning","Conserve Battery"],"picked":"SKIP","floor":21},{"not_picked":["Hyperbeam","Thunder Strike"],"picked":"Amplify","floor":23},{"not_picked":["Core Surge","Machine Learning"],"picked":"Echo Form","floor":25},{"not_picked":["Hyperbeam","Seek","Core Surge"],"picked":"SKIP","floor":27},{"not_picked":["Reboot","Amplify","Buffer"],"picked":"SKIP","floor":29},{"not_picked":["Rainbow","Amplify","Electrodynamics"],"picked":"SKIP","floor":30},{"not_picked":["Go for the Eyes","Sunder","Conserve Battery"],"picked":"SKIP","floor":35},{"not_picked":["Rip and Tear","Undo","Rebound+1"],"picked":"SKIP","floor":36},{"not_picked":["Self Repair","Reinforced Body+1","Force Field"],"picked":"SKIP","floor":38},{"not_picked":["Streamline","Force Field","Stack"],"picked":"SKIP","floor":39},{"not_picked":["Streamline","Stack"],"picked":"Force Field","floor":39},{"not_picked":["Fission","Meteor Strike","Seek"],"picked":"SKIP","floor":40},{"not_picked":["Machine Learning","Fission","Meteor Strike"],"picked":"SKIP","floor":41},{"not_picked":["Thunder Strike","All For One","Reboot"],"picked":"SKIP","floor":42},{"not_picked":["All For One","Seek","Biased Cognition"],"picked":"SKIP","floor":44},{"not_picked":["Reboot","Electrodynamics"],"picked":"Core Surge","floor":46},{"not_picked":["Biased Cognition","Core Surge","Hyperbeam"],"picked":"SKIP","floor":47},{"not_picked":["Hologram","Gash","Sweeping Beam"],"picked":"SKIP","floor":48}],"player_experience":825999,"relics_obtained":[{"floor":6,"key":"Pantograph"},{"floor":7,"key":"Whetstone"},{"floor":8,"key":"Darkstone Periapt"},{"floor":9,"key":"Dream Catcher"},{"floor":10,"key":"Blood Vial"},{"floor":11,"key":"Nunchaku"},{"floor":12,"key":"Meat on the Bone"},{"floor":13,"key":"Potion Belt"},{"floor":23,"key":"Bag of Marbles"},{"floor":25,"key":"Emotion Chip"},{"floor":26,"key":"CeramicFish"},{"floor":27,"key":"Strawberry"},{"floor":29,"key":"Eternal Feather"},{"floor":30,"key":"StrikeDummy"},{"floor":40,"key":"Letter Opener"},{"floor":41,"key":"Ancient Tea Set"},{"floor":42,"key":"DataDisk"},{"floor":44,"key":"Art of War"},{"floor":47,"key":"Omamori"}],"event_choices":[{"damage_healed":0,"gold_gain":75,"player_choice":"Gained Gold","damage_taken":0,"max_hp_gain":0,"max_hp_loss":0,"event_name":"Golden Wing","floor":4,"gold_loss":0},{"damage_healed":0,"gold_gain":50,"player_choice":"Pray","damage_taken":0,"max_hp_gain":0,"max_hp_loss":0,"event_name":"Golden Shrine","floor":19,"gold_loss":0},{"damage_healed":0,"gold_gain":0,"player_choice":"Forge","damage_taken":0,"max_hp_gain":0,"max_hp_loss":0,"event_name":"Accursed Blacksmith","floor":45,"gold_loss":0,"cards_upgraded":["Buffer"]}],"is_beta":false,"boss_relics":[{"not_picked":["Runic Pyramid","Fusion Hammer"],"picked":"Nuclear Battery"},{"not_picked":["Coffee Dripper","Tiny House"],"picked":"Cursed Key"}],"items_purged_floors":[],"is_endless":false,"potions_floor_spawned":[3,5,6,10,12,25,29,33,35,36,38,39,40,41,42,44,46,47,48],"ascension_level":20}}