{"host":"8oeebsytg2tzguhe","time":1610952683,"event":{"mods":["BaseMod","GungeonMod","Minty Spire (QoL Compilation)","Replay The Spire","StSLib","The Animator","The Bug Knight"],"gold_per_floor":[112,112,131,195,47,82,102,27,51,51,67,87,99,99,99,202,202,212,311,311,331,156,156,175,175,222,222,222,222,222,251,251,347,347,359,371,321,337,351,385,385,385,456,456,466,477,493,143,143,143],"floor_reached":51,"language":"ZHS","playtime":3504,"items_purged":["HollowMod:NailStrikeStart","Writhe","HollowMod:GoodIntentions","HollowMod:QuickDashStart"],"score":572,"play_id":"da297ab0-1109-4ddf-991a-3e561e738ebf","local_time":"20210118145123","is_ascension_mode":false,"campfire_choices":[{"data":"HollowMod:FocusHealStart","floor":10.0,"key":"SMITH"},{"data":"Decay","floor":15.0,"key":"PURGE"},{"data":"HollowMod:SoulShaman","floor":23.0,"key":"SMITH"},{"data":"HollowMod:SoulShaman","floor":25.0,"key":"SMITH"},{"data":"HollowMod:SoulEater","floor":27.0,"key":"SMITH"},{"data":"HollowMod:AwokenDreamNail","floor":30.0,"key":"SMITH"},{"data":"HollowMod:HuntersJournal","floor":32.0,"key":"SMITH"},{"floor":41,"key":"REST"},{"data":"HollowMod:BaldurShell","floor":44,"key":"SMITH"},{"data":"HollowMod:SoulSplash","floor":49,"key":"SMITH"}],"circlet_count":0,"master_deck":["HollowMod:QuickDashStart","HollowMod:QuickDashStart","HollowMod:QuickDashStart","HollowMod:FocusHealStart+1","HollowMod:PogoStrike","HollowMod:HowlingWraiths+1","HollowMod:CycloneSlash","HollowMod:HuntersJournal+1","HollowMod:CornifersMapStart","HollowMod:SoulShaman+1","HollowMod:SoulEater+1","HollowMod:DashSlash","HollowMod:BaldurShell+1","HollowMod:AwokenDreamNail+1","HollowMod:SoulShaman+1","HollowMod:DreamGate+1","Bite","Bite","Bite","Bite","Bite","HollowMod:SoulSplash+1","HollowMod:AwokenDreamNail","HollowMod:DesolateDive+1","HollowMod:HuntersJournal+1","HollowMod:DashSlash","HollowMod:SoulSplash","HollowMod:HuntersJournal+1"],"relics":["HollowMod:VesselMask","NeowsBlessing","Centennial Puzzle","ReplayTheSpireMod:TigerMarble","SlaversCollar","DemoMod:PartiallyEatenCheese","Smiling Mask","PreservedInsect","Sozu","Strawberry","DemoMod:MemoryAlloy","DollysMirror","Pen Nib"],"acts_visited":["Exordium","TheCity","TheBeyond"],"potions_floor_usage":[40],"damage_taken":[{"damage":0.0,"enemies":"2 Louse","floor":1.0,"turns":1.0},{"damage":0.0,"enemies":"Cultist","floor":3.0,"turns":1.0},{"damage":0.0,"enemies":"3 Sentries","floor":6.0,"turns":1.0},{"damage":0.0,"enemies":"Jaw Worm","floor":7.0,"turns":4.0},{"damage":0.0,"enemies":"Large Slime","floor":11.0,"turns":4.0},{"damage":0.0,"enemies":"3 Louse","floor":12.0,"turns":4.0},{"damage":11.0,"enemies":"Exordium Thugs","floor":13.0,"turns":4.0},{"damage":19.0,"enemies":"Hexaghost","floor":16.0,"turns":10.0},{"damage":25.0,"enemies":"Shell Parasite","floor":18.0,"turns":9.0},{"damage":2.0,"enemies":"Spheric Guardian","floor":21.0,"turns":3.0},{"damage":3.0,"enemies":"Centurion and Healer","floor":24.0,"turns":9.0},{"damage":33.0,"enemies":"Slavers","floor":31.0,"turns":5.0},{"damage":57.0,"enemies":"Collector","floor":33.0,"turns":8.0},{"damage":45,"enemies":"3 Darklings","floor":35,"turns":5},{"damage":12,"enemies":"Orb Walker","floor":36,"turns":3},{"damage":9,"enemies":"Jaw Worm Horde","floor":38,"turns":4},{"damage":31,"enemies":"Transient","floor":39,"turns":5},{"damage":33,"enemies":"Nemesis","floor":40,"turns":5},{"damage":11,"enemies":"Spire Growth","floor":45,"turns":4},{"damage":23,"enemies":"Sphere and 2 Shapes","floor":46,"turns":4},{"damage":13,"enemies":"Transient","floor":47,"turns":5},{"damage":62,"enemies":"Replay:Hell Engine","floor":50,"turns":10}],"seed_played":"-5333969864391159262","potions_obtained":[{"floor":4.0,"key":"GamblersBrew"},{"floor":4.0,"key":"Flashbang"},{"floor":4.0,"key":"AttackPotion"},{"floor":6.0,"key":"Strength Potion"},{"floor":13.0,"key":"LifebloodPotion"},{"floor":16.0,"key":"Milkshake"},{"floor":24.0,"key":"ColorlessPotion"},{"floor":31.0,"key":"SpeedPotion"}],"is_trial":false,"path_per_floor":["M","?","M","?","$","E","M","?","T","R","M","M","M","?","R","B",null,"M","?","?","M","$","R","M","R","T","R","?","?","R","E","R","B",null,"M","M","$","M","M","E","R","?","T","R","M","M","M","$","R","B",null],"character_chosen":"THE_BUGKNIGHT","items_purchased":["HollowMod:HuntersJournal","HollowMod:SoulShaman","DollysMirror","Pen Nib"],"campfire_rested":1,"item_purchase_floors":[5,22,48,48],"current_hp_per_floor":[75,75,75,57,57,57,63,68,68,68,74,80,69,69,69,60,80,61,61,61,59,59,59,68,68,68,68,56,47,47,40,40,15,61,34,30,30,37,28,28,48,48,48,48,51,54,63,63,63,41],"gold":143,"neow_bonus":"THREE_ENEMY_KILL","is_daily":false,"chose_seed":false,"campfire_upgraded":8,"win_rate":0.0,"timestamp":1610952683,"path_taken":["M","?","?","?","$","E","M","?","T","R","M","M","M","?","R","BOSS","BOSS","M","?","?","M","?","R","?","R","T","R","?","?","R","E","R","BOSS","M","M","$","M","M","E","R","?","T","R","?","M","M","$","R","BOSS"],"items_purchased_type":["Card","Card","Relic","Relic"],"build_version":"2020-12-22","purchased_purges":4,"victory":true,"max_hp_per_floor":[75,75,75,75,75,75,75,80,80,80,80,80,80,80,80,80,80,80,80,80,80,80,80,80,80,80,80,56,61,61,61,61,61,61,61,61,61,61,61,68,68,68,68,68,68,68,68,68,68,68],"card_choices":[{"not_picked":["HollowMod:RecoilStrike","HollowMod:NewLittleFool"],"picked":"HollowMod:HowlingWraiths","floor":1.0},{"not_picked":["HollowMod:InfectedAttack","HollowMod:InfectedCysts"],"picked":"HollowMod:CycloneSlash","floor":3.0},{"not_picked":["HollowMod:VengefulVoid","HollowMod:DungDefenderAura"],"picked":"HollowMod:GoodIntentions","floor":4.0},{"not_picked":["HollowMod:SharpenedNail","HollowMod:VoidDash"],"picked":"HollowMod:CornifersMapStart","floor":6.0},{"not_picked":["HollowMod:MonarchWings","HollowMod:GreatSlash"],"picked":"HollowMod:SoulShaman","floor":7.0},{"not_picked":["HollowMod:FallenFury","HollowMod:CycloneSlash"],"picked":"HollowMod:SoulEater","floor":11.0},{"not_picked":["HollowMod:RecoilStrike","HollowMod:VengefulVoid"],"picked":"HollowMod:DashSlash","floor":12.0},{"not_picked":["HollowMod:HeavyBlow","HollowMod:ShadowDash"],"picked":"HollowMod:BaldurShell","floor":13.0},{"not_picked":["HollowMod:NewInfectedGuardian","HollowMod:SlysStrikes"],"picked":"HollowMod:AwokenDreamNail","floor":16.0},{"not_picked":["HollowMod:LifebloodCocoon","HollowMod:InfectedAttack","HollowMod:GreatSlash+1"],"picked":"SKIP","floor":18.0},{"not_picked":["HollowMod:HowlingWraiths+1","HollowMod:DashSlash","HollowMod:NewJinnsSoul+1"],"picked":"SKIP","floor":21.0},{"not_picked":["HollowMod:QuirrelsAssistance","HollowMod:theNailsmith"],"picked":"HollowMod:DreamGate+1","floor":24.0},{"not_picked":["HollowMod:VengefulVoid+1","HollowMod:LifebloodCore"],"picked":"HollowMod:SoulSplash","floor":31.0},{"not_picked":["HollowMod:MidwifesHunger","HollowMod:ElderbugsWisdom"],"picked":"HollowMod:AwokenDreamNail","floor":33.0},{"not_picked":["HollowMod:NewLittleFool+1","HollowMod:HowlingWraiths"],"picked":"HollowMod:DesolateDive+1","floor":35},{"not_picked":["HollowMod:HeavyBlow","HollowMod:DescendingDark+1","HollowMod:DashSlash"],"picked":"SKIP","floor":36},{"not_picked":["HollowMod:LifebloodCocoon+1","HollowMod:DashSlash","HollowMod:AwokenDreamNail"],"picked":"SKIP","floor":38},{"not_picked":["HollowMod:BlackTendrils+1","HollowMod:LifebloodCocoon+1","HollowMod:DreamGate+1"],"picked":"SKIP","floor":39},{"not_picked":["HollowMod:HeavyBlow","HollowMod:SharpenedShadows","HollowMod:MawleksShell+1"],"picked":"SKIP","floor":40},{"not_picked":["HollowMod:Grubsong","HollowMod:CycloneSlash"],"picked":"HollowMod:DashSlash","floor":45},{"not_picked":["HollowMod:SoulSplash","HollowMod:SharpenedNail+1","HollowMod:TaintedHusks"],"picked":"SKIP","floor":46},{"not_picked":["HollowMod:SharpenedNail+1","HollowMod:TaintedHusks"],"picked":"HollowMod:SoulSplash","floor":46},{"not_picked":["HollowMod:DescendingDark+1","HollowMod:GreatSlash+1","HollowMod:SharpenedShadows"],"picked":"SKIP","floor":47}],"player_experience":59468,"relics_obtained":[{"floor":6.0,"key":"Centennial Puzzle"},{"floor":9.0,"key":"ReplayTheSpireMod:TigerMarble"},{"floor":26.0,"key":"Smiling Mask"},{"floor":31.0,"key":"PreservedInsect"},{"floor":40,"key":"Strawberry"},{"floor":43,"key":"DemoMod:MemoryAlloy"}],"event_choices":[{"damage_healed":0.0,"max_hp_gain":0.0,"max_hp_loss":0.0,"gold_gain":0.0,"event_name":"Accursed Blacksmith","player_choice":"Forge","floor":2.0,"gold_loss":0.0,"damage_taken":0.0,"cards_upgraded":["HollowMod:HowlingWraiths"]},{"damage_healed":0.0,"max_hp_gain":0.0,"max_hp_loss":0.0,"gold_gain":0.0,"event_name":"Wheel of Change","player_choice":"Cursed","floor":14.0,"gold_loss":0.0,"damage_taken":0.0,"cards_obtained":["Decay"]},{"damage_healed":0.0,"max_hp_gain":0.0,"max_hp_loss":0.0,"gold_gain":99.0,"event_name":"Nest","player_choice":"Stole From Cult","floor":19.0,"gold_loss":0.0,"damage_taken":0.0},{"damage_healed":0.0,"max_hp_gain":0.0,"max_hp_loss":0.0,"gold_gain":0.0,"event_name":"The Mausoleum","player_choice":"Opened","floor":20.0,"gold_loss":0.0,"damage_taken":0.0,"relics_obtained":["DemoMod:PartiallyEatenCheese"],"cards_obtained":["Writhe"]},{"damage_healed":0.0,"max_hp_gain":0.0,"max_hp_loss":24.0,"gold_gain":0.0,"event_name":"Vampires","player_choice":"Became a vampire","floor":28.0,"gold_loss":0.0,"damage_taken":0.0,"cards_obtained":["Bite","Bite","Bite","Bite","Bite"]},{"damage_healed":0.0,"max_hp_gain":5.0,"max_hp_loss":0.0,"gold_gain":0.0,"event_name":"Forgotten Altar","player_choice":"Shed Blood","floor":29.0,"gold_loss":0.0,"damage_taken":14.0},{"damage_healed":0,"gold_gain":0,"player_choice":"Copied","damage_taken":0,"max_hp_gain":0,"max_hp_loss":0,"event_name":"Duplicator","floor":42,"gold_loss":0,"cards_obtained":["HollowMod:HuntersJournal"]}],"is_beta":false,"boss_relics":[{"not_picked":["Ring of Chaos","Tiny House"],"picked":"SlaversCollar"},{"not_picked":["Replay:Ancient Bell","Replay:Wanted Poster"],"picked":"Sozu"}],"items_purged_floors":[5,22,37,48],"is_endless":false,"potions_floor_spawned":[6,7,13,16,24,31,36,38,39,46],"ascension_level":0}}