{"host":"dn6kke80v5f7isus","time":1610986042,"event":{"mods":["AchievementEnabler","Act Like it!","BaseMod","Colored Powertips","Custom Start","Defuse TimeMaze Blight","Duelist Mod","Gremlin Skip","Highlight Path","Hubris","Infinite Spire","Minty Spire (QoL Compilation)","Rare Cards Sparkle","Replay The Spire","StSLib","Uncapped"],"gold_per_floor":[116,116,116,70,88,118,138,149,149,149,182,257,268,268,268,368,368,387,407,407,407,422,422,454,468,542,467,498,498,498,513,513,612,612,625,639,639,639,639,639],"floor_reached":39,"language":"ENG","playtime":3434,"items_purged":["Spreading Infection","Strike_R","Strike_R"],"score":555,"play_id":"5444572d-440f-4806-ae37-469b51bf5d85","local_time":"20210118110722","is_ascension_mode":true,"campfire_choices":[{"data":"Replay:Many Hands","floor":10,"key":"SMITH"},{"floor":15,"key":"REST"},{"data":"Replay:Many Hands","floor":23,"key":"SMITH"},{"floor":30,"key":"REST"},{"floor":32,"key":"REST"}],"circlet_count":0,"master_deck":["Strike_R","Strike_R+1","Strike_R+1","Defend_R","Defend_R","Defend_R","Defend_R","Bash","Heavy Blade","Replay:Many Hands+1","Replay:Many Hands+1","Inflame","Bloodletting","Replay:Undeath\u0027s Touch+1","Pummel+1","ReplayTheSpireMod:Haul","Replay:Undeath\u0027s Touch","Replay:Undeath\u0027s Touch+1"],"relics":["Burning Blood","NeowsBlessing","ReplayTheSpireMod:CursedCoin","ReplayTheSpireMod:Shallot","Oddly Smooth Stone","Replay:WaspNest","Cursed Key","hubris:Towel","Magic Flower","Electric Blood","Ancient Tea Set","Kunai","infinitespire:Beetle Shell","Philosopher\u0027s Stone","Peace Pipe"],"acts_visited":["Exordium","TheCity","TheBeyond"],"potions_floor_usage":[7,13,16,18,22,24,35],"damage_taken":[{"damage":0,"enemies":"2 Louse","floor":1,"turns":1},{"damage":0,"enemies":"Small Slimes","floor":5,"turns":1},{"damage":0,"enemies":"3 Sentries","floor":6,"turns":1},{"damage":8,"enemies":"Jaw Worm","floor":7,"turns":2},{"damage":25,"enemies":"Exordium Thugs","floor":8,"turns":4},{"damage":33,"enemies":"Lagavulin","floor":11,"turns":4},{"damage":1,"enemies":"Gremlin Gang","floor":13,"turns":3},{"damage":33,"enemies":"Hexaghost","floor":16,"turns":7},{"damage":33,"enemies":"2 Thieves","floor":18,"turns":4},{"damage":0,"enemies":"Chosen","floor":19,"turns":3},{"damage":14,"enemies":"Snake Plant","floor":22,"turns":3},{"damage":14,"enemies":"Book of Stabbing","floor":24,"turns":2},{"damage":27,"enemies":"Centurion and Healer","floor":25,"turns":2},{"damage":23,"enemies":"Nightmare","floor":28,"turns":4},{"damage":15,"enemies":"Snecko","floor":31,"turns":2},{"damage":20,"enemies":"Automaton","floor":33,"turns":3},{"damage":11,"enemies":"Orb Walker","floor":35,"turns":2},{"damage":30,"enemies":"3 Darklings","floor":36,"turns":3},{"damage":57,"enemies":"4 Shapes","floor":39,"turns":4}],"seed_played":"-200946866095839745","potions_obtained":[{"floor":1,"key":"AttackPotion"},{"floor":11,"key":"SteroidPotion"},{"floor":13,"key":"Dexterity Potion"},{"floor":16,"key":"BlessingOfTheForge"},{"floor":19,"key":"SkillPotion"},{"floor":22,"key":"LiquidMemories"},{"floor":33,"key":"SteroidPotion"},{"floor":36,"key":"Elixir"}],"is_trial":false,"path_per_floor":["M","?","?","$","M","E","M","M","T","R","E","?","M","?","R","B",null,"M","M","?","AVR","M","R","E","M","T","?","NM","?","R","M","R","B",null,"M","M","?","AVR","M"],"character_chosen":"IRONCLAD","items_purchased":["ReplayTheSpireMod:CursedCoin","Replay:Many Hands"],"campfire_rested":3,"item_purchase_floors":[4,4],"current_hp_per_floor":[80,80,64,64,70,76,74,55,55,55,28,17,22,22,46,19,80,53,59,59,59,54,54,49,31,31,31,17,17,41,35,59,48,80,78,57,57,57,0,0],"gold":639,"neow_bonus":"THREE_ENEMY_KILL","is_daily":false,"chose_seed":false,"campfire_upgraded":2,"win_rate":0.0,"timestamp":1610986042,"path_taken":["M","?","?","?","M","E","M","?","T","R","E","?","M","?","R","BOSS","M","M","?","AVR","M","R","E","M","T","?","NM","?","R","M","R","BOSS","M","?","?","AVR","?"],"items_purchased_type":["Relic","Card"],"build_version":"2020-12-22","purchased_purges":3,"victory":false,"max_hp_per_floor":[80,80,80,80,80,80,80,80,80,80,80,80,80,80,80,80,80,80,80,80,80,80,80,80,80,80,80,80,80,80,80,80,80,80,80,80,80,80,80,80],"card_choices":[{"not_picked":["Sword Boomerang","Headbutt"],"picked":"Heavy Blade","floor":1},{"not_picked":["True Grit","Heavy Blade","Dark Embrace"],"picked":"SKIP","floor":5},{"not_picked":["Rage","Body Slam"],"picked":"Inflame","floor":6},{"not_picked":["Rage","Life Link","Heavy Blade"],"picked":"SKIP","floor":7},{"not_picked":["Uppercut","Blood for Blood","Dropkick"],"picked":"SKIP","floor":8},{"not_picked":["Infernal Blade","ReplayTheSpireMod:LeadingStrike","Twin Strike"],"picked":"SKIP","floor":11},{"not_picked":["Heavy Blade","Anger","Massacre"],"picked":"SKIP","floor":13},{"not_picked":["hubris:SharpeningStone","Shrug It Off","Twin Strike+1"],"picked":"SKIP","floor":18},{"not_picked":["Defy Death","Cleave"],"picked":"Bloodletting","floor":19},{"not_picked":["Armaments","Brutality","Disarm+1"],"picked":"SKIP","floor":22},{"not_picked":["Berserk","Run Through"],"picked":"Replay:Undeath\u0027s Touch+1","floor":24},{"not_picked":["Entrench","Warcry"],"picked":"Pummel+1","floor":25},{"not_picked":["ReplayTheSpireMod:Black Plague","ReplayTheSpireMod:??????????????????????"],"picked":"ReplayTheSpireMod:Haul","floor":28},{"not_picked":["hubris:ReadiedAction","Iron Wave+1","Abandon"],"picked":"SKIP","floor":28},{"not_picked":["True Grit","Flex"],"picked":"Replay:Undeath\u0027s Touch","floor":31},{"not_picked":["Sever Soul+1","ReplayReversal"],"picked":"Replay:Undeath\u0027s Touch+1","floor":35},{"not_picked":["Rage","Anger+1","Heavy Blade+1"],"picked":"SKIP","floor":36}],"player_experience":578567,"relics_obtained":[{"floor":6,"key":"ReplayTheSpireMod:Shallot"},{"floor":9,"key":"Oddly Smooth Stone"},{"floor":11,"key":"Replay:WaspNest"},{"floor":24,"key":"Ancient Tea Set"},{"floor":26,"key":"Kunai"},{"floor":28,"key":"infinitespire:Beetle Shell"}],"event_choices":[{"damage_healed":0,"gold_gain":0,"player_choice":"Entered Light","damage_taken":16,"max_hp_gain":0,"max_hp_loss":0,"event_name":"Shining Light","floor":3,"gold_loss":0,"cards_upgraded":["Strike_R","Strike_R"]},{"damage_healed":0,"gold_gain":75,"player_choice":"Gather Gold","damage_taken":11,"max_hp_gain":0,"max_hp_loss":0,"event_name":"World of Goop","floor":12,"gold_loss":0},{"cards_removed":["Voices"],"damage_healed":0,"gold_gain":0,"player_choice":"Gave Gold","damage_taken":0,"max_hp_gain":0,"max_hp_loss":0,"event_name":"Beggar","floor":27,"gold_loss":75},{"damage_healed":0,"gold_gain":0,"player_choice":"0 cards matched","damage_taken":0,"max_hp_gain":0,"max_hp_loss":0,"event_name":"Match and Keep!","floor":29,"gold_loss":0,"cards_obtained":[]},{"damage_healed":0,"gold_gain":0,"player_choice":"0 cards matched","damage_taken":0,"max_hp_gain":0,"max_hp_loss":0,"event_name":"Match and Keep!","floor":37,"gold_loss":0,"cards_obtained":[]}],"is_beta":false,"boss_relics":[{"not_picked":["Sozu","Ectoplasm"],"picked":"Cursed Key"},{"not_picked":["Runic Dome","ReplayTheSpireMod:SealedPack"],"picked":"Philosopher\u0027s Stone"}],"items_purged_floors":[4,21,38],"is_endless":true,"potions_floor_spawned":[1,11,13,16,19,22,33,36],"killed_by":"4 Shapes","ascension_level":1}}