{"host":"mdbnki27vzqujy5q","time":1610958967,"event":{"mods":["BaseMod","Better Note","Better Skull","Colored Map","Colored Powertips","DeckTracker","Highlight Path","Minty Spire (QoL Compilation)","Quick Restart","Rare Cards Sparkle","StSLib"],"gold_per_floor":[216,216,391,391,406,439,439,477,523,523,523],"floor_reached":10,"language":"ENG","playtime":277,"items_purged":[],"score":85,"play_id":"386cfc18-0bc0-4886-aadd-1d65f5500f96","local_time":"20210118003607","is_ascension_mode":true,"campfire_choices":[{"floor":7.0,"key":"REST"}],"circlet_count":0,"master_deck":["Strike_R","Strike_R","Strike_R","Strike_R","Strike_R","Defend_R","Defend_R","Defend_R","Defend_R","Bash","Thunderclap","Shrug It Off","Clash"],"relics":["Burning Blood","Golden Idol","Tiny Chest","Oddly Smooth Stone","Blood Vial"],"acts_visited":["Exordium"],"potions_floor_usage":[10],"damage_taken":[{"damage":10.0,"enemies":"2 Louse","floor":1.0,"turns":3.0},{"damage":12.0,"enemies":"Jaw Worm","floor":5.0,"turns":2.0},{"damage":40.0,"enemies":"Lagavulin","floor":6.0,"turns":7.0},{"damage":31.0,"enemies":"Gremlin Nob","floor":8.0,"turns":5.0},{"damage":23,"enemies":"Lagavulin","floor":10,"turns":5}],"seed_played":"-551355687008237085","potions_obtained":[{"floor":5.0,"key":"SteroidPotion"},{"floor":8.0,"key":"Block Potion"}],"is_trial":false,"path_per_floor":["M","?","?","?","M","E","R","E","T","E"],"character_chosen":"IRONCLAD","items_purchased":[],"campfire_rested":1,"item_purchase_floors":[],"current_hp_per_floor":[76,56,56,56,50,16,40,15,15,0,0],"gold":523,"neow_bonus":"HUNDRED_GOLD","is_daily":false,"chose_seed":false,"campfire_upgraded":0,"win_rate":0.0,"timestamp":1610958967,"path_taken":["M","?","?","?","M","E","R","E","T","E"],"items_purchased_type":[],"build_version":"2020-12-22","purchased_purges":0,"victory":false,"max_hp_per_floor":[80,80,80,80,80,80,80,80,80,80,80],"card_choices":[{"not_picked":["Whirlwind","Flex"],"picked":"Thunderclap","floor":1.0},{"not_picked":["Entrench","Flex"],"picked":"Shrug It Off","floor":5.0},{"not_picked":["Burning Pact","True Grit","Seeing Red"],"picked":"SKIP","floor":6.0},{"not_picked":["Brutality","Combust"],"picked":"Clash","floor":8.0}],"player_experience":103565,"relics_obtained":[{"floor":6.0,"key":"Tiny Chest"},{"floor":8.0,"key":"Oddly Smooth Stone"},{"floor":9.0,"key":"Blood Vial"}],"event_choices":[{"damage_healed":0.0,"max_hp_gain":0.0,"max_hp_loss":0.0,"gold_gain":0.0,"event_name":"Golden Idol","player_choice":"Take Damage","floor":2.0,"gold_loss":0.0,"damage_taken":20.0,"relics_obtained":["Golden Idol"]},{"damage_healed":0.0,"max_hp_gain":0.0,"max_hp_loss":0.0,"gold_gain":175.0,"event_name":"Liars Game","player_choice":"AGREE","floor":3.0,"gold_loss":0.0,"damage_taken":0.0,"cards_obtained":["Doubt"]},{"cards_removed":["Doubt"],"damage_healed":0.0,"max_hp_gain":0.0,"max_hp_loss":0.0,"gold_gain":0.0,"event_name":"Purifier","player_choice":"Purged","floor":4.0,"gold_loss":0.0,"damage_taken":0.0}],"is_beta":false,"boss_relics":[],"items_purged_floors":[],"is_endless":false,"potions_floor_spawned":[5,8],"killed_by":"Lagavulin","ascension_level":3}}