{"host":"0v07cr0k93jhgkpm","time":1610939791,"event":{"mods":["BaseMod","Colored Map","DeckTracker","Minty Spire (QoL Compilation)","Quick Restart","SuperFastMode"],"gold_per_floor":[109,178,178,178,201,232,245,85,85,85,108,126,145,169,169,265,265,288,288,309,234,234,234],"floor_reached":22,"language":"KOR","playtime":618,"items_purged":["Strike_B"],"score":426,"play_id":"9504ddff-f03f-4463-9248-98255f54e4dd","local_time":"20210118121631","is_ascension_mode":true,"campfire_choices":[{"data":"Double Energy","floor":10.0,"key":"SMITH"},{"data":"Coolheaded","floor":15.0,"key":"SMITH"}],"circlet_count":0,"master_deck":["AscendersBane","Strike_B","Strike_B","Defend_B","Defend_B","Defend_B","Defend_B","Zap+1","Dualcast","Streamline","Coolheaded+1","Sweeping Beam","Leap","Reboot","Conserve Battery","Steam Power","Turbo","Double Energy+1","Compile Driver","Electrodynamics","BootSequence","Ball Lightning","Creative AI","CurseOfTheBell","Sunder","Auto Shields","Tempest"],"relics":["Cracked Core","NeowsBlessing","Golden Idol","Ginger","Orrery","Incense Burner","Calling Bell","Blood Vial","Ornamental Fan","StoneCalendar"],"acts_visited":["Exordium","TheCity"],"potions_floor_usage":[16,16],"damage_taken":[{"damage":0.0,"enemies":"Cultist","floor":1.0,"turns":1.0},{"damage":0.0,"enemies":"2 Louse","floor":5.0,"turns":1.0},{"damage":0.0,"enemies":"Lagavulin","floor":6.0,"turns":1.0},{"damage":0.0,"enemies":"Small Slimes","floor":7.0,"turns":2.0},{"damage":11.0,"enemies":"Exordium Thugs","floor":11.0,"turns":5.0},{"damage":6.0,"enemies":"Gremlin Gang","floor":12.0,"turns":4.0},{"damage":0.0,"enemies":"2 Fungi Beasts","floor":13.0,"turns":2.0},{"damage":0.0,"enemies":"Large Slime","floor":14.0,"turns":3.0},{"damage":18,"enemies":"Hexaghost","floor":16,"turns":8},{"damage":15,"enemies":"Chosen","floor":18,"turns":5},{"damage":21,"enemies":"3 Byrds","floor":20,"turns":4},{"damage":25,"enemies":"Cultist and Chosen","floor":22,"turns":3}],"seed_played":"-7229745670539061791","potions_obtained":[{"floor":1.0,"key":"FocusPotion"},{"floor":11.0,"key":"FocusPotion"},{"floor":12.0,"key":"AttackPotion"}],"is_trial":false,"path_per_floor":["M","?","?","?","M","E","M","$","T","R","M","M","M","M","R","B",null,"M","?","M","$","M"],"character_chosen":"DEFECT","items_purchased":["Orrery"],"campfire_rested":0,"item_purchase_floors":[8],"current_hp_per_floor":[64,64,40,40,40,40,40,40,40,40,29,23,23,23,23,5,55,42,42,23,23,0,0],"gold":234,"neow_bonus":"THREE_ENEMY_KILL","is_daily":false,"chose_seed":false,"campfire_upgraded":2,"win_rate":0.0,"timestamp":1610939791,"path_taken":["M","?","?","?","M","E","M","$","T","R","?","M","M","M","R","BOSS","M","?","M","?","?"],"items_purchased_type":["Relic"],"build_version":"2020-12-22","purchased_purges":1,"victory":false,"max_hp_per_floor":[71,71,71,71,71,71,71,71,71,71,71,71,71,71,71,71,71,71,71,71,71,71,71],"card_choices":[{"not_picked":["Gash","Compile Driver"],"picked":"Streamline","floor":1.0},{"not_picked":["Redo","Undo"],"picked":"Coolheaded","floor":5.0},{"not_picked":["Doom and Gloom","Leap"],"picked":"Sweeping Beam","floor":6.0},{"not_picked":["Steam","Barrage"],"picked":"Leap","floor":7.0},{"not_picked":["Redo","Rip and Tear"],"picked":"Reboot","floor":8.0},{"not_picked":["Tempest","Scrape"],"picked":"Conserve Battery","floor":8.0},{"not_picked":["Beam Cell","Leap"],"picked":"Steam Power","floor":8.0},{"not_picked":["Double Energy","Meteor Strike"],"picked":"Turbo","floor":8.0},{"not_picked":["Capacitor","Beam Cell"],"picked":"Double Energy","floor":8.0},{"not_picked":["Storm","Cold Snap"],"picked":"Compile Driver","floor":11.0},{"not_picked":["Reprogram","Auto Shields"],"picked":"Electrodynamics","floor":12.0},{"not_picked":["Undo","Chaos"],"picked":"BootSequence","floor":13.0},{"not_picked":["Gash","Hologram"],"picked":"Ball Lightning","floor":14.0},{"not_picked":["Multi-Cast","Seek"],"picked":"Creative AI","floor":16},{"not_picked":["Gash","Cold Snap"],"picked":"Sunder","floor":18},{"not_picked":["Loop","Rip and Tear"],"picked":"Tempest","floor":20}],"player_experience":2501772,"relics_obtained":[{"floor":6.0,"key":"Ginger"},{"floor":9.0,"key":"Incense Burner"},{"floor":17,"key":"Blood Vial"},{"floor":17,"key":"Ornamental Fan"},{"floor":17,"key":"StoneCalendar"}],"event_choices":[{"damage_healed":0.0,"max_hp_gain":0.0,"max_hp_loss":0.0,"gold_gain":69.0,"event_name":"Golden Wing","player_choice":"Gained Gold","floor":2.0,"gold_loss":0.0,"damage_taken":0.0},{"damage_healed":0.0,"max_hp_gain":0.0,"max_hp_loss":0.0,"gold_gain":0.0,"event_name":"Golden Idol","player_choice":"Take Damage","floor":3.0,"gold_loss":0.0,"damage_taken":24.0,"relics_obtained":["Golden Idol"]},{"damage_healed":0.0,"max_hp_gain":0.0,"max_hp_loss":0.0,"gold_gain":0.0,"event_name":"Accursed Blacksmith","player_choice":"Forge","floor":4.0,"gold_loss":0.0,"damage_taken":0.0,"cards_upgraded":["Zap"]},{"damage_healed":0,"gold_gain":0,"cards_transformed":["Strike_B"],"player_choice":"Transformed","damage_taken":0,"max_hp_gain":0,"max_hp_loss":0,"event_name":"Transmorgrifier","floor":19,"gold_loss":0,"cards_obtained":["Auto Shields"]}],"is_beta":false,"boss_relics":[{"not_picked":["Velvet Choker","Tiny House"],"picked":"Calling Bell"}],"items_purged_floors":[21],"is_endless":false,"potions_floor_spawned":[1,11,12],"killed_by":"Cultist and Chosen","ascension_level":20}}