{"host":"x2bb8tnu3h3a650h","time":1610935035,"event":{"mods":["AchievementEnabler","Aspiration","BaseMod","BetterRewards","Colored Map","Conspire","Defuse TimeMaze Blight","Energized Spire","Halation","Hermit","Highlight Path","Hubris","Infinite Spire","Mimic Mod","Minty Spire (QoL Compilation)","Permanent Neow","Rare Cards Sparkle","Replay The Spire","Shop Mod","Spicy Shops","StSLib","The Cursed","The Jungle","Wandering Minibosses","vexMod"],"gold_per_floor":[110,124,153,153,39,39,55,71,104,104,129,147,160,184,184,184,287,287,300,331,331,343,343,376,387,387,387,387,418,63,78,94,94,197,197,197,296,962,982,90,113,113,141,141,176,198,198,198,198,198,221,278,278,386,386,408,408,420,10,27,27,27,42,42,65,76,89,89,89,182,182,194,213,56,56,56,56,56,67,67,67,78,78,163,163,163,257,257,269,320,420,39,73,73,73,120,120,187,227,227,227,331,331,331,249,302,459],"floor_reached":114,"language":"ENG","playtime":4911,"items_purged":["TheCursedMod:CleanUpWorkshop","Looming Evil","TheCursedMod:SpitefulPlan","hubris:Greed","TheCursedMod:ShockAndAwe","TheCursedMod:CursedShiv","TheCursedMod:CursedShiv+1","TheCursedMod:CursedArmor"],"score":3712,"play_id":"b6c1b954-c4b4-45bf-989f-e52ac179559e","local_time":"20210118015715","is_ascension_mode":false,"campfire_choices":[{"data":"TheCursedMod:CircleOfAmplification","floor":6,"key":"SMITH"},{"data":"TheCursedMod:CircleOfFocus","floor":15,"key":"SMITH"},{"data":"TheCursedMod:VoidForm","floor":16,"key":"SMITH"},{"data":"TheCursedMod:CircleOfAmplification","floor":26,"key":"SMITH"},{"data":"TheCursedMod:ShockAndAwe","floor":28,"key":"SMITH"},{"floor":33,"key":"REST"},{"floor":36,"key":"RECALL"},{"data":"TheCursedMod:HellfireBreathing","floor":44,"key":"SMITH"},{"floor":48,"key":"REST"},{"floor":53,"key":"REST"},{"data":"TheCursedMod:SpitefulPlan","floor":62,"key":"SMITH"},{"data":"TheCursedMod:CursedRelics","floor":70,"key":"SMITH"},{"data":"TheCursedMod:CursedSpellbook","floor":78,"key":"SMITH"},{"data":"TheCursedMod:CircleOfAmplification","floor":87,"key":"SMITH"},{"data":"TheCursedMod:CursedSpellbook","floor":90,"key":"SMITH"},{"data":"TheCursedMod:LuckyCharm","floor":100,"key":"SMITH"},{"data":"TheCursedMod:CursedRelics","floor":103,"key":"SMITH"},{"floor":107,"key":"REST"},{"data":"TheCursedMod:DemonSword","floor":110,"key":"SMITH"}],"circlet_count":0,"master_deck":["TheCursedMod:CursedSpellbook+1","TheCursedMod:LuckyCharm+1","TheCursedMod:ShockAndAwe+1","TheCursedMod:CircleOfBlood","TheCursedMod:CircleOfFocus+1","TheCursedMod:CircleOfAmplification+1","TheCursedMod:VoidForm+1","TheCursedMod:CursedSpellbook+1","TheCursedMod:CircleOfWindfury+1","TheCursedMod:HellfireBreathing+1","TheCursedMod:CursedSpellbook+1","TheCursedMod:SpitefulPlan+1","TheCursedMod:AbyssShockwave","TheCursedMod:DemonSword","TheCursedMod:CircleOfAmplification+1","TheCursedMod:HellsGateOpen+1","TheCursedMod:CircleOfAbyss","hubris:Greed","TheCursedMod:DemonSword+1","TheCursedMod:CursedRelics+1","TheCursedMod:CircleOfAmplification+1","TheCursedMod:CursedRelics+1","CurseOfTheBell","TheCursedMod:SpitefulPray+1","TheCursedMod:CursedSpellbook+1"],"relics":["TheCursedMod:OminousMark","wanderingMiniBosses:CarrionFlame","vexMod:FocusSash","Odd Mushroom","Regal Pillow","Red Mask","Du-Vu Doll","Shuriken","hubris:DeckOfHolding","Toy Ornithopter","Mummified Hand","halation:PromiseList","vexMod:RockOfEvil","hubris:CuriousFeather","hubris:SlimyHat","MerchantsRug","ClockworkSouvenir","Boot","Darkstone Periapt","infinitespire:Joker Card","Philosopher\u0027s Stone","infinitespire:EmpoweringShard","hubris:Teleporter","vexMod:ConsolationPrize","Busted Crown","ReplayTheSpireMod:ShopPack","halation:WeightlessCrab","Ring of Misfortune","ReplayTheSpireMod:Ring of Addiction","Potion Belt","hubris:EmptyBottle","SacredBark","Calling Bell","TheCursedMod:CrystalBall","halation:PrussianBluePaint","StrikeDummy","TheCursedMod:SoulVessel","Replay:Bandana","infinitespire:Midas Blood","infinitespire:BlackEgg","halation:Prosthetics","TheCursedMod:MagicCandle"],"acts_visited":["Exordium","TheCity","TheBeyond","Exordium","TheCity","TheBeyond","TheEnding"],"potions_floor_usage":[34,34,37,45,45,52,54,65,71,88,88,93,93,104,108,108,112,113,113,113,113],"damage_taken":[{"damage":0,"enemies":"Small Slimes","floor":1,"turns":5},{"damage":27,"enemies":"2 Louse","floor":2,"turns":6},{"damage":0,"enemies":"conspire:MimicChest","floor":3,"turns":3},{"damage":11,"enemies":"Jaw Worm","floor":7,"turns":2},{"damage":0,"enemies":"Exordium Thugs","floor":8,"turns":3},{"damage":0,"enemies":"3 Louse","floor":9,"turns":4},{"damage":6,"enemies":"The Mushroom Lair","floor":11,"turns":2},{"damage":0,"enemies":"3 Louse","floor":12,"turns":1},{"damage":0,"enemies":"Looter","floor":13,"turns":1},{"damage":5,"enemies":"The Guardian","floor":17,"turns":9},{"damage":11,"enemies":"Spheric Guardian","floor":19,"turns":3},{"damage":0,"enemies":"Masked Bandits","floor":20,"turns":2},{"damage":0,"enemies":"Chosen","floor":22,"turns":2},{"damage":9,"enemies":"Nightmare","floor":24,"turns":5},{"damage":10,"enemies":"Sentry and Sphere","floor":25,"turns":3},{"damage":9,"enemies":"Book of Stabbing","floor":29,"turns":3},{"damage":0,"enemies":"Snecko","floor":31,"turns":2},{"damage":15,"enemies":"Snake Plant","floor":32,"turns":2},{"damage":15,"enemies":"Automaton","floor":34,"turns":3},{"damage":0,"enemies":"Automaton","floor":37,"turns":3},{"damage":1,"enemies":"3 Shapes","floor":39,"turns":1},{"damage":0,"enemies":"Orb Walker","floor":41,"turns":2},{"damage":0,"enemies":"Jaw Worm Horde","floor":43,"turns":2},{"damage":32,"enemies":"Nemesis","floor":45,"turns":5},{"damage":0,"enemies":"4 Shapes","floor":46,"turns":2},{"damage":12,"enemies":"Transient","floor":51,"turns":4},{"damage":18,"enemies":"2 Orb Walkers","floor":52,"turns":2},{"damage":72,"enemies":"conspire:OrnateMirror","floor":54,"turns":5},{"damage":0,"enemies":"2 Louse","floor":56,"turns":1},{"damage":4,"enemies":"Small Slimes","floor":58,"turns":3},{"damage":17,"enemies":"Jaw Worm","floor":60,"turns":2},{"damage":0,"enemies":"Lots of Slimes","floor":63,"turns":1},{"damage":0,"enemies":"3 Sentries","floor":65,"turns":2},{"damage":0,"enemies":"Gremlin Gang","floor":66,"turns":1},{"damage":0,"enemies":"Looter","floor":68,"turns":1},{"damage":0,"enemies":"Hexaghost","floor":71,"turns":2},{"damage":0,"enemies":"3 Byrds","floor":73,"turns":1},{"damage":0,"enemies":"Spheric Guardian","floor":75,"turns":1},{"damage":0,"enemies":"Snake Plant","floor":82,"turns":1},{"damage":0,"enemies":"Cultist and Chosen","floor":86,"turns":1},{"damage":0,"enemies":"Collector","floor":88,"turns":2},{"damage":0,"enemies":"Collector","floor":91,"turns":3},{"damage":0,"enemies":"3 Darklings","floor":93,"turns":1},{"damage":0,"enemies":"2 Orb Walkers","floor":94,"turns":2},{"damage":0,"enemies":"3 Shapes","floor":99,"turns":1},{"damage":0,"enemies":"Jaw Worm Horde","floor":102,"turns":1},{"damage":24,"enemies":"Spire Growth","floor":104,"turns":2},{"damage":0,"enemies":"3 Darklings","floor":105,"turns":1},{"damage":0,"enemies":"LordOfAnnihilation","floor":108,"turns":11},{"damage":0,"enemies":"Shield and Spear","floor":112,"turns":1},{"damage":6,"enemies":"The Heart","floor":113,"turns":4}],"seed_played":"-1447744195163979147","potions_obtained":[{"floor":3,"key":"Milkshake"},{"floor":8,"key":"Venom Potion"},{"floor":12,"key":"Ancient Potion"},{"floor":34,"key":"Swift Potion"},{"floor":37,"key":"Doom Potion"},{"floor":41,"key":"Energy Potion"},{"floor":51,"key":"Reflective Coating"},{"floor":52,"key":"Elixir"},{"floor":54,"key":"GamblersBrew"},{"floor":56,"key":"Elixir"},{"floor":58,"key":"Weak Potion"},{"floor":65,"key":"SkillPotion"},{"floor":71,"key":"SteroidPotion"},{"floor":73,"key":"Swift Potion"},{"floor":82,"key":"Energy Potion"},{"floor":83,"key":"Regen Potion"},{"floor":83,"key":"Doom Potion"},{"floor":93,"key":"Doom Potion"},{"floor":94,"key":"Energy Potion"},{"floor":102,"key":"Dexterity Potion"}],"is_trial":false,"path_per_floor":["M","M","?","?","$","R","M","M","MIM","$","?","M","M","T","R","R","B",null,"M","?","?","M","?","NM","M","R","T","R","E","$","M","M","R","B",null,"R_BF","B",null,"M","$","M","?","M","R","E","M","T","R","?","?","M","?","R","B",null,"M","AVR","M","$","M","?","R","M","T","E","M","M","?","R","B",null,"M","M","$","R","?","?","T","M","?","$","M","R","B",null,"R","B",null,"M","?","?","$","M","R","T","M","R","M","M","?","R","B",null,"R","$","E","B",null],"character_chosen":"THE_CURSED","items_purchased":["TheCursedMod:CircleOfWindfury","Mummified Hand","hubris:CuriousFeather","hubris:SlimyHat","MerchantsRug","ClockworkSouvenir","infinitespire:EmpoweringShard","Fire Potion","ReplayTheSpireMod:ShopPack","Replay:Bandana","SkillPotion","ColorlessPotion"],"campfire_rested":4,"item_purchase_floors":[5,30,40,40,40,40,59,76,76,97,111,111],"current_hp_per_floor":[75,48,50,72,72,72,63,63,65,65,63,65,67,67,67,67,64,75,66,68,68,70,70,65,57,57,57,57,54,54,58,49,75,64,64,64,73,75,75,75,75,75,75,75,52,52,52,75,71,71,63,50,71,4,71,71,71,69,69,52,52,52,52,52,57,61,61,61,61,70,71,71,71,71,71,71,71,71,71,71,71,71,71,69,69,69,69,73,73,73,73,73,71,71,71,69,69,46,46,46,69,67,32,32,32,30,30],"gold":459,"neow_bonus":"NOSTALGIA","is_daily":false,"chose_seed":false,"campfire_upgraded":14,"win_rate":0.0,"timestamp":1610935035,"path_taken":["M","M","?","?","?","R","M","M","MIM","$","?","?","M","?","R","R","BOSS","M","?","?","M","?","NM","M","R","T","R","E","$","M","M","R","BOSS","R_BF","BOSS","M","$","M","?","M","R","E","M","T","R","?","?","?","?","R","BOSS","M","AVR","M","$","M","?","R","M","T","E","?","M","?","R","BOSS","M","M","$","R","?","?","T","M","?","?","M","R","BOSS","R","BOSS","M","?","?","$","M","R","T","M","R","M","?","?","R","BOSS","R","$","E","BOSS"],"items_purchased_type":["Card","Relic","Relic","Relic","Relic","Relic","Relic","Potion","Relic","Relic","Potion","Potion"],"build_version":"2020-12-22","purchased_purges":8,"victory":true,"max_hp_per_floor":[75,75,75,75,75,75,75,75,75,75,75,75,75,75,75,75,75,75,75,75,75,75,75,75,75,75,75,75,75,75,75,75,75,75,75,75,75,75,75,75,75,75,75,75,75,75,75,75,71,71,71,71,71,71,71,71,71,71,71,71,71,71,71,71,71,71,71,71,71,71,71,71,71,71,71,71,71,71,71,71,71,71,71,69,69,69,69,73,73,73,73,73,71,71,71,69,69,69,69,69,69,67,32,32,32,30,30],"card_choices":[{"not_picked":["TheCursedMod:PrepareRite","TheCursedMod:CursedBlade"],"picked":"TheCursedMod:CursedShiv","floor":1},{"not_picked":["TheCursedMod:Obscuration","TheCursedMod:Stigma","TheCursedMod:SmokeScreen"],"picked":"SKIP","floor":2},{"not_picked":["TheCursedMod:SoulReap","TheCursedMod:CircleOfFlame"],"picked":"TheCursedMod:CursedSpellbook","floor":3},{"not_picked":["TheCursedMod:RavingStaff","TheCursedMod:RapidMovement","TheCursedMod:WearCloak"],"picked":"SKIP","floor":7},{"not_picked":["TheCursedMod:CircleOfBlood","TheCursedMod:WearCloak"],"picked":"TheCursedMod:HellfireBreathing","floor":8},{"not_picked":["TheCursedMod:CircleOfFlame","TheCursedMod:CursedMace"],"picked":"TheCursedMod:CursedSpellbook","floor":11},{"not_picked":["TheCursedMod:SpitefulStrike","TheCursedMod:VitalStrike"],"picked":"TheCursedMod:SpitefulPlan","floor":12},{"not_picked":["TheCursedMod:AntiAging","TheCursedMod:TacticalStrike"],"picked":"TheCursedMod:AbyssShockwave","floor":13},{"not_picked":["TheCursedMod:OutForBlood","TheCursedMod:DarkBarrier"],"picked":"TheCursedMod:DemonSword","floor":17},{"not_picked":["TheCursedMod:CircleOfCorruption","TheCursedMod:TacticalStrike"],"picked":"TheCursedMod:CircleOfAmplification","floor":19},{"not_picked":["TheCursedMod:Stretching","TheCursedMod:EmpowerCircles","TheCursedMod:FuryStrike+1"],"picked":"SKIP","floor":22},{"not_picked":["TheCursedMod:NeowsMight","TheCursedMod:BlessingInDisguise","TheCursedMod:BloodBarrier"],"picked":"SKIP","floor":24},{"not_picked":["TheCursedMod:TacticalStrike","TheCursedMod:SpitefulPlan+1","TheCursedMod:PrepareRite"],"picked":"SKIP","floor":25},{"not_picked":["TheCursedMod:EmpowerCircles","TheCursedMod:TacticalStrike","TheCursedMod:VitalStrike+1"],"picked":"SKIP","floor":29},{"not_picked":["TheCursedMod:FleshFromBone","TheCursedMod:SaltUponWound+1"],"picked":"TheCursedMod:HellsGateOpen+1","floor":31},{"not_picked":["TheCursedMod:Grudge","TheCursedMod:RapidMovement","TheCursedMod:CursedMace"],"picked":"SKIP","floor":32},{"not_picked":["TheCursedMod:DemonSword","TheCursedMod:VoidForm"],"picked":"TheCursedMod:CircleOfAbyss","floor":34},{"not_picked":["TheCursedMod:VoidForm","TheCursedMod:Neurasthenia"],"picked":"TheCursedMod:ShockAndAwe","floor":37},{"not_picked":["TheCursedMod:EmpowerCircles+1","TheCursedMod:SurpriseAttack","TheCursedMod:SpitefulStrike"],"picked":"SKIP","floor":39},{"not_picked":["TheCursedMod:WearCloak+1","TheCursedMod:SurpriseAttack+1","TheCursedMod:Obscuration"],"picked":"SKIP","floor":41},{"not_picked":["TheCursedMod:SoulCrush","TheCursedMod:FleshFromBone+1","TheCursedMod:Hemoplague"],"picked":"SKIP","floor":43},{"not_picked":["TheCursedMod:Stretching+1","TheCursedMod:CursedShiv+1","TheCursedMod:Obscuration+1"],"picked":"SKIP","floor":45},{"not_picked":["TheCursedMod:AshesToAshes","TheCursedMod:SurpriseAttack"],"picked":"TheCursedMod:DemonSword","floor":46},{"not_picked":["TheCursedMod:RavingStaff","TheCursedMod:WearCloak+1","TheCursedMod:SpitefulStrike+1"],"picked":"SKIP","floor":51},{"not_picked":["TheCursedMod:ShockAndAwe","TheCursedMod:Neurasthenia"],"picked":"TheCursedMod:CursedRelics","floor":54},{"not_picked":["TheCursedMod:EmpowerCircles","TheCursedMod:SoulCrush","TheCursedMod:Grudge"],"picked":"SKIP","floor":56},{"not_picked":["TheCursedMod:RavingStaff","TheCursedMod:SurpriseAttack","TheCursedMod:Torture"],"picked":"SKIP","floor":58},{"not_picked":["TheCursedMod:SaltUponWound","TheCursedMod:RapidMovement","TheCursedMod:CursedAmulet"],"picked":"SKIP","floor":60},{"not_picked":["TheCursedMod:ReleasedStrength","TheCursedMod:TacticalStrike","TheCursedMod:SpreadPlague"],"picked":"SKIP","floor":63},{"not_picked":["TheCursedMod:CircleOfAbyss","TheCursedMod:CursedAmulet","TheCursedMod:CursedSpellbook"],"picked":"SKIP","floor":65},{"not_picked":["TheCursedMod:CursedBlade","TheCursedMod:RapidMovement","TheCursedMod:VitalStrike"],"picked":"SKIP","floor":66},{"not_picked":["TheCursedMod:HellsGateOpen","TheCursedMod:CircleOfFlame","TheCursedMod:Obscuration"],"picked":"SKIP","floor":68},{"not_picked":["TheCursedMod:TacticalStrike"],"picked":"SKIP","floor":73},{"not_picked":["TheCursedMod:CursedBlade"],"picked":"SKIP","floor":75},{"not_picked":["TheCursedMod:SoulReap"],"picked":"SKIP","floor":82},{"not_picked":["TheCursedMod:Stretching"],"picked":"SKIP","floor":86},{"not_picked":[],"picked":"TheCursedMod:CursedRelics","floor":88},{"not_picked":["TheCursedMod:Torture+1"],"picked":"SKIP","floor":93},{"not_picked":["TheCursedMod:CursedBlade"],"picked":"SKIP","floor":99},{"not_picked":["TheCursedMod:CursedShiv"],"picked":"SKIP","floor":102},{"not_picked":["TheCursedMod:SpitefulPlan"],"picked":"SKIP","floor":104},{"not_picked":[],"picked":"TheCursedMod:SpitefulPray+1","floor":105},{"not_picked":[],"picked":"TheCursedMod:CursedSpellbook+1","floor":112}],"player_experience":552185,"relics_obtained":[{"floor":9,"key":"wanderingMiniBosses:CarrionFlame"},{"floor":9,"key":"vexMod:FocusSash"},{"floor":11,"key":"Odd Mushroom"},{"floor":14,"key":"Regal Pillow"},{"floor":20,"key":"Red Mask"},{"floor":24,"key":"Shuriken"},{"floor":27,"key":"hubris:DeckOfHolding"},{"floor":29,"key":"Toy Ornithopter"},{"floor":45,"key":"Boot"},{"floor":47,"key":"Darkstone Periapt"},{"floor":52,"key":"infinitespire:Joker Card"},{"floor":64,"key":"hubris:Teleporter"},{"floor":65,"key":"vexMod:ConsolationPrize"},{"floor":81,"key":"halation:WeightlessCrab"},{"floor":83,"key":"Ring of Misfortune"},{"floor":83,"key":"ReplayTheSpireMod:Ring of Addiction"},{"floor":83,"key":"Potion Belt"},{"floor":83,"key":"hubris:EmptyBottle"},{"floor":92,"key":"TheCursedMod:CrystalBall"},{"floor":92,"key":"halation:PrussianBluePaint"},{"floor":92,"key":"StrikeDummy"},{"floor":94,"key":"TheCursedMod:SoulVessel"},{"floor":101,"key":"infinitespire:Midas Blood"},{"floor":112,"key":"TheCursedMod:MagicCandle"}],"event_choices":[{"damage_healed":0,"gold_gain":0,"player_choice":"Fought Mushrooms","damage_taken":0,"max_hp_gain":0,"max_hp_loss":0,"event_name":"Mushrooms","floor":11,"gold_loss":0},{"damage_healed":0,"gold_gain":0,"player_choice":"Fought Bandits","damage_taken":0,"max_hp_gain":0,"max_hp_loss":0,"event_name":"Masked Bandits","floor":20,"gold_loss":0},{"damage_healed":0,"gold_gain":0,"player_choice":"Read","damage_taken":0,"max_hp_gain":0,"max_hp_loss":0,"event_name":"The Library","floor":23,"gold_loss":0,"cards_obtained":["TheCursedMod:CursedShiv"]},{"damage_healed":0,"gold_gain":0,"player_choice":"Max HP","damage_taken":0,"max_hp_gain":0,"max_hp_loss":4,"event_name":"Winding Halls","floor":49,"gold_loss":0},{"damage_healed":0,"gold_gain":0,"player_choice":"Memory 1","damage_taken":0,"max_hp_gain":0,"max_hp_loss":0,"event_name":"SensoryStone","floor":50,"gold_loss":0},{"damage_healed":0,"gold_gain":0,"player_choice":"Fight","damage_taken":0,"max_hp_gain":0,"max_hp_loss":0,"event_name":"Mysterious Sphere","floor":52,"gold_loss":0},{"damage_healed":0,"gold_gain":0,"player_choice":"Forge","damage_taken":0,"max_hp_gain":0,"max_hp_loss":0,"event_name":"Accursed Blacksmith","floor":61,"gold_loss":0,"cards_upgraded":["TheCursedMod:CircleOfWindfury"]},{"damage_healed":0,"gold_gain":0,"player_choice":"Read","damage_taken":0,"max_hp_gain":0,"max_hp_loss":0,"event_name":"The Library","floor":79,"gold_loss":0,"cards_obtained":["TheCursedMod:CircleOfAmplification"]},{"damage_healed":0,"gold_gain":0,"player_choice":"Fight","damage_taken":0,"max_hp_gain":0,"max_hp_loss":0,"event_name":"Mysterious Sphere","floor":94,"gold_loss":0},{"damage_healed":0,"gold_gain":100,"player_choice":"Pray","damage_taken":0,"max_hp_gain":0,"max_hp_loss":0,"event_name":"Golden Shrine","floor":96,"gold_loss":0},{"damage_healed":0,"gold_gain":0,"player_choice":"Leave","damage_taken":0,"max_hp_gain":0,"max_hp_loss":0,"event_name":"conspire:Investor","floor":106,"gold_loss":0}],"is_beta":false,"boss_relics":[{"not_picked":["halation:PlatinumPhoenix","halation:HeavySnake","Sozu"]},{"not_picked":["hubris:Stopwatch","hubris:GrandSneckoEye"],"picked":"hubris:Backtick"},{"not_picked":["vexMod:TanglingVine","Coffee Dripper"],"picked":"vexMod:RockOfEvil"},{"not_picked":["halation:ForbiddenBikini","ChewingGum"],"picked":"vexMod:EndlessSickness"},{"not_picked":["halation:HeavySnake","hubris:CrackedHourglass"],"picked":"Busted Crown"},{"not_picked":["Replay:Bronze Core","energizedSpire:SpiderWeb"],"picked":"SacredBark"},{"not_picked":["hubris:BlackHole","Tiny House"],"picked":"Calling Bell"},{"not_picked":["energizedSpire:HugeHouse","vexMod:ImprovementManual"],"picked":"halation:Prosthetics"}],"items_purged_floors":[5,30,40,57,59,76,76,97],"is_endless":true,"potions_floor_spawned":[3,8,12,19,24,34,37,41,51,52,54,56,58,65,66,71,73,82,93,94,102,105,108,112],"ascension_level":0}}