{"host":"bw00wb7p5bw58om7","time":1610972355,"event":{"mods":["Act Like it!","BaseMod","Better Third Choice","CapriCore","Chen","Downfall","Gensokyo","Koishi","KomeijiMod","Marisa????????","Minty Spire (QoL Compilation)","Onozuka Komachi Mod","Permanent Neow","Prisma Mod","Reimu??????","Remilia??????","StSLib","The Administrix","The Immortal","The Senshi","The Servant 0.9.4","Yakumo Yukari mod"],"gold_per_floor":[114,125,137,67,67,67,111,127,153,182,228,228,242,47,47,47,47],"floor_reached":16,"language":"ENG","playtime":558,"items_purged":[],"score":117,"play_id":"43490f96-f58e-43f2-bdc4-be1bc2b3690f","local_time":"20210118121915","is_ascension_mode":true,"campfire_choices":[{"data":"Gensokyo:CrescentMoonSlash","floor":6,"key":"SMITH"},{"data":"DarkMatter","floor":12,"key":"SMITH"},{"data":"GalacticHalo","floor":15,"key":"SMITH"}],"circlet_count":0,"master_deck":["Strike_MRS","Strike_MRS","Strike_MRS","Strike_MRS","Defend_MRS","Defend_MRS","Defend_MRS","Defend_MRS","MasterSpark+1","UpSweep","DoubleSpark","MysteriousBeam","PowerUp","WitchOfGreed","PowerUp","Gensokyo:CrescentMoonSlash+1","Singularity","EnergyFlow","DarkMatter+1","StarlightTyphoon","EnergyFlow","GalacticHalo+1"],"relics":["MiniHakkero","Bag of Preparation","Toy Ornithopter","Mastiff:ReiMu","Lantern"],"acts_visited":["Gensokyo:Gensokyo"],"potions_floor_usage":[11,11],"damage_taken":[{"damage":3,"enemies":"Gensokyo:2_Kodama","floor":1,"turns":3},{"damage":6,"enemies":"Gensokyo:Python","floor":2,"turns":3},{"damage":0,"enemies":"Gensokyo:3_Fairies","floor":3,"turns":3},{"damage":11,"enemies":"Gensokyo:Aya","floor":7,"turns":5},{"damage":14,"enemies":"Gensokyo:Gryphon_and_Rabbit","floor":8,"turns":3},{"damage":8,"enemies":"Gensokyo:VengefulSpirit","floor":10,"turns":3},{"damage":5,"enemies":"Gensokyo:Cirno","floor":11,"turns":6},{"damage":0,"enemies":"Gensokyo:Kitsune","floor":13,"turns":2},{"damage":27,"enemies":"Gensokyo:Yukari","floor":16,"turns":2}],"seed_played":"-1625504251063060374","potions_obtained":[{"floor":1,"key":"SteroidPotion"},{"floor":2,"key":"Block Potion"},{"floor":10,"key":"Energy Potion"},{"floor":11,"key":"Explosive Potion"}],"is_trial":false,"path_per_floor":["M","M","M","$","?","R","E","M","T","M","E","R","M","$","R","B"],"character_chosen":"MARISA","items_purchased":["WitchOfGreed","PowerUp","GalacticHalo","Lantern"],"campfire_rested":0,"item_purchase_floors":[4,4,14,14],"current_hp_per_floor":[72,66,66,66,55,55,44,30,30,22,27,27,27,27,27,0,0],"gold":47,"neow_bonus":"UPGRADE_CARD","is_daily":false,"chose_seed":false,"campfire_upgraded":3,"win_rate":0.0,"timestamp":1610972355,"path_taken":["M","M","?","?","?","R","E","M","T","M","E","R","?","$","R","BOSS"],"items_purchased_type":["Card","Card","Card","Relic"],"build_version":"2020-12-22","purchased_purges":0,"victory":false,"max_hp_per_floor":[75,75,75,75,75,75,75,75,75,75,75,75,75,75,75,75,75],"card_choices":[{"not_picked":["OpenUniverse","WitchLeyline"],"picked":"DoubleSpark","floor":1},{"not_picked":["GravityBeat","SporeBomb"],"picked":"MysteriousBeam","floor":2},{"not_picked":["ShootingEcho","IllusionStar"],"picked":"PowerUp","floor":3},{"not_picked":["IllusionStar","MagicChant"],"picked":"Singularity","floor":7},{"not_picked":["GalacticHalo","AlicesGift"],"picked":"EnergyFlow","floor":8},{"not_picked":["StarlightTyphoon","DoubleSpark"],"picked":"DarkMatter","floor":10},{"not_picked":["ChargingUp","6A"],"picked":"StarlightTyphoon","floor":11},{"not_picked":["ChargeUpSpray","IllusionStar"],"picked":"EnergyFlow","floor":13}],"player_experience":263237,"relics_obtained":[{"floor":7,"key":"Bag of Preparation"},{"floor":9,"key":"Toy Ornithopter"},{"floor":11,"key":"Mastiff:ReiMu"}],"event_choices":[],"is_beta":false,"boss_relics":[],"items_purged_floors":[],"is_endless":false,"potions_floor_spawned":[1,2,10],"killed_by":"Gensokyo:Yukari","ascension_level":1}}