{"host":"r0vmyty6lrh6xfm3","time":1610940413,"event":{"mods":["BaseMod","Bestiary","Colored Map","Colored Powertips","DeckTracker","Highlight Path","Minty Spire (QoL Compilation)","Quick Restart","Relic Stats","StSLib"],"gold_per_floor":[115,135,152,166,226,226,259,259,259,276,201,232,251,277,277,350,350,370,370,390,404,20,53,53,53,53],"floor_reached":25,"language":"ENG","playtime":1062,"items_purged":[],"score":536,"play_id":"77cdbcba-82c2-4b17-953e-9e0f89846c8c","local_time":"20210117212653","is_ascension_mode":true,"campfire_choices":[{"data":"Blade Dance","floor":6.0,"key":"SMITH"},{"data":"Footwork","floor":8.0,"key":"SMITH"},{"data":"Catalyst","floor":15.0,"key":"SMITH"},{"floor":24.0,"key":"REST"}],"circlet_count":0,"master_deck":["AscendersBane","Strike_G","Strike_G","Strike_G","Strike_G","Strike_G","Defend_G","Defend_G","Defend_G","Defend_G","Defend_G","Survivor","Neutralize","Corpse Explosion","Quick Slash","Backstab","Noxious Fumes","Blade Dance+1","Footwork+1","Catalyst+1","Catalyst","Footwork","Acrobatics","After Image","Calculated Gamble","Crippling Poison","Terror","Caltrops","Outmaneuver"],"relics":["Ring of the Snake","Ninja Scroll","Bird Faced Urn","Du-Vu Doll","Ancient Tea Set","Black Star","InkBottle","Anchor","Vajra"],"acts_visited":["Exordium","TheCity"],"potions_floor_usage":[25],"damage_taken":[{"damage":1.0,"enemies":"Cultist","floor":1.0,"turns":4.0},{"damage":1.0,"enemies":"Small Slimes","floor":2.0,"turns":3.0},{"damage":0.0,"enemies":"2 Louse","floor":3.0,"turns":1.0},{"damage":4.0,"enemies":"Looter","floor":4.0,"turns":4.0},{"damage":17.0,"enemies":"Lagavulin","floor":7.0,"turns":6.0},{"damage":0.0,"enemies":"3 Louse","floor":10.0,"turns":1.0},{"damage":0.0,"enemies":"Gremlin Nob","floor":12.0,"turns":3.0},{"damage":1.0,"enemies":"Red Slaver","floor":13.0,"turns":4.0},{"damage":21.0,"enemies":"Lagavulin","floor":14.0,"turns":6.0},{"damage":18.0,"enemies":"Hexaghost","floor":16.0,"turns":6.0},{"damage":17.0,"enemies":"2 Thieves","floor":18.0,"turns":2.0},{"damage":2.0,"enemies":"Chosen","floor":20.0,"turns":6.0},{"damage":11.0,"enemies":"3 Cultists","floor":21.0,"turns":3.0},{"damage":46.0,"enemies":"Book of Stabbing","floor":23.0,"turns":5.0},{"damage":21,"enemies":"Slavers","floor":25,"turns":3}],"seed_played":"3110919674422167156","potions_obtained":[{"floor":1.0,"key":"ColorlessPotion"},{"floor":7.0,"key":"ColorlessPotion"},{"floor":10.0,"key":"BlessingOfTheForge"},{"floor":12.0,"key":"PowerPotion"},{"floor":14.0,"key":"Poison Potion"},{"floor":16.0,"key":"PowerPotion"},{"floor":18.0,"key":"CultistPotion"}],"is_trial":false,"path_per_floor":["M","M","M","M","?","R","E","R","T","M","$","E","M","E","R","B",null,"M","?","M","M","$","E","R","E"],"character_chosen":"THE_SILENT","items_purchased":["Catalyst","Terror","InkBottle","Caltrops"],"campfire_rested":1,"item_purchase_floors":[11,22,22,22],"current_hp_per_floor":[58,57,57,53,53,53,36,36,36,36,36,40,43,28,28,16,49,36,36,42,39,39,3,21,4,4],"gold":53,"neow_bonus":"THREE_RARE_CARDS","is_daily":false,"chose_seed":false,"campfire_upgraded":3,"win_rate":0.0,"timestamp":1610940413,"path_taken":["M","M","?","M","?","R","E","R","T","M","$","E","M","E","R","BOSS","M","?","?","M","$","E","R","E"],"items_purchased_type":["Card","Card","Relic","Card"],"build_version":"2020-12-22","purchased_purges":0,"victory":false,"max_hp_per_floor":[60,60,60,60,60,60,60,60,60,60,60,60,60,60,60,60,60,60,60,60,60,60,60,60,60,60],"relic_stats":{"counters":[15,57],"Bird Faced Urn":[54],"Black Star":1,"obtain_stats":[{"Du-Vu Doll":12,"Anchor":23,"Ninja Scroll":7,"Bird Faced Urn":9,"Vajra":23,"Black Star":17,"Ancient Tea Set":14,"InkBottle":22,"Ring of the Snake":0},{"Du-Vu Doll":7,"Anchor":14,"Ninja Scroll":5,"Bird Faced Urn":5,"Vajra":14,"Black Star":10,"Ancient Tea Set":9,"InkBottle":13,"Ring of the Snake":0},{"Du-Vu Doll":22,"Anchor":54,"Ninja Scroll":18,"Bird Faced Urn":18,"Vajra":54,"Black Star":38,"Ancient Tea Set":32,"InkBottle":49,"Ring of the Snake":0}],"InkBottle":[4],"Ring of the Snake":[30]},"card_choices":[{"not_picked":["Envenom","Bullet Time"],"picked":"Corpse Explosion","floor":0.0},{"not_picked":["Riddle With Holes","Well Laid Plans"],"picked":"Quick Slash","floor":1.0},{"not_picked":["Predator","Poisoned Stab"],"picked":"Backstab","floor":2.0},{"not_picked":["Riddle With Holes","Flying Knee"],"picked":"Noxious Fumes","floor":3.0},{"not_picked":["Dagger Spray","Deflect"],"picked":"Blade Dance","floor":4.0},{"not_picked":["Dodge and Roll","A Thousand Cuts"],"picked":"Footwork","floor":7.0},{"not_picked":["Bouncing Flask","Dodge and Roll"],"picked":"Catalyst","floor":10.0},{"not_picked":["Infinite Blades","Dagger Spray"],"picked":"Footwork","floor":12.0},{"not_picked":["Catalyst","Dagger Spray"],"picked":"Acrobatics","floor":13.0},{"not_picked":["Sucker Punch","Slice","Bane"],"picked":"SKIP","floor":14.0},{"not_picked":["Storm of Steel","Unload"],"picked":"After Image","floor":16.0},{"not_picked":["Escape Plan","Outmaneuver"],"picked":"Calculated Gamble","floor":18.0},{"not_picked":["Reflex","Flechettes","Riddle With Holes"],"picked":"SKIP","floor":20.0},{"not_picked":["Escape Plan","Bane+1"],"picked":"Crippling Poison","floor":21.0},{"not_picked":["Unload","Dagger Throw"],"picked":"Outmaneuver","floor":23.0}],"player_experience":994589,"relics_obtained":[{"floor":7.0,"key":"Ninja Scroll"},{"floor":9.0,"key":"Bird Faced Urn"},{"floor":12.0,"key":"Du-Vu Doll"},{"floor":14.0,"key":"Ancient Tea Set"},{"floor":23.0,"key":"Anchor"},{"floor":23.0,"key":"Vajra"}],"event_choices":[{"damage_healed":0.0,"max_hp_gain":0.0,"max_hp_loss":0.0,"gold_gain":60.0,"event_name":"Golden Wing","player_choice":"Gained Gold","floor":5.0,"gold_loss":0.0,"damage_taken":0.0},{"damage_healed":0.0,"max_hp_gain":0.0,"max_hp_loss":0.0,"gold_gain":0.0,"event_name":"Match and Keep!","player_choice":"0 cards matched","floor":19.0,"gold_loss":0.0,"damage_taken":0.0,"cards_obtained":[]}],"is_beta":false,"boss_relics":[{"not_picked":["Calling Bell","SacredBark"],"picked":"Black Star"}],"items_purged_floors":[],"is_endless":false,"potions_floor_spawned":[1,7,10,12,14,16,18,21],"killed_by":"Slavers","ascension_level":20}}