{"host":"qy6st0zp32tctd9l","time":1610975979,"event":{"mods":["BaseMod","Colored Map","Downfall","GifTheSpireLib","Hermit","Marisa£®ÏF”Í°°ƒß¿Ì…≥£©","Minty Spire (QoL Compilation)","Remilia£®¿Ÿ√◊¿Ú—«£©","StSLib","The Cursed","The Servant 0.9.4","UnlockEverythingMod"],"gold_per_floor":[118,118,137,62,11,39,39,80,105,105,149,149,169,198,198,290,290,301,341,341,266,266,313,359,359,359,359,23,38,38,67,67,67,67],"floor_reached":33,"language":"ZHS","playtime":965,"items_purged":[],"score":745,"play_id":"127daa87-ce2a-4f14-8ec6-05f7808ad158","local_time":"20210118211939","is_ascension_mode":true,"campfire_choices":[{"floor":7.0,"key":"RECALL"},{"data":"1","floor":12.0,"key":"LIFT"},{"data":"2","floor":15.0,"key":"LIFT"},{"data":"3","floor":25,"key":"LIFT"},{"data":"MillisecondPulsars","floor":27,"key":"SMITH"},{"data":"Acceleration","floor":32,"key":"SMITH"}],"circlet_count":0,"master_deck":["AscendersBane","Defend_MRS","Defend_MRS","Defend_MRS+1","Defend_MRS","MasterSpark","UpSweep","AlicesGift","GrandCross","EnergyRecoil","Singularity","SprinkleStarSeal+1","SporeBomb","MillisecondPulsars+1","Acceleration+1","LuminesStrike+1","Slimebound:Tackle+1","Slimebound:Tackle+1","Slimebound:Tackle+1","GalacticHalo+1","MachineGunSpark","PropBag"],"relics":["MiniHakkero","NeowsBlessing","Art of War","Girya","Lantern","WingedGreaves","Incense Burner","Sozu","Red Mask","Eternal Feather","Orichalcum","War Paint","Juzu Bracelet","Bronze Scales","AmplifyWand"],"acts_visited":["Exordium","TheCity"],"potions_floor_usage":[],"damage_taken":[{"damage":0.0,"enemies":"Small Slimes","floor":1.0,"turns":1.0},{"damage":0.0,"enemies":"Cultist","floor":3.0,"turns":1.0},{"damage":0.0,"enemies":"Gremlin Nob","floor":6.0,"turns":1.0},{"damage":25.0,"enemies":"3 Sentries","floor":8.0,"turns":6.0},{"damage":23.0,"enemies":"Lagavulin","floor":11.0,"turns":7.0},{"damage":5.0,"enemies":"Jaw Worm","floor":13.0,"turns":3.0},{"damage":7.0,"enemies":"Blue Slaver","floor":14.0,"turns":3.0},{"damage":0.0,"enemies":"Slime Boss","floor":16.0,"turns":4.0},{"damage":18.0,"enemies":"Chosen","floor":18.0,"turns":4.0},{"damage":30.0,"enemies":"Masked Bandits","floor":19.0,"turns":5.0},{"damage":8,"enemies":"Slavers","floor":23,"turns":4},{"damage":6,"enemies":"Gremlin Leader","floor":24,"turns":6},{"damage":0,"enemies":"Spheric Guardian","floor":29,"turns":2},{"damage":12,"enemies":"Book of Stabbing","floor":31,"turns":3},{"damage":25,"enemies":"Champ","floor":33,"turns":7}],"seed_played":"4281630181652189941","potions_obtained":[{"floor":1.0,"key":"BottledSpark"},{"floor":3.0,"key":"StarNLove"},{"floor":8.0,"key":"ShroomBrew"},{"floor":8.0,"key":"bronze:BurnAndBuffPotion"},{"floor":11.0,"key":"Fire Potion"},{"floor":14.0,"key":"Fire Potion"}],"is_trial":false,"path_per_floor":["M","?","M","?","$","E","R","E","T","T","E","R","M","M","R","B",null,"M","?","?","?","?","E","E","R","T","R","$","M","?","E","R","B"],"character_chosen":"MARISA","items_purchased":["GrandCross","War Paint","Juzu Bracelet"],"campfire_rested":0,"item_purchase_floors":[5,28,28],"current_hp_per_floor":[63,63,63,63,63,63,63,38,38,38,15,15,10,3,3,3,53,35,5,19,19,19,11,5,17,17,29,29,29,29,17,29,4,4],"gold":67,"neow_bonus":"THREE_ENEMY_KILL","is_daily":false,"chose_seed":false,"campfire_upgraded":2,"win_rate":0.0,"timestamp":1610975979,"path_taken":["M","?","?","?","$","E","R","E","T","?","E","R","M","M","R","BOSS","M","?","?","?","?","E","E","R","T","R","$","M","?","E","R","BOSS"],"items_purchased_type":["Card","Relic","Relic"],"build_version":"2020-12-22","purchased_purges":0,"victory":false,"max_hp_per_floor":[70,70,70,70,70,70,70,70,70,70,70,70,70,70,70,70,70,70,70,70,70,70,70,70,70,70,70,70,70,70,70,70,70,70],"card_choices":[{"not_picked":["Occultation","6A"],"picked":"AlicesGift","floor":1.0},{"not_picked":["MilkyWay","GravityBeat"],"picked":"WitchOfGreed","floor":3.0},{"not_picked":["DoubleSpark","DC"],"picked":"EnergyRecoil","floor":6.0},{"not_picked":["MysteriousBeam","GalacticHalo"],"picked":"Singularity","floor":8.0},{"not_picked":["StarBarrage","UltimateShortwave"],"picked":"SprinkleStarSeal","floor":11.0},{"not_picked":["EnergyRecoil","Singularity"],"picked":"SporeBomb","floor":13.0},{"not_picked":["SporeBomb","OpenUniverse","GrandCross"],"picked":"SKIP","floor":14.0},{"not_picked":["BigCrunch","FinalSpark"],"picked":"MillisecondPulsars","floor":16.0},{"not_picked":["Singularity","MeteoricShower"],"picked":"Acceleration","floor":18.0},{"not_picked":["DarkMatter","WitchLeyline"],"picked":"LuminesStrike+1","floor":19},{"not_picked":["WitchOfGreed","UltimateShortwave"],"picked":"GalacticHalo+1","floor":23},{"not_picked":["SporeBomb","GravityBeat"],"picked":"MachineGunSpark","floor":24},{"not_picked":["WitchOfGreed+1","GalacticHalo"],"picked":"PropBag","floor":29},{"not_picked":["PowerUp","RefractionSpark","StarDustReverie"],"picked":"SKIP","floor":31}],"player_experience":155413,"relics_obtained":[{"floor":6.0,"key":"Art of War"},{"floor":8.0,"key":"Girya"},{"floor":9.0,"key":"Lantern"},{"floor":10.0,"key":"WingedGreaves"},{"floor":11.0,"key":"Incense Burner"},{"floor":19,"key":"Red Mask"},{"floor":23,"key":"Eternal Feather"},{"floor":24,"key":"Orichalcum"},{"floor":31,"key":"Bronze Scales"}],"event_choices":[{"damage_healed":0.0,"max_hp_gain":0.0,"max_hp_loss":0.0,"gold_gain":0.0,"event_name":"Wheel of Change","player_choice":"Cursed","floor":2.0,"gold_loss":0.0,"damage_taken":0.0,"cards_obtained":["Decay"]},{"cards_removed":["Decay"],"damage_healed":0.0,"max_hp_gain":0.0,"max_hp_loss":0.0,"gold_gain":0.0,"event_name":"The Cleric","player_choice":"Card Removal","floor":4.0,"gold_loss":75.0,"damage_taken":0.0},{"damage_healed":0.0,"max_hp_gain":0.0,"max_hp_loss":0.0,"gold_gain":0.0,"event_name":"Masked Bandits","player_choice":"Fought Bandits","floor":19.0,"gold_loss":0.0,"damage_taken":0.0},{"damage_healed":14,"gold_gain":0,"player_choice":"Heal","damage_taken":0,"max_hp_gain":0,"max_hp_loss":0,"event_name":"The Library","floor":20,"gold_loss":0},{"cards_removed":["Strike_MRS"],"damage_healed":0,"gold_gain":0,"player_choice":"Gave Gold","damage_taken":0,"max_hp_gain":0,"max_hp_loss":0,"event_name":"Beggar","floor":21,"gold_loss":75},{"cards_removed":["WitchOfGreed"],"damage_healed":0,"gold_gain":0,"player_choice":"Purged","damage_taken":0,"max_hp_gain":0,"max_hp_loss":0,"event_name":"Purifier","floor":30,"gold_loss":0}],"is_beta":false,"boss_relics":[{"not_picked":["Philosopher\u0027s Stone","Runic Dome"],"picked":"Sozu"}],"items_purged_floors":[],"is_endless":false,"potions_floor_spawned":[1,3,8,11,13,18,19],"killed_by":"Champ","ascension_level":18}}