{"host":"l9xcczmzhs9lkccn","time":1610980045,"event":{"mods":["BaseMod","HololiveMod","Minty Spire (QoL Compilation)","StSLib","vexMod","¡¾½ÇÉ«mod¡¿Ê®°ËÍ©ÈË"],"gold_per_floor":[176,195,206,206,218,245,245,272,345,378,397,397,428,441,441,519,519,532,115,85,85,102,102,128,128,155,205,234,253,267,317,317,394,394,404,419,439,439,451,451,475,475,475],"floor_reached":42,"language":"ZHS","playtime":2465,"items_purged":[],"score":1394,"play_id":"8323c58f-53c6-4de0-beb7-8ad7e8e2d96f","local_time":"20210118222725","is_ascension_mode":true,"campfire_choices":[{"data":"Hololive_Yoholoon","floor":7,"key":"SMITH"},{"data":"Hololive_CallAZKi","floor":12,"key":"SMITH"},{"data":"Hololive_CallHoshimachiSuisei","floor":15,"key":"SMITH"},{"data":"Hololive_Spy","floor":23,"key":"SMITH"},{"data":"Hololive_DurableLive","floor":25,"key":"SMITH"},{"data":"Hololive_CallYukihanaLamy","floor":32,"key":"SMITH"},{"data":"Madness","floor":40,"key":"SMITH"}],"circlet_count":0,"master_deck":["AscendersBane","Hololive_Strike","Hololive_Strike","Hololive_Defend","Hololive_Defend","Hololive_ILoveYou","Hololive_CallMurasakiShion","Hololive_CallYuzukiChoco","Hololive_CallHoshimachiSuisei+1","Hololive_CallCivia","Hololive_Psychosis","Hololive_Yoholoon+1","Hololive_CallAZKi+1","Hololive_Drill","Hololive_CallShiroganeNoel","Hololive_DDD","Hololive_CallYukihanaLamy+1","Hololive_CallMinatoAqua","Hololive_DurableLive+1","Hololive_Spy+1","Hololive_StrengthChampion","Hololive_StrengthChampion","Hololive_CallHimemoriLuna","Hololive_CallNatsuiroMatsuri","Hololive_CallShiranuiFlare","Hololive_Thief","Madness+1","Madness","Hololive_CallSakuraMiko"],"relics":["Hololive_TheStar","InkBottle","CaptainsWheel","Singing Bowl","Regal Pillow","Incense Burner","vexMod:CursedCompass","Bird Faced Urn","Blue Candle","Bag of Preparation","vexMod:RedPlottingStone","SlaversCollar"],"acts_visited":["Exordium","TheCity","TheBeyond"],"potions_floor_usage":[22,22,24,24,39,42],"damage_taken":[{"damage":0,"enemies":"Cultist","floor":1,"turns":3},{"damage":1,"enemies":"Jaw Worm","floor":2,"turns":4},{"damage":1,"enemies":"2 Louse","floor":3,"turns":3},{"damage":0,"enemies":"Looter","floor":5,"turns":2},{"damage":0,"enemies":"Gremlin Nob","floor":6,"turns":3},{"damage":0,"enemies":"Lagavulin","floor":8,"turns":6},{"damage":0,"enemies":"Gremlin Nob","floor":10,"turns":4},{"damage":0,"enemies":"Lots of Slimes","floor":11,"turns":4},{"damage":0,"enemies":"Lagavulin","floor":13,"turns":4},{"damage":0,"enemies":"Exordium Wildlife","floor":14,"turns":3},{"damage":0,"enemies":"Slime Boss","floor":16,"turns":7},{"damage":0,"enemies":"Spheric Guardian","floor":18,"turns":4},{"damage":0,"enemies":"2 Thieves","floor":20,"turns":4},{"damage":0,"enemies":"3 Cultists","floor":22,"turns":5},{"damage":0,"enemies":"Gremlin Leader","floor":24,"turns":5},{"damage":3,"enemies":"Book of Stabbing","floor":28,"turns":5},{"damage":22,"enemies":"Shelled Parasite and Fungi","floor":29,"turns":5},{"damage":6,"enemies":"Centurion and Healer","floor":30,"turns":7},{"damage":0,"enemies":"Collector","floor":33,"turns":11},{"damage":17,"enemies":"3 Shapes","floor":35,"turns":4},{"damage":0,"enemies":"3 Darklings","floor":36,"turns":4},{"damage":0,"enemies":"Sphere and 2 Shapes","floor":37,"turns":6},{"damage":5,"enemies":"4 Shapes","floor":39,"turns":4},{"damage":0,"enemies":"Writhing Mass","floor":41,"turns":6},{"damage":60,"enemies":"Reptomancer","floor":42,"turns":2}],"seed_played":"-3379212052589805937","potions_obtained":[{"floor":2,"key":"SpeedPotion"},{"floor":6,"key":"EntropicBrew"},{"floor":10,"key":"ColorlessPotion"},{"floor":22,"key":"LiquidBronze"},{"floor":28,"key":"SpeedPotion"},{"floor":37,"key":"Swift Potion"},{"floor":39,"key":"LiquidBronze"}],"is_trial":false,"path_per_floor":["M","M","M","?","M","E","R","E","T","E","M","R","E","M","R","B",null,"M","$","M","?","M","R","E","R","T","?","E","M","M","?","R","B",null,"M","M","M","?","M","R","M","E"],"character_chosen":"Hololive_HololiveCharacter","items_purchased":["Bird Faced Urn","Hololive_Spy"],"campfire_rested":0,"item_purchase_floors":[19,19],"current_hp_per_floor":[27,26,25,18,18,18,18,18,18,20,22,22,22,22,22,22,31,33,33,38,38,38,38,38,38,38,38,38,38,38,35,35,38,38,31,42,44,36,44,44,46,0,0],"gold":475,"neow_bonus":"HUNDRED_GOLD","is_daily":false,"chose_seed":false,"campfire_upgraded":7,"win_rate":0.0,"timestamp":1610980045,"path_taken":["M","M","?","?","M","E","R","E","T","E","M","R","E","M","R","BOSS","M","$","M","?","M","R","E","R","T","?","E","M","M","?","R","BOSS","M","?","?","?","M","R","M","E"],"items_purchased_type":["Relic","Card"],"build_version":"2020-12-22","purchased_purges":0,"victory":false,"max_hp_per_floor":[30,30,30,30,30,30,30,30,30,32,34,34,34,34,34,34,34,36,36,38,38,38,38,38,38,38,38,38,38,38,38,38,38,38,40,42,44,44,44,44,46,46,46],"card_choices":[{"not_picked":["Hololive_Breathe","Hololive_CandyCastle","Hololive_Rebound"],"picked":"Hololive_Psychosis","floor":1},{"not_picked":["Hololive_Sequa","Hololive_ILoveYou","Hololive_CandyCastle"],"picked":"Hololive_Yoholoon","floor":2},{"not_picked":["Hololive_HuntDinosaur","Hololive_Drill","Hololive_Rebound"],"picked":"Hololive_CallAZKi","floor":3},{"not_picked":["Hololive_HuntDinosaur","Hololive_OvertimeWork","Hololive_Breathe"],"picked":"Hololive_Drill","floor":5},{"not_picked":["Hololive_Sequa","Hololive_OvertimeWork","Hololive_Drill"],"picked":"Hololive_CallShiroganeNoel","floor":6},{"not_picked":["Hololive_Sequa","Hololive_WolfAndLamb","Hololive_CocoNews"],"picked":"Hololive_DDD","floor":8},{"not_picked":["Hololive_Sequa","Hololive_Trident","Hololive_CallNatsuiroMatsuri","Hololive_CallHoshimachiSuisei"],"picked":"Singing Bowl","floor":10},{"not_picked":["Hololive_Rebound","Hololive_FlyingPonyTail","Hololive_Psychosis","Hololive_CallMinatoAqua"],"picked":"Singing Bowl","floor":11},{"not_picked":["Hololive_HuntDinosaur","Hololive_CallNakiriAyame","Hololive_DevilCharm"],"picked":"Hololive_CallYukihanaLamy","floor":13},{"not_picked":["Hololive_CallNekomataOkayu","Hololive_CallCivia","Hololive_FlyingPonyTail"],"picked":"Hololive_CallMinatoAqua","floor":14},{"not_picked":["Hololive_HighAtkLowDef","Hololive_ASMR","Hololive_DDD"],"picked":"Hololive_DurableLive","floor":16},{"not_picked":["Hololive_CallOkamiMio","Hololive_RevenueBasedLive","Hololive_Drill","Hololive_Breathe"],"picked":"Singing Bowl","floor":18},{"not_picked":["Hololive_OvertimeWork","Hololive_Sequa","Hololive_CallShiroganeNoel","Hololive_HighAtkLowDef"],"picked":"Singing Bowl","floor":20},{"not_picked":["Hololive_CallTokoyamiTowa","Hololive_HuntDinosaur","Hololive_Rebound"],"picked":"Hololive_StrengthChampion","floor":22},{"not_picked":["Hololive_SummonFox","Hololive_Trident+1","Hololive_CallAyundaRisu"],"picked":"Hololive_StrengthChampion","floor":24},{"not_picked":["Hololive_CallShiroganeNoel","Hololive_Psychosis","Hololive_CallHoshimachiSuisei+1"],"picked":"Hololive_CallHimemoriLuna","floor":28},{"not_picked":["Hololive_CallAiraniIofifteen","Hololive_LuckPotion","Hololive_Drill"],"picked":"Hololive_CallNatsuiroMatsuri","floor":29},{"not_picked":["Hololive_LuckPotion","Hololive_CallAkiRosenthal","Hololive_StrengthChampion"],"picked":"Hololive_CallShiranuiFlare","floor":30},{"not_picked":["Hololive_MaximGun","Hololive_Nanodesu","Hololive_BeCareful"],"picked":"Hololive_Thief","floor":33},{"not_picked":["Hololive_LuckPotion","Hololive_HuntDinosaur","Hololive_CallAkiRosenthal","Hololive_StrengthChampion"],"picked":"Singing Bowl","floor":35},{"not_picked":["Hololive_RevenueBasedLive","Hololive_Trident","Hololive_Breathe","Hololive_FlyingPonyTail"],"picked":"Singing Bowl","floor":36},{"not_picked":["Hololive_CallShishiroBotan","Hololive_Drill","Hololive_Rebound","Hololive_CallMurasakiShion"],"picked":"Singing Bowl","floor":37},{"not_picked":["Hololive_CallRosalyn+1","Hololive_CallShirakamiFubuki","Hololive_FlyingPonyTail+1"],"picked":"Hololive_CallSakuraMiko","floor":39},{"not_picked":["Hololive_CallAmaneKanata+1","Hololive_OvertimeWork","Hololive_FlyingPonyTail+1","Hololive_CocoNews"],"picked":"Singing Bowl","floor":41}],"player_experience":820333,"relics_obtained":[{"floor":6,"key":"InkBottle"},{"floor":8,"key":"CaptainsWheel"},{"floor":9,"key":"Singing Bowl"},{"floor":10,"key":"Regal Pillow"},{"floor":13,"key":"Incense Burner"},{"floor":24,"key":"Blue Candle"},{"floor":26,"key":"Bag of Preparation"},{"floor":28,"key":"vexMod:RedPlottingStone"}],"event_choices":[{"cards_removed":["Hololive_CallKiryuuCoco"],"damage_healed":0,"gold_gain":0,"player_choice":"Card Removal","damage_taken":7,"max_hp_gain":0,"max_hp_loss":0,"event_name":"Golden Wing","floor":4,"gold_loss":0},{"damage_healed":0,"gold_gain":0,"player_choice":"Ignored","damage_taken":0,"max_hp_gain":0,"max_hp_loss":0,"event_name":"Ghosts","floor":21,"gold_loss":0},{"damage_healed":0,"gold_gain":50,"player_choice":"Stole From Cult","damage_taken":0,"max_hp_gain":0,"max_hp_loss":0,"event_name":"Nest","floor":27,"gold_loss":0},{"damage_healed":0,"gold_gain":50,"player_choice":"Touch","damage_taken":3,"max_hp_gain":0,"max_hp_loss":0,"event_name":"FaceTrader","floor":31,"gold_loss":0},{"damage_healed":0,"gold_gain":0,"player_choice":"Embrace Madness","damage_taken":8,"max_hp_gain":0,"max_hp_loss":0,"event_name":"Winding Halls","floor":38,"gold_loss":0,"cards_obtained":["Madness","Madness"]}],"is_beta":false,"boss_relics":[{"not_picked":["vexMod:NewClearReactor","Runic Pyramid"],"picked":"vexMod:CursedCompass"},{"not_picked":["Velvet Choker","Hololive_ChaosS"],"picked":"SlaversCollar"}],"items_purged_floors":[],"is_endless":false,"potions_floor_spawned":[2,6,10,11,16,20,22,28,37,39],"killed_by":"Reptomancer","ascension_level":20}}