{"host":"e4hse1vg61zltgzv","time":1610968845,"event":{"mods":["AchievementEnabler","BaseMod","Block Reminder","Colored Map","DeckTracker","GifTheSpireLib","Minty Spire (QoL Compilation)","Rare Cards Sparkle","StSLib","SuperFastMode","The Poker Player","everything is the same but u backflip on backflip"],"gold_per_floor":[212,232,247,260,277,306,316,391,416,416,416,447,465,465,465,563,563,582,598,642,234,248,291,291,310,310,225,249,249,171,205,205,301,301,324,58,73,73,88,131,144,144,144,178,199,532,583,593,593,593,593],"floor_reached":50,"language":"KOR","playtime":1670,"items_purged":["Choke","Blur"],"score":1612,"play_id":"6ce5142c-36ce-4b9c-812e-fb7c1718cb38","local_time":"20210118202045","is_ascension_mode":true,"campfire_choices":[{"floor":10.0,"key":"REST"},{"data":"Catalyst","floor":15.0,"key":"SMITH"},{"data":"Deadly Poison","floor":24.0,"key":"SMITH"},{"data":"Noxious Fumes","floor":29.0,"key":"SMITH"},{"data":"Adrenaline","floor":32.0,"key":"SMITH"},{"floor":42.0,"key":"RECALL"}],"circlet_count":0,"master_deck":["AscendersBane","Survivor","Deadly Poison+1","Backflip","Blur+1","Catalyst+1","Night Terror+1","Adrenaline+1","Noxious Fumes+1","Escape Plan+1","Crippling Poison","Burst","Tactician+1"],"relics":["Ring of the Snake","Pandora\u0027s Box","Potion Belt","Akabeko","FossilizedHelix","Coffee Dripper","Red Mask","PreservedInsect","Ancient Tea Set","War Paint","Boot","Bottled Tornado","Fusion Hammer","Strawberry","Lantern","HornCleat","Bag of Preparation","Juzu Bracelet"],"acts_visited":["Exordium","TheCity","TheBeyond"],"potions_floor_usage":[],"damage_taken":[{"damage":0.0,"enemies":"2 Louse","floor":1.0,"turns":2.0},{"damage":0.0,"enemies":"Small Slimes","floor":2.0,"turns":1.0},{"damage":0.0,"enemies":"Cultist","floor":3.0,"turns":2.0},{"damage":0.0,"enemies":"Large Slime","floor":4.0,"turns":4.0},{"damage":5.0,"enemies":"Exordium Wildlife","floor":5.0,"turns":2.0},{"damage":37.0,"enemies":"Gremlin Nob","floor":6.0,"turns":4.0},{"damage":0.0,"enemies":"Looter","floor":7.0,"turns":2.0},{"damage":14.0,"enemies":"3 Sentries","floor":12.0,"turns":8.0},{"damage":0.0,"enemies":"Exordium Thugs","floor":13.0,"turns":1.0},{"damage":0.0,"enemies":"The Guardian","floor":16.0,"turns":9.0},{"damage":9.0,"enemies":"Shell Parasite","floor":18.0,"turns":4.0},{"damage":5.0,"enemies":"Spheric Guardian","floor":19.0,"turns":5.0},{"damage":7.0,"enemies":"Masked Bandits","floor":20.0,"turns":3.0},{"damage":2.0,"enemies":"Snecko","floor":22.0,"turns":5.0},{"damage":0.0,"enemies":"Book of Stabbing","floor":23.0,"turns":4.0},{"damage":0.0,"enemies":"Sentry and Sphere","floor":25.0,"turns":4.0},{"damage":0.0,"enemies":"3 Cultists","floor":28.0,"turns":4.0},{"damage":0.0,"enemies":"Gremlin Leader","floor":31.0,"turns":2.0},{"damage":0.0,"enemies":"Automaton","floor":33.0,"turns":4.0},{"damage":0.0,"enemies":"Orb Walker","floor":35.0,"turns":2.0},{"damage":6.0,"enemies":"3 Shapes","floor":37.0,"turns":3.0},{"damage":0.0,"enemies":"Maw","floor":39.0,"turns":2.0},{"damage":0.0,"enemies":"Nemesis","floor":40.0,"turns":3.0},{"damage":0.0,"enemies":"3 Darklings","floor":41.0,"turns":3.0},{"damage":0.0,"enemies":"Giant Head","floor":44.0,"turns":2.0},{"damage":0.0,"enemies":"Transient","floor":45.0,"turns":2.0},{"damage":0.0,"enemies":"Jaw Worm Horde","floor":48.0,"turns":2.0},{"damage":0,"enemies":"Donu and Deca","floor":50,"turns":1}],"seed_played":"-6766785275870625672","potions_obtained":[{"floor":1.0,"key":"SteroidPotion"},{"floor":3.0,"key":"Block Potion"},{"floor":6.0,"key":"Energy Potion"},{"floor":12.0,"key":"SteroidPotion"},{"floor":18.0,"key":"Regen Potion"},{"floor":28.0,"key":"Regen Potion"},{"floor":33.0,"key":"BlessingOfTheForge"},{"floor":35.0,"key":"ColorlessPotion"},{"floor":40.0,"key":"Ancient Potion"}],"is_trial":false,"path_per_floor":["M","M","M","M","M","E","M","?","T","R","?","E","M","?","R","B",null,"M","M","?","$","M","E","R","M","T","?","M","R","$","E","R","B",null,"M","$","M","?","M","E","M","R","T","E","M","?","T","M","R","B"],"character_chosen":"THE_SILENT","items_purchased":["PreservedInsect","Ancient Tea Set","Crippling Poison","Strawberry"],"campfire_rested":1,"item_purchase_floors":[21,21,30,36],"current_hp_per_floor":[59,59,59,59,54,17,17,6,6,25,25,11,11,11,11,11,48,39,34,27,27,25,39,39,39,39,39,39,39,70,70,70,70,70,70,87,81,81,81,81,81,81,81,81,81,81,81,81,81,81,81],"gold":593,"neow_bonus":"HUNDRED_GOLD","is_daily":false,"chose_seed":false,"campfire_upgraded":4,"win_rate":0.0,"timestamp":1610968845,"path_taken":["M","M","M","M","M","E","M","?","T","R","?","E","?","?","R","BOSS","M","M","?","$","M","E","R","M","T","?","M","R","?","E","R","BOSS","M","$","M","?","M","E","M","R","T","E","M","?","?","M","R","BOSS"],"items_purchased_type":["Relic","Relic","Card","Relic"],"build_version":"2020-12-22","purchased_purges":2,"victory":false,"max_hp_per_floor":[66,66,66,66,66,66,66,66,66,66,66,66,66,60,60,60,60,60,60,60,60,60,60,60,60,60,60,60,60,70,70,70,70,70,70,87,87,87,87,87,87,87,87,87,87,87,87,87,87,87,87],"card_choices":[{"not_picked":["Footwork","Bane","Terror"],"picked":"SKIP","floor":1.0},{"not_picked":["Backflip","Heel Hook","PiercingWail"],"picked":"SKIP","floor":2.0},{"not_picked":["Outmaneuver","Sucker Punch","Poisoned Stab"],"picked":"SKIP","floor":3.0},{"not_picked":["Dagger Throw","Outmaneuver","Calculated Gamble"],"picked":"SKIP","floor":4.0},{"not_picked":["Sucker Punch","Backflip","Deadly Poison"],"picked":"SKIP","floor":5.0},{"not_picked":["Predator","Phantasmal Killer","Poisoned Stab"],"picked":"SKIP","floor":6.0},{"not_picked":["Calculated Gamble","Dagger Throw","Backflip"],"picked":"SKIP","floor":7.0},{"not_picked":["Poisoned Stab","Dagger Throw","Acrobatics"],"picked":"SKIP","floor":12.0},{"not_picked":["Riddle With Holes","Heel Hook","Dagger Throw"],"picked":"SKIP","floor":13.0},{"not_picked":["Phantasmal Killer","Glass Knife"],"picked":"Adrenaline","floor":16.0},{"not_picked":["PiercingWail","Predator","Slice"],"picked":"SKIP","floor":18.0},{"not_picked":["Slice","Dagger Throw","PiercingWail"],"picked":"SKIP","floor":19.0},{"not_picked":["Bane","Riddle With Holes+1"],"picked":"Noxious Fumes","floor":22.0},{"not_picked":["Sucker Punch+1","Dash","Endless Agony"],"picked":"SKIP","floor":23.0},{"not_picked":["Underhanded Strike+1","Noxious Fumes"],"picked":"Escape Plan+1","floor":25.0},{"not_picked":["Quick Slash+1","Underhanded Strike","Poisoned Stab"],"picked":"SKIP","floor":28.0},{"not_picked":["Acrobatics","Bane+1","Backflip"],"picked":"SKIP","floor":31.0},{"not_picked":["Grand Finale","Tools of the Trade"],"picked":"Burst","floor":33.0},{"not_picked":["Dagger Throw","Dagger Spray+1","Bane+1"],"picked":"SKIP","floor":35.0},{"not_picked":["Bane","Prepared","Deflect"],"picked":"SKIP","floor":37.0},{"not_picked":["Leg Sweep","Well Laid Plans","All Out Attack"],"picked":"SKIP","floor":39.0},{"not_picked":["Leg Sweep","Well Laid Plans","All Out Attack"],"picked":"SKIP","floor":39.0},{"not_picked":["Concentrate","Deadly Poison","Skewer"],"picked":"SKIP","floor":40.0},{"not_picked":["Backflip","PiercingWail"],"picked":"Tactician+1","floor":41.0},{"not_picked":["Quick Slash","Finisher+1","Blade Dance"],"picked":"SKIP","floor":44.0},{"not_picked":["Dagger Spray","Dagger Throw","Slice"],"picked":"SKIP","floor":45.0},{"not_picked":["Dagger Spray+1","Escape Plan","Concentrate+1"],"picked":"SKIP","floor":48.0}],"player_experience":805631,"relics_obtained":[{"floor":6.0,"key":"Potion Belt"},{"floor":9.0,"key":"Akabeko"},{"floor":12.0,"key":"FossilizedHelix"},{"floor":20.0,"key":"Red Mask"},{"floor":23.0,"key":"War Paint"},{"floor":31.0,"key":"Bottled Tornado"},{"floor":40.0,"key":"Lantern"},{"floor":43.0,"key":"HornCleat"},{"floor":44.0,"key":"Bag of Preparation"},{"floor":47.0,"key":"Juzu Bracelet"}],"event_choices":[{"damage_healed":0.0,"max_hp_gain":0.0,"max_hp_loss":0.0,"gold_gain":75.0,"event_name":"World of Goop","player_choice":"Gather Gold","floor":8.0,"gold_loss":0.0,"damage_taken":11.0},{"cards_removed":["Dagger Throw"],"damage_healed":0.0,"max_hp_gain":0.0,"max_hp_loss":0.0,"gold_gain":0.0,"event_name":"Purifier","player_choice":"Purged","floor":11.0,"gold_loss":0.0,"damage_taken":0.0},{"damage_healed":0.0,"max_hp_gain":0.0,"max_hp_loss":6.0,"gold_gain":0.0,"event_name":"Golden Idol","player_choice":"Lose Max HP","floor":14.0,"gold_loss":0.0,"damage_taken":0.0,"relics_obtained":["Golden Idol"]},{"damage_healed":0.0,"max_hp_gain":0.0,"max_hp_loss":0.0,"gold_gain":0.0,"event_name":"Masked Bandits","player_choice":"Fought Bandits","floor":20.0,"gold_loss":0.0,"damage_taken":0.0},{"damage_healed":0.0,"max_hp_gain":0.0,"max_hp_loss":0.0,"gold_gain":0.0,"event_name":"Addict","player_choice":"Obtained Relic","floor":27.0,"gold_loss":85.0,"damage_taken":0.0,"relics_obtained":["Boot"]},{"cards_removed":["Unload"],"damage_healed":21.0,"max_hp_gain":10.0,"max_hp_loss":0.0,"gold_gain":0.0,"event_name":"Bonfire Elementals","player_choice":"Offered Rare","floor":30.0,"gold_loss":0.0,"damage_taken":0.0},{"cards_removed":["Die Die Die"],"damage_healed":0.0,"max_hp_gain":10.0,"max_hp_loss":0.0,"gold_gain":0.0,"event_name":"Bonfire Elementals","player_choice":"Offered Rare","floor":36.0,"gold_loss":0.0,"damage_taken":0.0},{"cards_removed":["Neutralize"],"damage_healed":0.0,"max_hp_gain":0.0,"max_hp_loss":0.0,"gold_gain":0.0,"event_name":"Falling","player_choice":"Removed Attack","floor":38.0,"gold_loss":0.0,"damage_taken":0.0},{"damage_healed":0.0,"max_hp_gain":0.0,"max_hp_loss":0.0,"gold_gain":333.0,"event_name":"The Moai Head","player_choice":"Gave Idol","floor":46.0,"relics_lost":["Golden Idol"],"gold_loss":0.0,"damage_taken":0.0}],"is_beta":false,"boss_relics":[{"not_picked":["Calling Bell","Runic Pyramid"],"picked":"Coffee Dripper"},{"not_picked":["Empty Cage","Astrolabe"],"picked":"Fusion Hammer"}],"items_purged_floors":[21,36],"is_endless":false,"potions_floor_spawned":[1,3,6,12,18,28,33,35,40,41,48],"killed_by":"Donu and Deca","ascension_level":20}}