{"host":"i7jfea87xc8lz16p","time":1610970038,"event":{"mods":["AchievementEnabler","BaseMod","Colored Powertips","Minty Spire (QoL Compilation)","Relic Stats"],"gold_per_floor":[364,411,411,188,198,226,226,226,272,272,282,306,335,65,65,140,140,152,16,16,30,47,72,72,72,72,91,1,27,27,39,39,114,114,131,30,47,47,47,77,35,35,35,35,35,35],"floor_reached":45,"language":"ENG","playtime":1562,"items_purged":["Strike_B","Doubt","Strike_B","Strike_B"],"score":1070,"play_id":"132a8abd-49fc-4d39-ab65-c09bd41cfb2a","local_time":"20210118124038","is_ascension_mode":true,"campfire_choices":[{"data":"Defragment","floor":8,"key":"SMITH"},{"data":"Loop","floor":10,"key":"SMITH"},{"floor":15,"key":"REST"},{"data":"Electrodynamics","floor":24,"key":"SMITH"},{"data":"Undo","floor":30,"key":"SMITH"},{"floor":32,"key":"REST"},{"data":"Coolheaded","floor":42,"key":"SMITH"},{"data":"Coolheaded","floor":44,"key":"SMITH"}],"circlet_count":0,"master_deck":["AscendersBane","Strike_B","Defend_B","Defend_B","Defend_B","Defend_B","Zap","Dualcast","Sweeping Beam","Ball Lightning","Loop+1","Defragment+1","Undo+1","Electrodynamics+1","Chill+1","Cold Snap+1","Coolheaded+1","Coolheaded+1","Doom and Gloom+1","Conserve Battery"],"relics":["Cracked Core","Anchor","Membership Card","Du-Vu Doll","Bag of Marbles","Odd Mushroom","Ornamental Fan","DataDisk","Gremlin Horn","SlaversCollar","Meat on the Bone","Oddly Smooth Stone","Molten Egg 2","Omamori","Nuclear Battery","Strawberry","Blood Vial"],"acts_visited":["Exordium","TheCity","TheBeyond"],"potions_floor_usage":[13,16,22,33,33,37,40,45,45],"damage_taken":[{"damage":6,"enemies":"Cultist","floor":1,"turns":3},{"damage":2,"enemies":"Jaw Worm","floor":5,"turns":3},{"damage":25,"enemies":"Lagavulin","floor":6,"turns":7},{"damage":0,"enemies":"Small Slimes","floor":11,"turns":1},{"damage":2,"enemies":"The Mushroom Lair","floor":12,"turns":2},{"damage":0,"enemies":"Gremlin Nob","floor":13,"turns":2},{"damage":13,"enemies":"Slime Boss","floor":16,"turns":6},{"damage":18,"enemies":"Shell Parasite","floor":18,"turns":6},{"damage":1,"enemies":"2 Thieves","floor":21,"turns":4},{"damage":25,"enemies":"Snake Plant","floor":22,"turns":5},{"damage":10,"enemies":"Slavers","floor":23,"turns":4},{"damage":9,"enemies":"Sentry and Sphere","floor":27,"turns":4},{"damage":0,"enemies":"Gremlin Leader","floor":29,"turns":4},{"damage":0,"enemies":"Centurion and Healer","floor":31,"turns":5},{"damage":43,"enemies":"Champ","floor":33,"turns":12},{"damage":0,"enemies":"3 Shapes","floor":35,"turns":3},{"damage":4,"enemies":"3 Darklings","floor":37,"turns":3},{"damage":36,"enemies":"Nemesis","floor":40,"turns":11},{"damage":78,"enemies":"Giant Head","floor":45,"turns":7}],"seed_played":"-1479460334578477811","potions_obtained":[{"floor":6,"key":"EssenceOfDarkness"},{"floor":12,"key":"AttackPotion"},{"floor":13,"key":"LiquidBronze"},{"floor":16,"key":"SteroidPotion"},{"floor":22,"key":"DuplicationPotion"},{"floor":27,"key":"EssenceOfDarkness"},{"floor":29,"key":"PowerPotion"},{"floor":33,"key":"Swift Potion"},{"floor":35,"key":"EssenceOfDarkness"},{"floor":37,"key":"Block Potion"}],"is_trial":false,"path_per_floor":["M","T","?","$","M","E","?","R","T","R","M","?","E","$","R","B",null,"M","$","?","M","M","E","R","?","T","M","$","E","R","M","R","B",null,"M","$","M","?","?","E","$","R","T","R","E"],"character_chosen":"DEFECT","items_purchased":["Membership Card","Ball Lightning","DataDisk","Gremlin Horn","Meat on the Bone","Coolheaded","Conserve Battery","Regen Potion"],"campfire_rested":2,"item_purchase_floors":[4,4,14,14,19,28,36,41],"current_hp_per_floor":[58,58,63,63,61,36,36,36,36,36,36,34,34,34,56,43,68,50,50,50,49,36,38,38,32,32,35,35,47,47,47,69,38,67,67,67,63,63,63,46,46,46,46,46,0,0],"gold":35,"neow_bonus":"TWO_FIFTY_GOLD","is_daily":false,"chose_seed":false,"campfire_upgraded":6,"win_rate":0.0,"timestamp":1610970038,"path_taken":["M","?","?","$","M","E","?","R","T","R","?","?","E","$","R","BOSS","M","$","?","?","M","E","R","?","T","M","$","E","R","M","R","BOSS","M","?","M","?","?","E","?","R","T","R","E"],"items_purchased_type":["Relic","Card","Relic","Relic","Relic","Card","Card","Potion"],"build_version":"2020-12-22","purchased_purges":4,"victory":false,"max_hp_per_floor":[71,71,76,76,76,76,76,76,76,76,76,76,76,76,76,76,76,76,76,76,76,76,76,76,76,76,76,76,76,76,76,76,76,76,76,76,76,76,72,79,79,79,79,79,79,79],"relic_stats":{"Blood Vial":2,"Gremlin Horn":[12,12],"counters":[19,92],"Ornamental Fan":[32],"obtain_stats":[{"Gremlin Horn":14,"Oddly Smooth Stone":23,"Omamori":29,"Odd Mushroom":12,"Nuclear Battery":34,"Du-Vu Doll":6,"Blood Vial":43,"SlaversCollar":17,"Anchor":2,"DataDisk":14,"Ornamental Fan":13,"Strawberry":40,"Molten Egg 2":26,"Bag of Marbles":9,"Membership Card":4,"Cracked Core":0,"Meat on the Bone":19},{"Gremlin Horn":6,"Oddly Smooth Stone":11,"Omamori":13,"Odd Mushroom":5,"Nuclear Battery":15,"Du-Vu Doll":3,"Blood Vial":18,"SlaversCollar":7,"Anchor":1,"DataDisk":6,"Ornamental Fan":6,"Strawberry":18,"Molten Egg 2":11,"Bag of Marbles":3,"Membership Card":1,"Cracked Core":0,"Meat on the Bone":8},{"Gremlin Horn":18,"Oddly Smooth Stone":43,"Omamori":51,"Odd Mushroom":16,"Nuclear Battery":68,"Du-Vu Doll":13,"Blood Vial":85,"SlaversCollar":24,"Anchor":3,"DataDisk":18,"Ornamental Fan":18,"Strawberry":85,"Molten Egg 2":43,"Bag of Marbles":13,"Membership Card":3,"Cracked Core":0,"Meat on the Bone":30}],"Meat on the Bone":72},"card_choices":[{"not_picked":["Conserve Battery","Darkness"],"picked":"Sweeping Beam","floor":1},{"not_picked":["Redo","Compile Driver"],"picked":"Loop","floor":5},{"not_picked":["Beam Cell","Loop"],"picked":"Defragment","floor":6},{"not_picked":["Redo","Stack","Heatsinks"],"picked":"SKIP","floor":11},{"not_picked":["Leap","Aggregate"],"picked":"Undo","floor":12},{"not_picked":["FTL","Fission","Storm"],"picked":"SKIP","floor":13},{"not_picked":["Meteor Strike","All For One"],"picked":"Electrodynamics","floor":16},{"not_picked":["Sweeping Beam","Stack+1"],"picked":"Chill+1","floor":18},{"not_picked":["Streamline","Sunder","Hologram"],"picked":"SKIP","floor":21},{"not_picked":["Rebound","Skim","Compile Driver"],"picked":"SKIP","floor":22},{"not_picked":["Go for the Eyes","Barrage+1","Double Energy"],"picked":"SKIP","floor":23},{"not_picked":["Gash+1","Beam Cell+1"],"picked":"Cold Snap+1","floor":27},{"not_picked":["Redo","FTL+1"],"picked":"Coolheaded","floor":29},{"not_picked":["Sweeping Beam+1","Barrage+1","Double Energy"],"picked":"SKIP","floor":31},{"not_picked":["Storm","Sweeping Beam+1"],"picked":"Doom and Gloom+1","floor":35},{"not_picked":["Steam","Sunder+1","Leap"],"picked":"SKIP","floor":37},{"not_picked":["Beam Cell+1","Compile Driver+1","Double Energy"],"picked":"SKIP","floor":40}],"player_experience":1807062,"relics_obtained":[{"floor":2,"key":"Anchor"},{"floor":6,"key":"Du-Vu Doll"},{"floor":9,"key":"Bag of Marbles"},{"floor":12,"key":"Odd Mushroom"},{"floor":13,"key":"Ornamental Fan"},{"floor":23,"key":"Oddly Smooth Stone"},{"floor":26,"key":"Molten Egg 2"},{"floor":29,"key":"Omamori"},{"floor":40,"key":"Strawberry"},{"floor":43,"key":"Blood Vial"}],"event_choices":[{"damage_healed":0,"gold_gain":0,"player_choice":"Donut","damage_taken":0,"max_hp_gain":5,"max_hp_loss":0,"event_name":"Big Fish","floor":3,"gold_loss":0},{"damage_healed":0,"gold_gain":0,"player_choice":"0 cards matched","damage_taken":0,"max_hp_gain":0,"max_hp_loss":0,"event_name":"Match and Keep!","floor":7,"gold_loss":0,"cards_obtained":[]},{"damage_healed":0,"gold_gain":0,"player_choice":"Fought Mushrooms","damage_taken":0,"max_hp_gain":0,"max_hp_loss":0,"event_name":"Mushrooms","floor":12,"gold_loss":0},{"damage_healed":0,"gold_gain":0,"player_choice":"0 cards matched","damage_taken":0,"max_hp_gain":0,"max_hp_loss":0,"event_name":"Match and Keep!","floor":20,"gold_loss":0,"cards_obtained":[]},{"damage_healed":0,"gold_gain":0,"player_choice":"","damage_taken":6,"max_hp_gain":0,"max_hp_loss":0,"event_name":"Knowing Skull","floor":25,"potions_obtained":[],"gold_loss":0,"cards_obtained":[]},{"damage_healed":0,"gold_gain":0,"player_choice":"Ignored","damage_taken":0,"max_hp_gain":0,"max_hp_loss":0,"event_name":"Mysterious Sphere","floor":38,"gold_loss":0},{"damage_healed":0,"gold_gain":0,"player_choice":"Max HP","damage_taken":0,"max_hp_gain":0,"max_hp_loss":4,"event_name":"Winding Halls","floor":39,"gold_loss":0}],"is_beta":false,"boss_relics":[{"not_picked":["Ectoplasm","Philosopher\u0027s Stone"],"picked":"SlaversCollar"},{"not_picked":["Black Star","Calling Bell"],"picked":"Nuclear Battery"}],"items_purged_floors":[4,14,28,36],"is_endless":false,"potions_floor_spawned":[6,12,13,16,22,27,29,33,35,37],"killed_by":"Giant Head","ascension_level":20}}