{"host":"tr12w2fixbnujl15","time":1610998408,"event":{"mods":["100% Spire Juice","2.2 Compatiblity","Arknights The Spire","BaseMod","Better Skull","BetterRewards","Clockwork Mod","Colored Powertips","Evolution","Hermit","Hubris","Infinite Spire","JesterMod","Koishi","Mad Scientist","Minty Spire (QoL Compilation)","Prisma Mod","Quick Restart","Replay The Spire","Shop Mod","StSLib","SuperFastMode","The Animator","The Bug Knight","The Construct","The Cursed","The Hierophant","The Mystic","The Necromancer","The Runesmith","The Sage","The Senshi","The Servant 0.9.4","The Spell Scribe","TheFirefly","WarShipGirlsR/????R mod","Yakumo Yukari mod"],"gold_per_floor":[111,111,322,340,350,350,379,379,379,395,417,434,434,75,75,190,190,209,209,209,224,70,85,116,116,169,169,191,191,191,212,212,228,228],"floor_reached":33,"language":"ENG","playtime":1305,"items_purged":[],"score":299,"play_id":"543db6be-dbf4-4493-84b9-177da8264b3d","local_time":"20210118143328","is_ascension_mode":false,"campfire_choices":[{"floor":6,"key":"REST"},{"floor":8,"key":"REST"},{"floor":13,"key":"REST"},{"floor":15,"key":"REST"},{"floor":25,"key":"REST"},{"floor":30,"key":"REST"},{"floor":32,"key":"REST"}],"circlet_count":0,"master_deck":["PrismaMod:ChloeCommonAOEAttack+1","PrismaMod:ChloeCommonAttack","PrismaMod:ChloeCommonAttack","PrismaMod:ChloeCommonAttack","PrismaMod:ChloeCommonAttack+1","PrismaMod:ChloeCommonDefend","PrismaMod:ChloeCommonDefend","PrismaMod:ChloeCommonDefend","PrismaMod:ChloeCommonDefend","PrismaMod:ChloeCommonDefend","PrismaMod:ChloeCheapAttack","PrismaMod:ChloeCheapDefend","PrismaMod:ChloeCommonAOEAttack","PrismaMod:ChloeCheapAttackTwo","PrismaMod:ChloeCaladbolg","PrismaMod:ChloeExhaustTwo","PrismaMod:ChloeMaid","PrismaMod:ChloeCheapAttack","PrismaMod:ChloeUncommonDefend","PrismaMod:ChloeBetterTracePools+1","PrismaMod:ChloeCarnivalAOEAttack+1","PrismaMod:ChloeExhaustTwo+1","PrismaMod:ChloeCheapDefend","PrismaMod:ChloeRitsuka","PrismaMod:ChloeRuleBreaker+1","PrismaMod:ChloeAnyCommonTrace","infinitespire:Oblivion","PrismaMod:ChloeCheapDefend+1"],"relics":["PrismaMod:PrismaTraceOnUpgrade","EVO:Axolotl","NeowsBlessing","Replay:Ringing Soul","infinitespire:Midas Blood","infinitespire:Eraser","MerchantsRug","Whetstone","Mercury Hourglass","PreservedInsect","Regal Pillow","Toxic Egg 2","hubris:ScarierMask"],"acts_visited":["Exordium","TheCity"],"potions_floor_usage":[12,16,16,24,28,33,33],"damage_taken":[{"damage":0,"enemies":"Jaw Worm","floor":1,"turns":1},{"damage":0,"enemies":"2 Louse","floor":4,"turns":1},{"damage":0,"enemies":"Cultist","floor":5,"turns":1},{"damage":43,"enemies":"Lagavulin","floor":7,"turns":9},{"damage":8,"enemies":"Exordium Wildlife","floor":10,"turns":4},{"damage":20,"enemies":"Exordium Thugs","floor":11,"turns":4},{"damage":5,"enemies":"Looter","floor":12,"turns":2},{"damage":35,"enemies":"Slime Boss","floor":16,"turns":12},{"damage":34,"enemies":"2 Thieves","floor":18,"turns":4},{"damage":10,"enemies":"Spheric Guardian","floor":21,"turns":3},{"damage":6,"enemies":"3 Cultists","floor":23,"turns":4},{"damage":51,"enemies":"Snake Plant","floor":24,"turns":5},{"damage":35,"enemies":"Snecko","floor":28,"turns":7},{"damage":15,"enemies":"Cultist and Chosen","floor":31,"turns":6},{"damage":121,"enemies":"Collector","floor":33,"turns":8}],"seed_played":"-4524639896861862063","potions_obtained":[{"floor":7,"key":"Adrenaline Potion"},{"floor":10,"key":"Adrenaline Potion"},{"floor":11,"key":"Swift Potion"},{"floor":12,"key":"Fruit Juice"},{"floor":16,"key":"construct:ShiftPotion"},{"floor":18,"key":"ColorlessPotion"},{"floor":28,"key":"SteroidPotion"},{"floor":31,"key":"Dexterity Potion"}],"is_trial":false,"path_per_floor":["M","?","?","M","M","R","E","R","T","M","M","M","R","$","R","B",null,"M","?","T","M","$","M","M","R","T","?","M","AVR","R","M","R","B"],"character_chosen":"CHLOE","items_purchased":["MerchantsRug","PrismaMod:ChloeBetterTracePools+1","Whetstone","PreservedInsect"],"campfire_rested":7,"item_purchase_floors":[14,14,14,22],"current_hp_per_floor":[75,57,39,42,45,69,29,54,54,49,32,35,64,67,97,65,104,73,73,73,66,66,63,15,49,49,49,17,20,71,63,115,0,0],"gold":228,"neow_bonus":"THREE_ENEMY_KILL","is_daily":false,"chose_seed":false,"campfire_upgraded":0,"win_rate":0.0,"timestamp":1610998408,"path_taken":["M","?","?","M","M","R","E","R","T","?","M","M","R","$","R","BOSS","M","?","?","?","$","M","M","R","T","?","?","AVR","R","M","R","BOSS"],"items_purchased_type":["Relic","Card","Relic","Relic"],"build_version":"2020-12-22","purchased_purges":0,"victory":false,"max_hp_per_floor":[75,75,75,78,81,81,84,84,84,87,90,98,98,101,101,104,104,107,107,107,110,110,113,116,116,116,116,119,122,122,125,125,125,125],"card_choices":[{"not_picked":["PrismaMod:ChloeCheapDefendTwo","PrismaMod:ChloeDiscardRecovery"],"picked":"PrismaMod:ChloeCommonAOEAttack","floor":1},{"not_picked":["PrismaMod:ChloeExhaustOne","PrismaMod:ChloeChristmas"],"picked":"PrismaMod:ChloeCheapAttackTwo","floor":4},{"not_picked":["PrismaMod:ChloeUncommonAttack","PrismaMod:ChloeExhaustOne"],"picked":"PrismaMod:ChloeCaladbolg","floor":5},{"not_picked":["PrismaMod:ChloeCheapAttack","PrismaMod:ChloeCheapDefend"],"picked":"PrismaMod:ChloeExhaustTwo","floor":7},{"not_picked":["PrismaMod:ChloeCommonAOEAttack","PrismaMod:ChloeCaladbolg"],"picked":"PrismaMod:ChloeMaid","floor":10},{"not_picked":["PrismaMod:ChloeUncommonDefend","PrismaMod:ChloeRuleBreaker"],"picked":"PrismaMod:ChloeCheapAttack","floor":11},{"not_picked":["PrismaMod:ChloeCommonAOEAttack","PrismaMod:ChloeCheapAttack"],"picked":"PrismaMod:ChloeUncommonDefend","floor":12},{"not_picked":["PrismaMod:ChloeAnySkillTrace","PrismaMod:ChloeHalloween"],"picked":"PrismaMod:ChloeCarnivalAOEAttack","floor":16},{"not_picked":["PrismaMod:ChloeExhaustOne","PrismaMod:ChloeCommonAOEAttack"],"picked":"PrismaMod:ChloeExhaustTwo+1","floor":18},{"not_picked":["PrismaMod:ChloeRhongomyniad","PrismaMod:ChloeDiscardRecovery"],"picked":"PrismaMod:ChloeCheapDefend","floor":21},{"not_picked":["PrismaMod:ChloeChristmas+1","PrismaMod:ChloeCheapDefendTwo"],"picked":"PrismaMod:ChloeRitsuka","floor":23},{"not_picked":["PrismaMod:ChloeExhaustOne","PrismaMod:ChloeDemonicTutor"],"picked":"PrismaMod:ChloeRuleBreaker+1","floor":24},{"not_picked":["PrismaMod:ChloeMaid","PrismaMod:ChloeRuleBreaker"],"picked":"PrismaMod:ChloeAnyCommonTrace","floor":28},{"not_picked":["PrismaMod:ChloeCheapDefendTwo+1","PrismaMod:ChloeCommonAOEAttack+1"],"picked":"PrismaMod:ChloeCheapDefend+1","floor":31}],"player_experience":71736,"relics_obtained":[{"floor":7,"key":"infinitespire:Midas Blood"},{"floor":9,"key":"infinitespire:Eraser"},{"floor":20,"key":"Mercury Hourglass"},{"floor":26,"key":"Regal Pillow"}],"event_choices":[{"damage_healed":0,"gold_gain":0,"player_choice":"Success","damage_taken":18,"relics_obtained":["Replay:Ringing Soul"],"max_hp_gain":0,"max_hp_loss":0,"event_name":"Scrap Ooze","floor":2,"gold_loss":0},{"damage_healed":0,"gold_gain":211,"player_choice":"GO GO ","damage_taken":20,"relics_obtained":[],"max_hp_gain":0,"max_hp_loss":0,"event_name":"betterSkull:BetterSkull","floor":3,"gold_loss":0,"cards_upgraded":[]},{"damage_healed":0,"gold_gain":0,"player_choice":"Upgraded","damage_taken":0,"max_hp_gain":0,"max_hp_loss":0,"event_name":"Upgrade Shrine","floor":27,"gold_loss":0,"cards_upgraded":["PrismaMod:ChloeCarnivalAOEAttack"]}],"is_beta":false,"boss_relics":[{"not_picked":["hubris:TerracottaHorce","hubris:BlackHole"],"picked":"PrismaMod:PrismaTraceOnUpgrade"}],"items_purged_floors":[],"is_endless":false,"potions_floor_spawned":[7,10,11,12,16,18,28,31],"killed_by":"Collector","ascension_level":0}}