{"host":"t6r1isv2bex5ovch","time":1610957243,"event":{"mods":["AchievementEnabler","Act Like it!","Aspiration","BaseMod","Better Altar","Better Match","Better Note","Better Sensory Stone","Better Skull","Better Third Choice","Better Vampires","Colored Powertips","Displayed Cursed Tome","Evolution","Fox Events","Hubris","Minty Spire (QoL Compilation)","StSLib","The Jungle"],"gold_per_floor":[116,116,134,59,59,85,85,116,116,151,151,179,179,220,220,220,220],"floor_reached":16,"language":"ENG","playtime":1110,"items_purged":["Defend_P","Defend_P","Defend_P"],"score":212,"play_id":"df71913d-7cfc-4596-9366-69d10c4a302a","local_time":"20210118180723","is_ascension_mode":true,"campfire_choices":[{"floor":7.0,"key":"RECALL"},{"data":"TalkToTheHand","floor":15.0,"key":"SMITH"}],"circlet_count":0,"master_deck":["Strike_P","Defend_P","Eruption+1","Vigilance","TalkToTheHand+1","Finisher","Heel Hook","Die Die Die","Prostrate","Injury"],"relics":["PureWater","EVO:Axolotl","aspiration:DSix","hubris:BottledRain","Ancient Tea Set","Shuriken","hubris:EvacipatedBox","Sundial","Golden Idol","Pen Nib"],"acts_visited":["Exordium"],"potions_floor_usage":[],"damage_taken":[{"damage":1.0,"enemies":"Small Slimes","floor":1.0,"turns":3.0},{"damage":0.0,"enemies":"Cultist","floor":3.0,"turns":3.0},{"damage":0.0,"enemies":"Lagavulin","floor":6.0,"turns":2.0},{"damage":17.0,"enemies":"3 Sentries","floor":8.0,"turns":7.0},{"damage":10.0,"enemies":"Gremlin Nob","floor":10.0,"turns":3.0},{"damage":0.0,"enemies":"Lagavulin","floor":12.0,"turns":3.0},{"damage":7.0,"enemies":"Gremlin Nob","floor":14.0,"turns":3.0},{"damage":9,"enemies":"The Guardian","floor":16,"turns":8}],"seed_played":"-7400911604200272275","potions_obtained":[{"floor":3.0,"key":"LiquidMemories"},{"floor":6.0,"key":"GamblersBrew"},{"floor":12.0,"key":"Explosive Potion"}],"is_trial":false,"path_per_floor":["M","?","M","$","?","E","R","E","T","E","$","E","?","E","R","B"],"character_chosen":"WATCHER","items_purchased":["hubris:EvacipatedBox"],"campfire_rested":0,"item_purchase_floors":[11],"current_hp_per_floor":[71,71,71,71,71,71,71,54,54,44,13,13,13,6,6,0,0],"gold":220,"neow_bonus":"DSIX","is_daily":false,"chose_seed":false,"campfire_upgraded":1,"win_rate":0.0,"timestamp":1610957243,"path_taken":["M","?","?","$","?","E","R","E","T","E","?","E","?","E","R","BOSS"],"items_purchased_type":["Relic"],"build_version":"2020-12-22","purchased_purges":3,"victory":false,"max_hp_per_floor":[72,72,72,72,72,72,72,72,72,72,72,72,72,72,72,72,72],"card_choices":[{"not_picked":["Halt","FollowUp","Sanctity"],"picked":"SKIP","floor":1.0},{"not_picked":["Halt","EmptyFist"],"picked":"TalkToTheHand","floor":3.0},{"not_picked":["WheelKick","EmptyBody","ClearTheMind"],"picked":"SKIP","floor":6.0},{"not_picked":["Halt","CutThroughFate","FlurryOfBlows"],"picked":"SKIP","floor":8.0},{"not_picked":["Vault","ReachHeaven","CutThroughFate"],"picked":"SKIP","floor":10.0},{"not_picked":["JustLucky","CrushJoints"],"picked":"Prostrate","floor":12.0},{"not_picked":["FlurryOfBlows","Weave","EmptyFist"],"picked":"SKIP","floor":14.0}],"player_experience":336347,"relics_obtained":[{"floor":6.0,"key":"hubris:BottledRain"},{"floor":8.0,"key":"Ancient Tea Set"},{"floor":10.0,"key":"Shuriken"},{"floor":12.0,"key":"Sundial"},{"floor":14.0,"key":"Pen Nib"}],"event_choices":[{"damage_healed":0.0,"max_hp_gain":0.0,"max_hp_loss":0.0,"gold_gain":0.0,"event_name":"Upgrade Shrine","player_choice":"Upgraded","floor":2.0,"gold_loss":0.0,"damage_taken":0.0,"cards_upgraded":["Eruption"]},{"damage_healed":0.0,"max_hp_gain":0.0,"max_hp_loss":0.0,"gold_gain":0.0,"event_name":"Golden Idol","player_choice":"Take Wound","floor":13.0,"gold_loss":0.0,"damage_taken":0.0,"relics_obtained":["Golden Idol"],"cards_obtained":["Injury"]}],"is_beta":false,"boss_relics":[],"items_purged_floors":[4,11,11],"is_endless":false,"potions_floor_spawned":[3,6,12],"killed_by":"The Guardian","ascension_level":3}}