{"host":"49c2zf0lajbcs427","time":1610963710,"event":{"mods":["AchievementEnabler","BaseMod","Colored Map","Colored Powertips","Highlight Path","Key Reminder","Minty Spire (QoL Compilation)","Relic Stats","StSLib"],"gold_per_floor":[10,30,46,46,57,57,57,57,82,82,102,126,126,165,165,293,293,314,314,92,92,112,112,152,152,152,152,152,191,214,228,228,347,347,372,392,392,725,741,769,769,445,445,457,491,491,509,199,199,199,199,199,127,160,160,160],"floor_reached":55,"language":"ENG","playtime":5095,"items_purged":["Defend_B","Strike_B","Parasite"],"score":995,"play_id":"e107bae7-e092-4d96-bc8e-48031df1061f","local_time":"20210118225510","is_ascension_mode":false,"campfire_choices":[{"data":"Fission","floor":6,"key":"SMITH"},{"data":"Defragment","floor":8,"key":"SMITH"},{"data":"Coolheaded","floor":10,"key":"SMITH"},{"data":"Hologram","floor":13,"key":"SMITH"},{"data":"Hologram","floor":15,"key":"SMITH"},{"data":"Seek","floor":23,"key":"SMITH"},{"data":"Fission","floor":25,"key":"SMITH"},{"data":"Fusion","floor":28,"key":"SMITH"},{"data":"Redo","floor":32,"key":"SMITH"},{"data":"Fission","floor":41,"key":"SMITH"},{"data":"Defragment","floor":46,"key":"SMITH"},{"floor":49,"key":"RECALL"},{"data":"Amplify","floor":52,"key":"SMITH"}],"circlet_count":0,"master_deck":["Strike_B","Zap","Dualcast","Fission+1","Coolheaded+1","Ball Lightning","Defragment+1","Coolheaded","Fusion+1","Hologram+1","Hologram+1","Seek+1","Self Repair+1","Go for the Eyes+1","Multi-Cast+1","Defragment+1","Fission+1","FTL+1","Redo+1","Fission+1","Undo+1","Loop+1","Defragment+1","Aggregate","Chaos+1","Amplify+1","Defragment","Static Discharge","Glacier+1"],"relics":["Cracked Core","Orichalcum","Centennial Puzzle","DollysMirror","Nloth\u0027s Gift","Red Mask","Torii","Dead Branch","Cursed Key","Thread and Needle","Ancient Tea Set","Bronze Scales","Pantograph"],"acts_visited":["Exordium","TheCity","TheBeyond","TheEnding"],"potions_floor_usage":[11,24,33,36,40,55,55],"damage_taken":[{"damage":1,"enemies":"Cultist","floor":1,"turns":3},{"damage":1,"enemies":"Jaw Worm","floor":2,"turns":4},{"damage":2,"enemies":"Small Slimes","floor":3,"turns":3},{"damage":8,"enemies":"2 Fungi Beasts","floor":5,"turns":3},{"damage":0,"enemies":"Lots of Slimes","floor":11,"turns":3},{"damage":2,"enemies":"Blue Slaver","floor":12,"turns":2},{"damage":11,"enemies":"Lagavulin","floor":14,"turns":5},{"damage":4,"enemies":"The Guardian","floor":16,"turns":15},{"damage":0,"enemies":"Spheric Guardian","floor":18,"turns":5},{"damage":5,"enemies":"2 Thieves","floor":22,"turns":4},{"damage":22,"enemies":"Masked Bandits","floor":24,"turns":4},{"damage":31,"enemies":"Gremlin Leader","floor":29,"turns":7},{"damage":0,"enemies":"Centurion and Healer","floor":30,"turns":4},{"damage":0,"enemies":"Snecko","floor":31,"turns":4},{"damage":11,"enemies":"Collector","floor":33,"turns":10},{"damage":0,"enemies":"Orb Walker","floor":35,"turns":2},{"damage":1,"enemies":"3 Shapes","floor":36,"turns":2},{"damage":0,"enemies":"3 Darklings","floor":39,"turns":5},{"damage":1,"enemies":"Reptomancer","floor":40,"turns":8},{"damage":10,"enemies":"Sphere and 2 Shapes","floor":44,"turns":5},{"damage":0,"enemies":"Nemesis","floor":45,"turns":7},{"damage":0,"enemies":"Transient","floor":47,"turns":5},{"damage":10,"enemies":"Donu and Deca","floor":50,"turns":6},{"damage":15,"enemies":"Shield and Spear","floor":54,"turns":6}],"seed_played":"-6388472067518186398","potions_obtained":[{"floor":3,"key":"SpeedPotion"},{"floor":5,"key":"DistilledChaos"},{"floor":12,"key":"Explosive Potion"},{"floor":16,"key":"Regen Potion"},{"floor":18,"key":"BlessingOfTheForge"},{"floor":22,"key":"Strength Potion"},{"floor":24,"key":"Fire Potion"},{"floor":35,"key":"SkillPotion"},{"floor":40,"key":"PowerPotion"},{"floor":44,"key":"Dexterity Potion"}],"is_trial":false,"path_per_floor":["M","M","M","?","M","R","?","R","T","R","M","M","R","E","R","B",null,"M","?","$","?","M","R","?","R","T","?","R","E","M","M","R","B",null,"M","M","?","?","M","E","R","$","T","M","E","R","M","$","R","B",null,"R","$","E","B"],"character_chosen":"DEFECT","items_purchased":["DollysMirror","Ancient Tea Set","Defragment","Amplify","Defragment","Static Discharge"],"campfire_rested":0,"item_purchase_floors":[20,42,42,48,48,53],"current_hp_per_floor":[74,73,71,64,56,56,38,38,38,38,38,36,36,25,25,21,75,75,75,75,75,75,75,70,70,70,70,70,49,59,69,69,68,75,75,75,75,75,75,75,75,75,75,75,75,75,75,72,72,62,72,72,72,67,0,0],"gold":160,"neow_bonus":"THREE_RARE_CARDS","is_daily":false,"chose_seed":false,"campfire_upgraded":12,"win_rate":0.0,"timestamp":1610963710,"path_taken":["M","M","M","?","M","R","?","R","T","R","M","M","R","E","R","BOSS","M","?","$","?","?","R","?","R","T","?","R","E","?","M","R","BOSS","M","?","?","?","M","E","R","$","T","M","E","R","M","$","R","BOSS","R","$","E","BOSS"],"items_purchased_type":["Relic","Relic","Card","Card","Card","Card"],"build_version":"2020-12-22","purchased_purges":3,"victory":false,"max_hp_per_floor":[75,75,75,75,75,75,75,75,75,75,75,75,75,75,75,75,75,75,75,75,75,75,75,75,75,75,75,75,75,75,75,75,75,75,75,75,75,75,75,75,75,75,75,75,75,75,75,72,72,72,72,72,72,72,72,72],"relic_stats":{"Centennial Puzzle":[33],"Torii":35,"counters":[25,130],"Dead Branch":[55],"Bronze Scales":[126],"Pantograph":5,"Nloth\u0027s Gift":2,"Orichalcum":[162],"Cursed Key":1,"obtain_stats":[{"Torii":26,"Golden Idol":7,"Astrolabe":17,"Dead Branch":29,"Thread and Needle":40,"Orichalcum":9,"Cursed Key":34,"Ancient Tea Set":42,"keyreminder:keyreminder":40,"Centennial Puzzle":14,"DollysMirror":20,"Bronze Scales":45,"Pantograph":54,"Nloth\u0027s Gift":21,"Red Mask":24,"Cracked Core":0},{"Torii":11,"Golden Idol":4,"Astrolabe":8,"Dead Branch":12,"Thread and Needle":19,"Orichalcum":4,"Cursed Key":15,"Ancient Tea Set":19,"keyreminder:keyreminder":19,"Centennial Puzzle":7,"DollysMirror":9,"Bronze Scales":21,"Pantograph":24,"Nloth\u0027s Gift":9,"Red Mask":11,"Cracked Core":0},{"Torii":51,"Golden Idol":13,"Astrolabe":38,"Dead Branch":58,"Thread and Needle":93,"Orichalcum":13,"Cursed Key":76,"Ancient Tea Set":93,"keyreminder:keyreminder":93,"Centennial Puzzle":23,"DollysMirror":43,"Bronze Scales":105,"Pantograph":122,"Nloth\u0027s Gift":43,"Red Mask":51,"Cracked Core":0}]},"card_choices":[{"not_picked":["Rainbow","Echo Form"],"picked":"Fission","floor":0},{"not_picked":["Steam","Skim"],"picked":"Coolheaded","floor":1},{"not_picked":["Steam","Conserve Battery"],"picked":"Ball Lightning","floor":2},{"not_picked":["Streamline","Turbo"],"picked":"Defragment","floor":3},{"not_picked":["Force Field","Auto Shields"],"picked":"Coolheaded","floor":5},{"not_picked":["Streamline","Steam"],"picked":"Fusion","floor":11},{"not_picked":["Streamline","Turbo"],"picked":"Hologram","floor":12},{"not_picked":["Go for the Eyes","Chaos"],"picked":"Hologram","floor":14},{"not_picked":["Fission","Meteor Strike"],"picked":"Seek","floor":16},{"not_picked":["Barrage","Gash","Coolheaded"],"picked":"SKIP","floor":18},{"not_picked":["Hello World","Rebound+1"],"picked":"Ball Lightning","floor":22},{"not_picked":["Steam","Stack"],"picked":"Fission","floor":24},{"not_picked":["White Noise","Blizzard"],"picked":"FTL+1","floor":29},{"not_picked":["Fusion","Streamline","Conserve Battery"],"picked":"SKIP","floor":30},{"not_picked":["Sunder+1","Rebound"],"picked":"Redo","floor":31},{"not_picked":["Hyperbeam","Rainbow"],"picked":"Fission","floor":33},{"not_picked":["Leap","Gash","Chaos"],"picked":"SKIP","floor":35},{"not_picked":["Sweeping Beam+1","Leap+1","Consume"],"picked":"SKIP","floor":36},{"not_picked":["Storm+1","Barrage"],"picked":"Undo+1","floor":39},{"not_picked":["Core Surge","Cold Snap"],"picked":"Loop+1","floor":40},{"not_picked":["Force Field","Stack","Melter"],"picked":"SKIP","floor":44},{"not_picked":["Reinforced Body+1","Undo"],"picked":"Aggregate","floor":45},{"not_picked":["Beam Cell+1","Gash+1"],"picked":"Chaos+1","floor":47},{"not_picked":["Steam Power","Double Energy"],"picked":"Glacier+1","floor":54}],"player_experience":2322047,"relics_obtained":[{"floor":9,"key":"Orichalcum"},{"floor":14,"key":"Centennial Puzzle"},{"floor":24,"key":"Red Mask"},{"floor":26,"key":"Torii"},{"floor":29,"key":"Dead Branch"},{"floor":40,"key":"Thread and Needle"},{"floor":45,"key":"Bronze Scales"},{"floor":54,"key":"Pantograph"}],"event_choices":[{"cards_removed":["Strike_B"],"damage_healed":0,"gold_gain":0,"player_choice":"Card Removal","damage_taken":7,"max_hp_gain":0,"max_hp_loss":0,"event_name":"Golden Wing","floor":4,"gold_loss":0},{"damage_healed":0,"gold_gain":0,"player_choice":"Take Damage","damage_taken":18,"relics_obtained":["Golden Idol"],"max_hp_gain":0,"max_hp_loss":0,"event_name":"Golden Idol","floor":7,"gold_loss":0},{"damage_healed":0,"gold_gain":0,"player_choice":"Traded Relic","damage_taken":0,"relics_obtained":["Nloth\u0027s Gift"],"max_hp_gain":0,"max_hp_loss":0,"event_name":"N\u0027loth","floor":21,"relics_lost":["Astrolabe"],"gold_loss":0},{"damage_healed":0,"gold_gain":0,"player_choice":"Fought Bandits","damage_taken":0,"max_hp_gain":0,"max_hp_loss":0,"event_name":"Masked Bandits","floor":24,"gold_loss":0},{"cards_removed":["Strike_B"],"damage_healed":0,"gold_gain":0,"player_choice":"Card Removal","damage_taken":0,"max_hp_gain":0,"max_hp_loss":0,"event_name":"Wheel of Change","floor":27,"gold_loss":0},{"cards_removed":["Ball Lightning"],"damage_healed":0,"gold_gain":0,"player_choice":"Removed Attack","damage_taken":0,"max_hp_gain":0,"max_hp_loss":0,"event_name":"Falling","floor":37,"gold_loss":0},{"damage_healed":0,"gold_gain":333,"player_choice":"Gave Idol","damage_taken":0,"max_hp_gain":0,"max_hp_loss":0,"event_name":"The Moai Head","floor":38,"relics_lost":["Golden Idol"],"gold_loss":0}],"is_beta":false,"boss_relics":[{"not_picked":["Velvet Choker","Sozu"],"picked":"Astrolabe"},{"not_picked":["Black Star","SacredBark"],"picked":"Cursed Key"}],"items_purged_floors":[20,42,48],"is_endless":false,"potions_floor_spawned":[3,5,12,16,18,22,24,31,35,40,44,45],"killed_by":"The Heart","ascension_level":0}}