{"host":"dn6kke80v5f7isus","time":1610958026,"event":{"mods":["AchievementEnabler","Act Like it!","BaseMod","Colored Powertips","Custom Start","Defuse TimeMaze Blight","Duelist Mod","Gremlin Skip","Highlight Path","Hubris","Infinite Spire","Minty Spire (QoL Compilation)","Rare Cards Sparkle","Replay The Spire","StSLib","Uncapped"],"gold_per_floor":[139,139,171,171,96,96,124,124,124,124,109,129,169,183,183,280,280,429,429,441,441,487,487,564,564,564,564,594,84,84,84,84,217,217,248,298,13,112,112,155,155,155],"floor_reached":41,"language":"ENG","playtime":1955,"items_purged":["theDuelist:OjamaGreen","theDuelist:OjamaGreen"],"score":683,"play_id":"c917c817-4912-46bc-b0db-7f7ff0131efc","local_time":"20210118032026","is_ascension_mode":true,"campfire_choices":[{"data":"theDuelist:OjamaBlack","floor":6.0,"key":"SMITH"},{"data":"theDuelist:OjamaBlack","floor":8.0,"key":"SMITH"},{"floor":15.0,"key":"DIG"},{"data":"theDuelist:OjamaRed","floor":23.0,"key":"SMITH"},{"data":"theDuelist:OjamaBlue","floor":27,"key":"SMITH"},{"data":"theDuelist:OjamaRed+1","floor":30,"key":"SMITH"},{"data":"theDuelist:OjamaRed+2","floor":32,"key":"SMITH"}],"circlet_count":0,"master_deck":["theDuelist:OjamaKnight","theDuelist:OjamaCountry","theDuelist:OjamaBlue+1","theDuelist:BadReaction+1","theDuelist:PotGreed+1","theDuelist:SpiralSpearStrike","theDuelist:OjamaPajama","theDuelist:Nameless:Magic:YamiForm","theDuelist:OjamaYellow","theDuelist:Ojamuscle","theDuelist:OjamaDuo","theDuelist:OjamaKnight","theDuelist:OjamaRed+3","theDuelist:OjamaCountry","theDuelist:HappyLover","theDuelist:OjamaRed+3","theDuelist:Wiretap","theDuelist:OjamaEmperor","theDuelist:OjamaTrio+1","theDuelist:DarkFactory","hubris:DuctTapeCard","theDuelist:SwordsConcealing+1"],"relics":["theDuelist:MillenniumPuzzle","theDuelist:CardPoolRelic","theDuelist:CardPoolBasicRelic","theDuelist:BoosterPackPoolRelic","theDuelist:CardPoolAddRelic","theDuelist:CardPoolMinusRelic","theDuelist:CardPoolSaveRelic","theDuelist:CardPoolOptionsRelic","hubris:Icosahedron","Prayer Wheel","theDuelist:KaibaToken","Paper Frog","TungstenRod","CaptainsWheel","HoveringKite","ReplayTheSpireMod:ShopPack","Enchiridion","Replay:Byrd Feeder","hubris:BottledHeart","Molten Egg 2","Letter Opener","Gremlin Horn","Honey Jar","Another Sword","Counterbalance","hubris:DuctTape"],"acts_visited":["Exordium","TheCity","TheBeyond"],"potions_floor_usage":[],"damage_taken":[{"damage":4.0,"enemies":"Small Slimes","floor":1.0,"turns":2.0},{"damage":0.0,"enemies":"Gremlin Nob","floor":7.0,"turns":3.0},{"damage":18.0,"enemies":"Lagavulin","floor":11.0,"turns":4.0},{"damage":0.0,"enemies":"2 Louse","floor":12.0,"turns":1.0},{"damage":26.0,"enemies":"3 Sentries","floor":13.0,"turns":4.0},{"damage":0.0,"enemies":"Jaw Worm","floor":14.0,"turns":1.0},{"damage":14.0,"enemies":"Hexaghost","floor":16.0,"turns":8.0},{"damage":0.0,"enemies":"Spheric Guardian","floor":18.0,"turns":2.0},{"damage":0.0,"enemies":"3 Byrds","floor":20.0,"turns":3.0},{"damage":0.0,"enemies":"Snake Plant","floor":22.0,"turns":6.0},{"damage":0,"enemies":"Nightmare","floor":24,"turns":5},{"damage":0,"enemies":"Snecko","floor":28,"turns":4},{"damage":0,"enemies":"hubris:MusketHawk","floor":33,"turns":5},{"damage":0,"enemies":"Orb Walker","floor":35,"turns":1},{"damage":0,"enemies":"Mind Bloom Boss Battle","floor":36,"turns":4},{"damage":0,"enemies":"3 Darklings","floor":38,"turns":2},{"damage":0,"enemies":"R_Hoarder","floor":40,"turns":5},{"damage":0,"enemies":"Sphere and 2 Shapes","floor":41,"turns":1}],"seed_played":"6112160086508574306","potions_obtained":[{"floor":0.0,"key":"Adrenaline Potion"},{"floor":0.0,"key":"CultistPotion"},{"floor":0.0,"key":"Strength Potion"},{"floor":12.0,"key":"theDuelist:SummonFuryPotion"},{"floor":28,"key":"theDuelist:VoidBottle"},{"floor":35,"key":"theDuelist:TributeBottle"},{"floor":36,"key":"theDuelist:DebuffArmorPotion"}],"is_trial":false,"path_per_floor":["M","?","?","?","$","R","E","R","T","?","E","M","E","M","R","B",null,"M","AVR","M","?","M","R","NM","?","T","R","M","$","R","?","R","B",null,"M","?","$","M","?","E","M"],"character_chosen":"THE_DUELIST","items_purchased":["Letter Opener","Gremlin Horn","Counterbalance"],"campfire_rested":0,"item_purchase_floors":[29,29,37],"current_hp_per_floor":[76,76,76,76,76,76,80,80,80,80,62,62,36,36,36,22,80,80,80,80,68,71,71,71,1,1,1,1,1,1,1,1,1,1,1,1,1,1,1,1,1,1],"gold":155,"neow_bonus":"THREE_SMALL_POTIONS","is_daily":false,"chose_seed":false,"campfire_upgraded":6,"win_rate":0.0,"timestamp":1610958026,"path_taken":["M","?","?","?","$","R","E","R","T","?","E","M","E","M","R","BOSS","M","AVR","M","?","M","R","NM","?","T","R","M","$","R","?","R","BOSS","M","?","$","M","?","E","M"],"items_purchased_type":["Relic","Relic","Relic"],"build_version":"2020-12-22","purchased_purges":2,"victory":false,"max_hp_per_floor":[80,80,80,80,80,80,80,80,80,80,80,80,80,80,80,80,80,80,80,80,80,80,80,80,1,1,1,1,1,1,1,1,1,1,1,1,1,1,1,1,1,1],"card_choices":[{"not_picked":["theDuelist:GilfordLegend","theDuelist:PurplePainOni","theDuelist:BigEye","theDuelist:CastleDarkIllusions"],"picked":"theDuelist:DarkFactory","floor":1.0},{"not_picked":["theDuelist:RainbowDragon","theDuelist:SummonedSkull","theDuelist:GiantOrc","theDuelist:Pumpking","theDuelist:NeoMagic"],"picked":"SKIP","floor":7.0},{"not_picked":["theDuelist:DarkMagician","theDuelist:MysticalElf","theDuelist:RainbowDragon","theDuelist:Eva","theDuelist:Ojamagic"],"picked":"SKIP","floor":11.0},{"not_picked":["theDuelist:Zombyra","theDuelist:FiendMegacyber","theDuelist:DarkMagician","theDuelist:OjamaCountry","theDuelist:RainbowFlower"],"picked":"SKIP","floor":12.0},{"not_picked":["theDuelist:LightningVortex","theDuelist:MillenniumGolem","theDuelist:RainbowOverdragon","theDuelist:Hinotama","theDuelist:Mathematician"],"picked":"SKIP","floor":12.0},{"not_picked":["theDuelist:FuryFire+1","theDuelist:Hinotama+1","theDuelist:SphereKuriboh","theDuelist:RedMedicine+1"],"picked":"theDuelist:OjamaKnight","floor":13.0},{"not_picked":["theDuelist:RainbowFlower","theDuelist:FiendMegacyber","theDuelist:KingYami","theDuelist:Ojamatch"],"picked":"theDuelist:OjamaPajama","floor":14.0},{"not_picked":["theDuelist:RainbowDragon","theDuelist:Zombyra","theDuelist:Pumprincess","theDuelist:WhiteMagicalHat","theDuelist:OjamaGreen"],"picked":"SKIP","floor":14.0},{"not_picked":["theDuelist:GiantOrc","theDuelist:OjamaYellow","theDuelist:MysticalElf","theDuelist:DarkMagicianGirl"],"picked":"theDuelist:SpiralSpearStrike","floor":18.0},{"not_picked":["theDuelist:EvilswarmNightmare","theDuelist:GarbageLord","theDuelist:OjamaGreen","theDuelist:KamionTimelord"],"picked":"theDuelist:OjamaRed","floor":18.0},{"not_picked":["theDuelist:Zombyra","theDuelist:NeoMagic+1","theDuelist:FiendMegacyber","theDuelist:Mudballman","theDuelist:OjamaDuo"],"picked":"SKIP","floor":20.0},{"not_picked":["theDuelist:BigFire+1","theDuelist:LightningVortex","theDuelist:MagicHoleGolem","theDuelist:Wiretap","theDuelist:RainbowOverdragon"],"picked":"SKIP","floor":20.0},{"not_picked":["theDuelist:DarkFactory","theDuelist:ClawHermos","theDuelist:FishKicks","theDuelist:MagiciansRobe"],"picked":"theDuelist:PotGreed+1","floor":22.0},{"not_picked":["theDuelist:SpiralSpearStrike+1","theDuelist:OjamaKnight","theDuelist:OjamaRed","theDuelist:FuryFire+1"],"picked":"theDuelist:OjamaBlue","floor":22.0},{"not_picked":["theDuelist:KamionTimelord","theDuelist:DarkMasterZorc","theDuelist:IceQueen+1"],"picked":"SKIP","floor":24},{"not_picked":["theDuelist:RainbowNeos+1","theDuelist:OjamaBlack","theDuelist:OjamaCountry","theDuelist:RainbowFlower+1"],"picked":"theDuelist:OjamaKnight","floor":28},{"not_picked":["theDuelist:Pumpking+1","theDuelist:OjamaCountry","theDuelist:FiendMegacyber","theDuelist:OnslaughtFireKings","theDuelist:KingYami+1"],"picked":"SKIP","floor":28},{"not_picked":["theDuelist:IrisEarthMother","theDuelist:SwordsRevealing","theDuelist:SangaWater+1","theDuelist:OjamaBlue"],"picked":"theDuelist:OjamaEmperor","floor":33},{"not_picked":["theDuelist:Hinotama+1","theDuelist:LightningDarts+1","theDuelist:MagicalStone+1","theDuelist:DestructPotion+1"],"picked":"theDuelist:Wiretap","floor":35},{"not_picked":["theDuelist:RainbowFlower+1","theDuelist:RainbowNeos+1","theDuelist:IrisEarthMother+1","theDuelist:KamionTimelord+1"],"picked":"theDuelist:HappyLover","floor":35},{"not_picked":["theDuelist:RainbowNeos+1","theDuelist:WhiteMagicalHat+1","theDuelist:NeoMagic+1","theDuelist:KingYami+1"],"picked":"theDuelist:OjamaDuo","floor":36},{"not_picked":["theDuelist:DarkMasterZorc+1","theDuelist:SwordsRevealing+1","theDuelist:SangaWater+1","theDuelist:IceQueen+1"],"picked":"theDuelist:OjamaRed+3","floor":38},{"not_picked":["theDuelist:FishKicks+1","theDuelist:WhiteHowling+1","theDuelist:ElementalBurst","theDuelist:OnslaughtFireKings"],"picked":"theDuelist:BadReaction+1","floor":38},{"not_picked":["theDuelist:RainbowRuins+1","theDuelist:MindAir","theDuelist:Yami+1","theDuelist:StatueAnguishPattern"],"picked":"theDuelist:SwordsConcealing+1","floor":40}],"player_experience":575791,"relics_obtained":[{"floor":7.0,"key":"Prayer Wheel"},{"floor":9.0,"key":"theDuelist:KaibaToken"},{"floor":11.0,"key":"Paper Frog"},{"floor":13.0,"key":"TungstenRod"},{"floor":15.0,"key":"CaptainsWheel"},{"floor":21.0,"key":"Enchiridion"},{"floor":24,"key":"Replay:Byrd Feeder"},{"floor":26,"key":"Molten Egg 2"},{"floor":36,"key":"Another Sword"},{"floor":40,"key":"hubris:DuctTape"}],"event_choices":[{"damage_healed":0.0,"max_hp_gain":0.0,"max_hp_loss":0.0,"gold_gain":0.0,"event_name":"Liars Game","player_choice":"Ignored","floor":2.0,"gold_loss":0.0,"damage_taken":0.0},{"damage_healed":0.0,"max_hp_gain":0.0,"max_hp_loss":0.0,"gold_gain":0.0,"event_name":"Card Trader","player_choice":"Sold Ojama Yellow for 32 Gold.","duelist":true,"floor":3.0,"gold_loss":0.0,"damage_taken":0.0},{"damage_healed":0.0,"max_hp_gain":0.0,"max_hp_loss":0.0,"gold_gain":0.0,"event_name":"Cursed Tome","player_choice":"Obtained Book","floor":21.0,"gold_loss":0.0,"damage_taken":16.0},{"damage_healed":0,"gold_gain":0,"player_choice":"Brew - 2x Potion Slots","duelist":true,"damage_taken":0,"max_hp_gain":0,"max_hp_loss":0,"event_name":"Aknamkanon\u0027s Tomb","floor":31,"gold_loss":0},{"damage_healed":0,"gold_gain":0,"player_choice":"Fight","damage_taken":0,"max_hp_gain":0,"max_hp_loss":0,"event_name":"MindBloom","floor":36,"gold_loss":0},{"total_magic_score":89,"gold_gain":0,"duelist":true,"damage_taken":0,"relics_obtained":[],"points":14,"max_hp_gain":1,"max_hp_loss":0,"spent_points":{"magic":4,"greed":0,"war":0,"power":4,"hunger":4},"event_name":"Nameless Tomb","hunger_reward":4,"floor":39,"gold_loss":0,"magic_reward":4,"cards_obtained":["theDuelist:Nameless:Magic:YamiForm"]}],"is_beta":false,"boss_relics":[{"not_picked":["Replay:Bronze Core","Replay:Ancient Bell"],"picked":"HoveringKite"},{"not_picked":["infinitespire:Cupcake","Mark of Pain"],"picked":"Honey Jar"}],"items_purged_floors":[5,19],"is_endless":true,"potions_floor_spawned":[12,14,18,28,35,36],"killed_by":"Sphere and 2 Shapes","ascension_level":1}}