{"host":"yzi164syo8zv6plh","time":1610972338,"event":{"mods":["Arknights The Spire","BaseMod","Minty Spire (QoL Compilation)","StSLib"],"gold_per_floor":[119,137,155,155,330,355,355,355,355],"floor_reached":8,"language":"ZHS","playtime":248,"items_purged":[],"score":59,"play_id":"d92379cc-0543-46a2-b1a6-60e13cd2bed2","local_time":"20210118201858","is_ascension_mode":true,"campfire_choices":[{"data":"ats:Emotion Absorption","floor":7,"key":"SMITH"}],"circlet_count":0,"master_deck":["ats:Strike C","ats:Strike G","ats:Strike S","ats:Strike V+1","ats:Armor Crushing Shot","ats:Defend","ats:Defend","ats:Defend","ats:Defend","ats:Emotion Absorption+1","ats:Soul Rend","ats:Closed Bolt Burst Fire","ats:Ignite+1","Doubt","ats:Healing Drone"],"relics":["ats:Sanity","ats:Originium","Lantern"],"acts_visited":["Exordium"],"potions_floor_usage":[8,8],"damage_taken":[{"damage":6,"enemies":"Cultist","floor":1,"turns":4},{"damage":5,"enemies":"Small Slimes","floor":2,"turns":3},{"damage":5,"enemies":"2 Louse","floor":3,"turns":3},{"damage":40,"enemies":"Gremlin Nob","floor":6,"turns":5},{"damage":23,"enemies":"Lagavulin","floor":8,"turns":7}],"seed_played":"3151899333005354072","potions_obtained":[{"floor":3,"key":"SpeedPotion"},{"floor":6,"key":"FearPotion"}],"is_trial":false,"path_per_floor":["M","M","M","?","?","E","R","E"],"character_chosen":"DOCTOR_CLASS","items_purchased":[],"campfire_rested":0,"item_purchase_floors":[],"current_hp_per_floor":[67,62,58,44,44,4,4,0,0],"gold":355,"neow_bonus":"ONE_RANDOM_RARE_CARD","is_daily":false,"chose_seed":false,"campfire_upgraded":1,"win_rate":0.0,"timestamp":1610972338,"path_taken":["M","?","M","?","?","E","R","E"],"items_purchased_type":[],"build_version":"2020-12-22","purchased_purges":0,"victory":false,"max_hp_per_floor":[72,72,72,72,72,72,72,72,72],"card_choices":[{"not_picked":["ats:Childhood Dance","ats:Explosion Area Strengthen"],"picked":"ats:Closed Bolt Burst Fire","floor":1},{"not_picked":["ats:Childhood Dance","ats:Closed Bolt Burst Fire","ats:Neurotoxin"],"picked":"SKIP","floor":2},{"not_picked":["ats:Consecutive Shot Auto","ats:Revitalization"],"picked":"ats:Ignite","floor":3},{"not_picked":["ats:Magnetic Hammer","ats:Assault Order"],"picked":"ats:Healing Drone","floor":6}],"player_experience":276783,"relics_obtained":[{"floor":6,"key":"ats:Originium"},{"floor":6,"key":"Lantern"}],"event_choices":[{"damage_healed":0,"gold_gain":0,"player_choice":"Entered Light","damage_taken":14,"max_hp_gain":0,"max_hp_loss":0,"event_name":"Shining Light","floor":4,"gold_loss":0,"cards_upgraded":["ats:Strike V","ats:Ignite"]},{"damage_healed":0,"gold_gain":175,"player_choice":"AGREE","damage_taken":0,"max_hp_gain":0,"max_hp_loss":0,"event_name":"Liars Game","floor":5,"gold_loss":0,"cards_obtained":["Doubt"]}],"is_beta":false,"boss_relics":[],"items_purged_floors":[],"is_endless":false,"potions_floor_spawned":[3,6],"killed_by":"Lagavulin","ascension_level":1}}