{"host":"wogey4gsknv4ot2d","time":1610937996,"event":{"mods":["2.2 Compatiblity","AchievementEnabler","BaseMod","Bestiary","Better Third Choice","Colored Map","Colored Powertips","Googly Eyes","Key Reminder","Minty Spire (QoL Compilation)","Permanent Neow","Rare Cards Sparkle","Relic Stats","StSLib"],"gold_per_floor":[109,123,141,216,38,50,84,84,84,113,124,124,153,153,153,258,258,277,287,287,338,28,28,46,63,63,63,77,77,77],"floor_reached":29,"language":"ENG","playtime":904,"items_purged":[],"score":257,"play_id":"4ee3f6f1-8d02-463e-a3e7-83ed38b0cbb8","local_time":"20210117204636","is_ascension_mode":true,"campfire_choices":[{"floor":8,"key":"REST"},{"floor":12,"key":"REST"},{"data":"Chaos","floor":15,"key":"SMITH"},{"floor":27,"key":"REST"}],"circlet_count":0,"master_deck":["Strike_B+1","Strike_B+1","Strike_B+1","Strike_B+1","Defend_B+1","Defend_B+1","Defend_B+1","Defend_B+1","Zap","Dualcast","Rainbow","Go for the Eyes","Conserve Battery","Go for the Eyes","BootSequence","Beam Cell","Conserve Battery","Defragment","Coolheaded","Chaos+1","Creative AI","Hello World+1","Beam Cell","Sweeping Beam","Redo","Hello World+1"],"relics":["Cracked Core","Regal Pillow","Ancient Tea Set","Blood Vial","Ornamental Fan","Torii","SacredBark","PreservedInsect","Runic Capacitor","DataDisk","Letter Opener"],"acts_visited":["Exordium","TheCity"],"potions_floor_usage":[3,13,18,25,25],"damage_taken":[{"damage":6,"enemies":"Cultist","floor":1,"turns":5},{"damage":3,"enemies":"Small Slimes","floor":2,"turns":3},{"damage":0,"enemies":"Jaw Worm","floor":3,"turns":3},{"damage":8,"enemies":"Exordium Wildlife","floor":6,"turns":6},{"damage":38,"enemies":"Gremlin Nob","floor":7,"turns":5},{"damage":18,"enemies":"Lagavulin","floor":10,"turns":7},{"damage":1,"enemies":"2 Fungi Beasts","floor":11,"turns":3},{"damage":10,"enemies":"3 Sentries","floor":13,"turns":6},{"damage":9,"enemies":"The Guardian","floor":16,"turns":10},{"damage":7,"enemies":"3 Byrds","floor":18,"turns":6},{"damage":14,"enemies":"Shell Parasite","floor":19,"turns":8},{"damage":18,"enemies":"Snecko","floor":24,"turns":5},{"damage":40,"enemies":"Cultist and Chosen","floor":25,"turns":6},{"damage":0,"enemies":"3 Cultists","floor":28,"turns":4},{"damage":43,"enemies":"Slavers","floor":29,"turns":3}],"seed_played":"2808828272461124929","potions_obtained":[{"floor":1,"key":"SkillPotion"},{"floor":11,"key":"ColorlessPotion"},{"floor":13,"key":"DuplicationPotion"},{"floor":16,"key":"FocusPotion"},{"floor":18,"key":"EssenceOfSteel"},{"floor":24,"key":"EssenceOfDarkness"}],"is_trial":false,"path_per_floor":["M","M","M","?","$","M","E","R","T","E","M","R","E","?","R","B",null,"M","M","?","T","$","?","M","M","T","R","M","E"],"character_chosen":"DEFECT","items_purchased":["Regal Pillow","BootSequence","Runic Capacitor","DataDisk"],"campfire_rested":3,"item_purchase_floors":[5,5,22,22],"current_hp_per_floor":[69,66,66,55,55,47,9,46,46,30,31,68,60,60,60,53,75,68,56,56,56,56,56,40,2,2,39,41,0,0],"gold":77,"neow_bonus":"ONE_RANDOM_RARE_CARD","is_daily":false,"chose_seed":false,"campfire_upgraded":1,"win_rate":0.0,"timestamp":1610937996,"path_taken":["M","M","?","?","$","M","E","R","T","E","M","R","E","?","R","BOSS","M","M","?","?","?","?","?","M","T","R","M","E"],"items_purchased_type":["Relic","Card","Relic","Relic"],"build_version":"2020-12-22","purchased_purges":0,"victory":false,"max_hp_per_floor":[75,75,75,75,75,75,75,75,75,75,75,75,75,75,75,75,75,75,75,75,75,75,75,75,75,75,75,75,75,75],"relic_stats":{"Blood Vial":18,"Regal Pillow":45,"Torii":7,"counters":[15,80],"Ornamental Fan":[32],"PreservedInsect":39,"Letter Opener":[30],"obtain_stats":[{"Blood Vial":9,"Regal Pillow":5,"DataDisk":22,"Torii":13,"Ornamental Fan":10,"SacredBark":17,"PreservedInsect":21,"Runic Capacitor":22,"Letter Opener":26,"Cracked Core":0,"Ancient Tea Set":7},{"Blood Vial":5,"Regal Pillow":3,"DataDisk":11,"Torii":8,"Ornamental Fan":6,"SacredBark":9,"PreservedInsect":11,"Runic Capacitor":11,"Letter Opener":13,"Cracked Core":0,"Ancient Tea Set":5},{"Blood Vial":22,"Regal Pillow":11,"DataDisk":62,"Torii":38,"Ornamental Fan":29,"SacredBark":48,"PreservedInsect":62,"Runic Capacitor":62,"Letter Opener":73,"Cracked Core":0,"Ancient Tea Set":22}]},"card_choices":[{"not_picked":["Lockon","Hologram"],"picked":"Go for the Eyes","floor":1},{"not_picked":["Blizzard","Undo"],"picked":"Conserve Battery","floor":2},{"not_picked":["Conserve Battery","Leap"],"picked":"Go for the Eyes","floor":3},{"not_picked":["White Noise","Rebound"],"picked":"Beam Cell","floor":6},{"not_picked":["Redo","Compile Driver"],"picked":"Conserve Battery","floor":7},{"not_picked":["Steam","Seek"],"picked":"Defragment","floor":10},{"not_picked":["Steam Power","Sunder"],"picked":"Coolheaded","floor":11},{"not_picked":["FTL","Gash"],"picked":"Chaos","floor":13},{"not_picked":["All For One","Fission"],"picked":"Creative AI","floor":16},{"not_picked":["Compile Driver+1","Rebound"],"picked":"Hello World+1","floor":18},{"not_picked":["Rebound","Steam"],"picked":"Beam Cell","floor":19},{"not_picked":["Streamline+1","Turbo"],"picked":"Sweeping Beam","floor":24},{"not_picked":["Skim","Capacitor"],"picked":"Redo","floor":25},{"not_picked":["Blizzard","Coolheaded"],"picked":"Hello World+1","floor":28}],"player_experience":50558,"relics_obtained":[{"floor":7,"key":"Ancient Tea Set"},{"floor":9,"key":"Blood Vial"},{"floor":10,"key":"Ornamental Fan"},{"floor":13,"key":"Torii"},{"floor":21,"key":"PreservedInsect"},{"floor":26,"key":"Letter Opener"}],"event_choices":[{"damage_healed":0,"gold_gain":75,"player_choice":"Gold","damage_taken":11,"max_hp_gain":0,"max_hp_loss":0,"event_name":"betterThird:BetterGoop","floor":4,"gold_loss":0},{"damage_healed":0,"gold_gain":1,"player_choice":"LEAVE","damage_taken":0,"max_hp_gain":0,"max_hp_loss":0,"event_name":"betterThird:BetterScrap","floor":14,"gold_loss":0,"cards_obtained":["SignatureMove"]},{"damage_healed":0,"gold_gain":0,"player_choice":"Ignored","damage_taken":0,"max_hp_gain":0,"max_hp_loss":0,"event_name":"Ghosts","floor":20,"gold_loss":0},{"damage_healed":0,"gold_gain":0,"player_choice":"Simplicity","damage_taken":0,"max_hp_gain":0,"max_hp_loss":8,"event_name":"betterThird:BetterWriting","floor":23,"gold_loss":0}],"is_beta":false,"boss_relics":[{"not_picked":["Cursed Key","Ectoplasm"],"picked":"SacredBark"}],"items_purged_floors":[],"is_endless":false,"potions_floor_spawned":[1,11,13,16,18,24],"killed_by":"Slavers","ascension_level":1}}