{"host":"b96hyfeqj1peltkw","time":1610958301,"event":{"mods":["AchievementEnabler","Act Like it!","BaseMod","Block Reminder","Gensokyo","Hermit","Marisa（霧雨　魔理沙）","Minty Spire (QoL Compilation)","Practice Mode","Reimu（博丽灵梦）","StSLib"],"gold_per_floor":[116,116,116,116,41,41,53,65,65,65,92,92,107,117,117,117,117],"floor_reached":16,"language":"ZHS","playtime":1207,"items_purged":["Injury"],"score":100,"play_id":"8d4404f8-9c88-4963-b8bc-2bd716c7c1e8","local_time":"20210118162501","is_ascension_mode":false,"campfire_choices":[{"data":"hermit:Covet","floor":6.0,"key":"SMITH"},{"data":"hermit:SprayPray","floor":10.0,"key":"SMITH"},{"data":"hermit:FullyLoaded","floor":12.0,"key":"SMITH"},{"floor":15.0,"key":"REST"}],"circlet_count":0,"master_deck":["hermit:Strike_Hermit","hermit:Strike_Hermit","hermit:Strike_Hermit","hermit:Strike_Hermit","hermit:Defend_Hermit","hermit:Defend_Hermit","hermit:Defend_Hermit","hermit:Defend_Hermit","hermit:Covet+1","hermit:Vantage","hermit:SprayPray+1","hermit:CalledShot","hermit:FullyLoaded+1","hermit:ItchyTrigger","hermit:Quickdraw"],"relics":["hermit:Momento","NeowsBlessing","MealTicket","Happy Flower","Turnip","Sundial"],"acts_visited":["Gensokyo:Gensokyo"],"potions_floor_usage":[],"damage_taken":[{"damage":0.0,"enemies":"Gensokyo:Gryphon","floor":1.0,"turns":1.0},{"damage":0.0,"enemies":"Gensokyo:3_Fairies","floor":7.0,"turns":2.0},{"damage":0.0,"enemies":"Gensokyo:2_Kodama","floor":8.0,"turns":1.0},{"damage":63.0,"enemies":"Gensokyo:Aya","floor":11.0,"turns":11.0},{"damage":7.0,"enemies":"Gensokyo:Kitsune","floor":13.0,"turns":4.0},{"damage":0.0,"enemies":"Gensokyo:3_Kodama","floor":14.0,"turns":2.0},{"damage":28,"enemies":"Gensokyo:Yukari","floor":16,"turns":10}],"seed_played":"-8691109329128770022","potions_obtained":[{"floor":8.0,"key":"Weak Potion"},{"floor":11.0,"key":"LiquidMemories"},{"floor":13.0,"key":"Explosive Potion"}],"is_trial":false,"path_per_floor":["M","?","?","?","$","R","M","M","T","R","E","R","M","M","R","B"],"character_chosen":"HERMIT","items_purchased":[],"campfire_rested":1,"item_purchase_floors":[],"current_hp_per_floor":[75,75,75,75,75,75,75,75,75,75,12,12,5,5,27,0,0],"gold":117,"neow_bonus":"THREE_ENEMY_KILL","is_daily":false,"chose_seed":false,"campfire_upgraded":3,"win_rate":0.0,"timestamp":1610958301,"path_taken":["M","?","?","?","$","R","M","?","T","R","E","R","M","M","R","BOSS"],"items_purchased_type":[],"build_version":"2020-12-22","purchased_purges":1,"victory":false,"max_hp_per_floor":[75,75,75,75,75,75,75,75,75,75,75,75,75,75,75,75,75],"card_choices":[{"not_picked":["hermit:HighCaliber","hermit:Misfire"],"picked":"hermit:Vantage","floor":1.0},{"not_picked":["hermit:BigShot","hermit:NoHoldsBarred"],"picked":"hermit:SprayPray","floor":7.0},{"not_picked":["hermit:Malice","hermit:TrackingShot"],"picked":"hermit:CalledShot","floor":8.0},{"not_picked":["hermit:Misfire","hermit:Coalescence"],"picked":"hermit:FullyLoaded","floor":11.0},{"not_picked":["hermit:Snipe","hermit:Headshot"],"picked":"hermit:ItchyTrigger","floor":13.0},{"not_picked":["hermit:Misfire","hermit:Enervate"],"picked":"hermit:Quickdraw","floor":14.0}],"player_experience":1407033,"relics_obtained":[{"floor":9.0,"key":"Turnip"},{"floor":11.0,"key":"Sundial"}],"event_choices":[],"is_beta":false,"boss_relics":[],"items_purged_floors":[5],"is_endless":false,"potions_floor_spawned":[8,11,13],"killed_by":"Gensokyo:Yukari","ascension_level":0}}