{"host":"egwexuw5uvnxf11j","time":1610940734,"event":{"mods":["2.2 Compatiblity","Aspiration","BaseMod","Better Altar","Better Note","Better Sensory Stone","Better Third Choice","Displayed Cursed Tome","Downfall","Hermit","Key Reminder","Koishi","Marisa????????","Minty Spire (QoL Compilation)","Quick Restart","Shade Mod","Spicy Shops","StSLib","The Construct","The Cursed","The Hierophant","The Runesmith","The Senshi","The Servant 0.9.4","Transform Curses"],"gold_per_floor":[92,17,33,26,26,26,38,55,128,128,134,139,161,183,183,159,159],"floor_reached":16,"language":"ENG","playtime":657,"items_purged":["downfall:Haunted"],"score":162,"play_id":"b67f02df-57ba-48a0-a19c-13c39f0f4763","local_time":"20210117223214","is_ascension_mode":true,"campfire_choices":[{"data":"hierophant:ChurchCoffers","floor":6,"key":"SMITH"},{"floor":10,"key":"REST"},{"floor":15,"key":"REST"}],"circlet_count":0,"master_deck":["hierophant:Strike_Hierophant","hierophant:Strike_Hierophant","hierophant:Strike_Hierophant","hierophant:Strike_Hierophant","hierophant:Punish","hierophant:Defend_Hierophant","hierophant:Defend_Hierophant","hierophant:Defend_Hierophant","hierophant:Defend_Hierophant","hierophant:ChurchCoffers+1","hierophant:Smite","hierophant:PassingBell","hierophant:Purify","hierophant:Kindle","hierophant:EyeForCoin","hierophant:Doubloon","hierophant:Doubloon","hierophant:Dazzle","hierophant:Doubloon","hierophant:ThreeLashes","hierophant:Doubloon","hierophant:FaithHealing","hierophant:RustyCrate","hierophant:Doubloon","hierophant:Doubloon","hierophant:Doubloon"],"relics":["hierophant:PropheticMaskRelic","construct:BoolHorns","Gremlin Horn","keyreminder:keyreminder","Letter Opener","Tiny Chest"],"acts_visited":["Exordium"],"potions_floor_usage":[7,13,16,16],"damage_taken":[{"damage":0,"enemies":"Small Slimes","floor":1,"turns":2},{"damage":0,"enemies":"Cultist","floor":3,"turns":2},{"damage":0,"enemies":"Jaw Worm","floor":4,"turns":1},{"damage":25,"enemies":"Lagavulin","floor":7,"turns":5},{"damage":3,"enemies":"Blue Slaver","floor":8,"turns":2},{"damage":20,"enemies":"Large Slime","floor":11,"turns":5},{"damage":0,"enemies":"Gremlin Gang","floor":12,"turns":2},{"damage":20,"enemies":"3 Sentries","floor":13,"turns":4},{"damage":3,"enemies":"Blue Slaver","floor":14,"turns":3},{"damage":48,"enemies":"The Guardian","floor":16,"turns":8}],"seed_played":"3836925490254557155","potions_obtained":[{"floor":4,"key":"ColorlessPotion"},{"floor":8,"key":"Fire Potion"},{"floor":12,"key":"Guardian:BlockOnCardUsePotion"},{"floor":14,"key":"FearPotion"}],"is_trial":false,"path_per_floor":["M","$","M","M","?","R","E","M","T","R","M","M","E","M","R","B"],"character_chosen":"HIEROPHANT","items_purchased":[],"campfire_rested":2,"item_purchase_floors":[],"current_hp_per_floor":[75,75,75,75,75,75,50,47,47,69,49,49,29,26,48,0,0],"gold":159,"neow_bonus":"ONE_RARE_RELIC","is_daily":false,"chose_seed":false,"campfire_upgraded":1,"win_rate":0.0,"timestamp":1610940734,"path_taken":["M","$","M","M","?","R","E","M","T","R","M","M","E","?","R","BOSS"],"items_purchased_type":[],"build_version":"2020-12-22","purchased_purges":1,"victory":false,"max_hp_per_floor":[75,75,75,75,75,75,75,75,75,75,75,75,75,75,75,75,75],"card_choices":[{"not_picked":["hierophant:ThreeLashes","hierophant:Prophecy"],"picked":"hierophant:Smite","floor":1},{"not_picked":["hierophant:RepressedViolence","hierophant:HammerAndAnvil"],"picked":"hierophant:PassingBell","floor":3},{"not_picked":["hierophant:Shelter","hierophant:LocustPlague"],"picked":"hierophant:Purify","floor":4},{"not_picked":["hierophant:SealAway","hierophant:Doubloon"],"picked":"hierophant:Kindle","floor":7},{"not_picked":["hierophant:Shelter","hierophant:Doubloon"],"picked":"hierophant:EyeForCoin","floor":8},{"not_picked":["hierophant:Encroach","hierophant:PristineSoul"],"picked":"hierophant:Dazzle","floor":11},{"not_picked":["hierophant:RepressedViolence","hierophant:FieryStrike"],"picked":"hierophant:ThreeLashes","floor":12},{"not_picked":["hierophant:Sermon","hierophant:Shelter"],"picked":"hierophant:FaithHealing","floor":13},{"not_picked":["hierophant:HolyVerse","hierophant:Remorse"],"picked":"hierophant:RustyCrate","floor":14}],"player_experience":2247103,"relics_obtained":[{"floor":7,"key":"Gremlin Horn"},{"floor":9,"key":"Letter Opener"},{"floor":13,"key":"Tiny Chest"}],"event_choices":[{"damage_healed":0,"gold_gain":0,"player_choice":"Ignored","damage_taken":0,"max_hp_gain":0,"max_hp_loss":0,"event_name":"Purifier","floor":5,"gold_loss":0}],"is_beta":false,"boss_relics":[],"items_purged_floors":[2],"is_endless":false,"potions_floor_spawned":[4,8,12,14],"killed_by":"The Guardian","ascension_level":4}}