{"host":"ygfasg9u7olr7skw","time":1610954889,"event":{"mods":["AchievementEnabler","BaseMod","Better Note","Better Vampires","Colored Powertips","Minty Spire (QoL Compilation)","Replay The Spire","Spicy Shops","StSLib","The IronCluck"],"gold_per_floor":[367,54,70,82,82,114,128,128,181,45,45,57,75,88,88,187,187,199,0,0,99,115,115,135,164,164,164,178,25,25,25],"floor_reached":30,"language":"ENG","playtime":1372,"items_purged":["Strike_B","Strike_B","Strike_B"],"score":315,"play_id":"f5fd0bf7-b595-4de7-9293-5939e323e9aa","local_time":"20210118022809","is_ascension_mode":true,"campfire_choices":[{"floor":8,"key":"REST"},{"floor":11,"key":"REST"},{"floor":15,"key":"REST"},{"floor":23,"key":"REST"},{"floor":27,"key":"REST"}],"circlet_count":0,"master_deck":["Defend_B","Defend_B","Defend_B","Defend_B","Zap","Dualcast","Static Discharge","Ball Lightning","Darkness","Consume","Capacitor","Chill","Biased Cognition","Ball Lightning","Sunder","Decay","Panic Button","Barrage","Static Discharge+1","Cold Snap"],"relics":["Cracked Core","DataDisk","Replay:Accelerometer","Bronze Scales","Inserter","Happy Flower","Shovel"],"acts_visited":["Exordium","TheCity"],"potions_floor_usage":[16,24,24,25],"damage_taken":[{"damage":0,"enemies":"Cultist","floor":1,"turns":3},{"damage":8,"enemies":"Small Slimes","floor":3,"turns":2},{"damage":9,"enemies":"Jaw Worm","floor":4,"turns":2},{"damage":28,"enemies":"Gremlin Nob","floor":6,"turns":3},{"damage":6,"enemies":"Exordium Thugs","floor":7,"turns":4},{"damage":25,"enemies":"Gremlin Gang","floor":12,"turns":3},{"damage":1,"enemies":"2 Fungi Beasts","floor":13,"turns":3},{"damage":7,"enemies":"3 Louse","floor":14,"turns":2},{"damage":35,"enemies":"Fading Forest","floor":16,"turns":11},{"damage":16,"enemies":"2 Thieves","floor":18,"turns":4},{"damage":21,"enemies":"Shell Parasite","floor":22,"turns":5},{"damage":0,"enemies":"Snecko","floor":24,"turns":3},{"damage":22,"enemies":"Book of Stabbing","floor":25,"turns":3},{"damage":12,"enemies":"Centurion and Healer","floor":28,"turns":4},{"damage":35,"enemies":"Snake Plant","floor":30,"turns":2}],"seed_played":"-4318583035749825248","potions_obtained":[{"floor":7,"key":"SneckoOil"},{"floor":12,"key":"Adrenaline Potion"},{"floor":18,"key":"PowerPotion"},{"floor":24,"key":"AttackPotion"}],"is_trial":false,"path_per_floor":["M","$","M","M","?","E","M","R","T","$","R","M","M","M","R","B",null,"M","$","?","?","M","R","M","E","T","R","M","$","M"],"character_chosen":"DEFECT","items_purchased":["Ball Lightning","DataDisk","Capacitor","Sunder","Cold Snap"],"campfire_rested":5,"item_purchase_floors":[2,2,10,19,29],"current_hp_per_floor":[54,54,46,37,37,9,3,25,25,25,47,22,21,14,36,9,59,43,43,43,43,22,44,44,22,22,44,32,32,0,0],"gold":25,"neow_bonus":"TWO_FIFTY_GOLD","is_daily":false,"chose_seed":false,"campfire_upgraded":0,"win_rate":0.0,"timestamp":1610954889,"path_taken":["M","$","M","?","?","E","M","R","T","$","R","M","M","M","R","BOSS","M","$","?","?","M","R","M","E","T","R","?","$","?"],"items_purchased_type":["Card","Relic","Card","Card","Card"],"build_version":"2020-12-22","purchased_purges":3,"victory":false,"max_hp_per_floor":[75,75,75,75,75,75,75,75,75,75,75,75,75,75,75,75,75,75,75,75,75,75,75,75,75,75,75,75,75,75,75],"card_choices":[{"not_picked":["Leap","Sweeping Beam"],"picked":"Static Discharge","floor":1},{"not_picked":["ReplaySort","Beam Cell"],"picked":"Darkness","floor":3},{"not_picked":["Hello World","Heatsinks"],"picked":"Consume","floor":4},{"not_picked":["Recycle","BasicCrystalCard","Streamline"],"picked":"SKIP","floor":6},{"not_picked":["FTL","Redo","Barrage"],"picked":"SKIP","floor":7},{"not_picked":["Rebound","Skim","ReplayTheSpireMod:GoodbyeWorld"],"picked":"SKIP","floor":12},{"not_picked":["Redo","Capacitor","Steam"],"picked":"SKIP","floor":13},{"not_picked":["Rebound","ReplayTheSpireMod:System Scan"],"picked":"Chill","floor":14},{"not_picked":["Machine Learning","ReplayRNGCard"],"picked":"Biased Cognition","floor":16},{"not_picked":["ReplayTheSpireMod:System Scan","Scrape"],"picked":"Ball Lightning","floor":18},{"not_picked":["Genetic Algorithm","Stack"],"picked":"Panic Button","floor":22},{"not_picked":["Storm","Sunder+1"],"picked":"Barrage","floor":24},{"not_picked":["Gash","Thunder Strike"],"picked":"Static Discharge+1","floor":25},{"not_picked":["Hello World+1","BasicCrystalCard","Beam Cell+1"],"picked":"SKIP","floor":28}],"player_experience":328071,"relics_obtained":[{"floor":6,"key":"Replay:Accelerometer"},{"floor":9,"key":"Bronze Scales"},{"floor":25,"key":"Happy Flower"},{"floor":26,"key":"Shovel"}],"event_choices":[{"cards_removed":["Strike_B"],"damage_healed":0,"gold_gain":0,"player_choice":"Purged","damage_taken":0,"max_hp_gain":0,"max_hp_loss":0,"event_name":"Purifier","floor":5,"gold_loss":0},{"damage_healed":0,"gold_gain":0,"player_choice":"Smashed Altar","damage_taken":0,"max_hp_gain":0,"max_hp_loss":0,"event_name":"Forgotten Altar","floor":20,"gold_loss":0,"cards_obtained":["Decay"]},{"damage_healed":0,"gold_gain":99,"player_choice":"Stole From Cult","damage_taken":0,"max_hp_gain":0,"max_hp_loss":0,"event_name":"Nest","floor":21,"gold_loss":0}],"is_beta":false,"boss_relics":[{"not_picked":["FrozenCore","SlaversCollar"],"picked":"Inserter"}],"items_purged_floors":[2,10,19],"is_endless":false,"potions_floor_spawned":[7,12,18,24],"killed_by":"Snake Plant","ascension_level":5}}