{"host":"w9njud19qyl0lpz1","time":1610939645,"event":{"mods":["BaseMod","Minty Spire (QoL Compilation)","StSLib"],"gold_per_floor":[116,116,116,130,130,130,148,187,214,247,247,266,286,286,286,407,407,421,621,592,607,628,628,642,642,642],"floor_reached":25,"language":"ENG","playtime":5833,"items_purged":[],"score":215,"play_id":"78a8d0c3-99a1-4220-8cd2-b3204da3f2fb","local_time":"20210117221405","is_ascension_mode":false,"campfire_choices":[{"data":"Berserk","floor":6,"key":"SMITH"},{"data":"Searing Blow","floor":11,"key":"SMITH"},{"data":"Searing Blow+1","floor":15,"key":"SMITH"},{"floor":23,"key":"REST"}],"circlet_count":0,"master_deck":["Strike_R","Strike_R","Strike_R","Strike_R","Strike_R","Defend_R+1","Defend_R","Defend_R","Defend_R","Bash","Berserk+1","Combust","Dramatic Entrance","Flame Barrier","Armaments","Intimidate+1","Searing Blow+2","Rupture","Carnage","Limit Break","Heavy Blade","Shrug It Off","Flex"],"relics":["Black Blood","Golden Idol","Art of War","Oddly Smooth Stone","Bottled Lightning"],"acts_visited":["Exordium","TheCity"],"potions_floor_usage":[8,12,16,16,16,25],"damage_taken":[{"damage":6,"enemies":"Jaw Worm","floor":1,"turns":3},{"damage":0,"enemies":"Cultist","floor":4,"turns":3},{"damage":2,"enemies":"Small Slimes","floor":7,"turns":3},{"damage":22,"enemies":"3 Sentries","floor":8,"turns":6},{"damage":12,"enemies":"Lagavulin","floor":10,"turns":7},{"damage":2,"enemies":"Exordium Thugs","floor":12,"turns":2},{"damage":2,"enemies":"Blue Slaver","floor":13,"turns":4},{"damage":24,"enemies":"Hexaghost","floor":16,"turns":7},{"damage":42,"enemies":"Spheric Guardian","floor":18,"turns":8},{"damage":21,"enemies":"2 Thieves","floor":20,"turns":5},{"damage":12,"enemies":"Snecko","floor":21,"turns":5},{"damage":33,"enemies":"Snake Plant","floor":22,"turns":4},{"damage":18,"enemies":"Centurion and Healer","floor":24,"turns":8},{"damage":38,"enemies":"3 Cultists","floor":25,"turns":5}],"seed_played":"4182665492104546732","potions_obtained":[{"floor":4,"key":"SpeedPotion"},{"floor":7,"key":"ElixirPotion"},{"floor":10,"key":"Explosive Potion"},{"floor":12,"key":"FearPotion"},{"floor":13,"key":"FearPotion"},{"floor":24,"key":"Dexterity Potion"}],"is_trial":false,"path_per_floor":["M","?","?","M","$","R","M","E","T","E","R","M","M","?","R","B",null,"M","?","M","M","M","R","M","M"],"character_chosen":"IRONCLAD","items_purchased":[],"campfire_rested":1,"item_purchase_floors":[],"current_hp_per_floor":[80,60,60,66,66,66,70,54,54,48,48,52,56,40,40,22,80,50,50,41,41,20,44,38,0,0],"gold":642,"neow_bonus":"ONE_RANDOM_RARE_CARD","is_daily":false,"chose_seed":false,"campfire_upgraded":3,"win_rate":0.0,"timestamp":1610939645,"path_taken":["M","?","?","?","$","R","M","E","T","E","R","M","M","?","R","BOSS","M","?","M","?","M","R","M","M"],"items_purchased_type":[],"build_version":"2020-12-22","purchased_purges":0,"victory":false,"max_hp_per_floor":[80,80,80,80,80,80,80,80,80,80,80,80,80,80,80,80,80,80,80,80,80,80,80,80,80,80],"card_choices":[{"not_picked":["Cleave","Sword Boomerang"],"picked":"Combust","floor":1},{"not_picked":["Thunderclap","Havoc"],"picked":"Flame Barrier","floor":4},{"not_picked":["Iron Wave","Rage"],"picked":"Armaments","floor":7},{"not_picked":["Warcry","Pommel Strike"],"picked":"Intimidate","floor":8},{"not_picked":["Fire Breathing","Headbutt"],"picked":"Searing Blow","floor":10},{"not_picked":["Berserk","Iron Wave"],"picked":"Rupture","floor":12},{"not_picked":["Dark Embrace","Anger"],"picked":"Carnage","floor":13},{"not_picked":["Barricade","Impervious"],"picked":"Limit Break","floor":16},{"not_picked":["Rampage","Clash+1","Thunderclap"],"picked":"SKIP","floor":18},{"not_picked":["Metallicize","Shockwave"],"picked":"Heavy Blade","floor":20},{"not_picked":["Pommel Strike","Wild Strike","Havoc+1"],"picked":"SKIP","floor":21},{"not_picked":["Warcry+1","Thunderclap"],"picked":"Shrug It Off","floor":22},{"not_picked":["Entrench","Havoc"],"picked":"Flex","floor":24}],"player_experience":2215150,"relics_obtained":[{"floor":8,"key":"Art of War"},{"floor":9,"key":"Oddly Smooth Stone"},{"floor":10,"key":"Bottled Lightning"}],"event_choices":[{"damage_healed":0,"gold_gain":0,"player_choice":"Take Damage","damage_taken":20,"relics_obtained":["Golden Idol"],"max_hp_gain":0,"max_hp_loss":0,"event_name":"Golden Idol","floor":2,"gold_loss":0},{"damage_healed":0,"gold_gain":0,"player_choice":"1 cards matched","damage_taken":0,"max_hp_gain":0,"max_hp_loss":0,"event_name":"Match and Keep!","floor":3,"gold_loss":0,"cards_obtained":["Dramatic Entrance"]},{"damage_healed":0,"gold_gain":0,"player_choice":"Entered Light","damage_taken":16,"max_hp_gain":0,"max_hp_loss":0,"event_name":"Shining Light","floor":14,"gold_loss":0,"cards_upgraded":["Intimidate","Defend_R"]},{"damage_healed":0,"gold_gain":250,"player_choice":"Bet on Owner","damage_taken":0,"max_hp_gain":0,"max_hp_loss":0,"event_name":"The Joust","floor":19,"gold_loss":50}],"is_beta":false,"boss_relics":[{"not_picked":["Mark of Pain","Empty Cage"],"picked":"Black Blood"}],"items_purged_floors":[],"is_endless":false,"potions_floor_spawned":[4,7,10,12,13,24],"killed_by":"3 Cultists","ascension_level":0}}