{"host":"5oxscleocp360blz","time":1610934454,"event":{"mods":["AchievementEnabler","BaseMod","Marisa????????","Minty Spire (QoL Compilation)","Replay The Spire","StSLib","The Necromancer"],"gold_per_floor":[116,126,126,144,144,144,173,183,183,221,257,257,143,143,143,264,264,280,280,280,131,147,147,157,211,235,235,160,178,178,178],"floor_reached":30,"language":"ENG","playtime":1590,"items_purged":["Strike_P"],"score":325,"play_id":"a2f477cb-b02c-4d27-a60c-933fa460b029","local_time":"20210117224734","is_ascension_mode":true,"campfire_choices":[{"data":"Eruption","floor":6.0,"key":"SMITH"},{"floor":12.0,"key":"REST"},{"data":"Meditate","floor":15.0,"key":"SMITH"},{"data":"MentalFortress","floor":23,"key":"SMITH"},{"data":"Vault","floor":27,"key":"SMITH"}],"circlet_count":0,"master_deck":["Defend_P","Defend_P","Defend_P","Eruption+1","FearNoEvil","InnerPeace","Swivel","Meditate+1","Wish","PathToVictory","Evaluate","JustLucky+1","EmptyMind","Vault+1","CurseOfTheBell","Pot Of Greed","Pot Of Greed","Weave","Bite","Bite","Bite","Bite","Bite","Pot Of Greed","MentalFortress+1","FlurryOfBlows","Weave+1","CutThroughFate"],"relics":["ChewingGum","Turnip","Calling Bell","Grinning Jar","Mummified Hand","Pocketwatch","Membership Card","Question Card","Centennial Puzzle"],"acts_visited":["Exordium","TheCity"],"potions_floor_usage":[16,30],"damage_taken":[{"damage":24.0,"enemies":"Jaw Worm","floor":1.0,"turns":2.0},{"damage":0.0,"enemies":"Small Slimes","floor":2.0,"turns":3.0},{"damage":0.0,"enemies":"Cultist","floor":4.0,"turns":3.0},{"damage":41.0,"enemies":"3 Sentries","floor":7.0,"turns":9.0},{"damage":0.0,"enemies":"2 Fungi Beasts","floor":8.0,"turns":2.0},{"damage":12.0,"enemies":"Red Slaver","floor":10.0,"turns":1.0},{"damage":1.0,"enemies":"Exordium Wildlife","floor":11.0,"turns":3.0},{"damage":7,"enemies":"Hexaghost","floor":16,"turns":9},{"damage":31,"enemies":"Shell Parasite","floor":18,"turns":8},{"damage":17,"enemies":"2 Thieves","floor":22,"turns":5},{"damage":8,"enemies":"Centurion and Healer","floor":24,"turns":6},{"damage":40,"enemies":"Replay:Snechameleon","floor":25,"turns":7},{"damage":17,"enemies":"Cultist and Chosen","floor":29,"turns":6},{"damage":27,"enemies":"Gremlin Leader","floor":30,"turns":2}],"seed_played":"4231337392507977493","potions_obtained":[{"floor":1.0,"key":"Fire Potion"},{"floor":2.0,"key":"Death Potion"},{"floor":7.0,"key":"Fruit Juice"},{"floor":10.0,"key":"Elixir"},{"floor":24,"key":"SteroidPotion"},{"floor":25,"key":"PowerPotion"},{"floor":29,"key":"Fire Potion"}],"is_trial":false,"path_per_floor":["M","M","?","M","?","R","E","M","T","M","M","R","$","?","R","B",null,"M","?","?","$","M","R","M","E","T","R","?","M","E"],"character_chosen":"WATCHER","items_purchased":["JustLucky+1","Membership Card"],"campfire_rested":1,"item_purchase_floors":[13,21],"current_hp_per_floor":[48,48,53,53,53,53,17,17,17,5,4,28,28,28,28,21,82,51,35,35,35,32,32,40,18,18,18,18,17,0,0],"gold":178,"neow_bonus":"BOSS_RELIC","is_daily":false,"chose_seed":false,"campfire_upgraded":4,"win_rate":0.0,"timestamp":1610934454,"path_taken":["M","M","?","M","?","R","E","M","T","?","M","R","$","?","R","BOSS","M","?","?","?","M","R","M","E","T","R","?","M","E"],"items_purchased_type":["Card","Relic"],"build_version":"2020-12-22","purchased_purges":1,"victory":false,"max_hp_per_floor":[72,72,77,77,77,77,82,82,82,82,82,82,82,82,82,82,82,82,87,60,60,60,60,60,60,60,60,60,60,60,60],"card_choices":[{"not_picked":["LikeWater","Indignation"],"picked":"FearNoEvil","floor":1.0},{"not_picked":["Replay:AtTheReady","SashWhip"],"picked":"InnerPeace","floor":2.0},{"not_picked":["Consecrate","FollowUp"],"picked":"Swivel","floor":4.0},{"not_picked":["Replay:BluntJabs","Halt"],"picked":"Meditate","floor":7.0},{"not_picked":["CutThroughFate","EmptyBody"],"picked":"Wish","floor":8.0},{"not_picked":["Replay:Vibes","FlyingSleeves"],"picked":"PathToVictory","floor":10.0},{"not_picked":["WaveOfTheHand","Replay:Hum"],"picked":"Evaluate","floor":11.0},{"not_picked":["Establishment","LessonLearned"],"picked":"Vault","floor":16},{"not_picked":["JustLucky","WreathOfFlame+1"],"picked":"Weave","floor":18},{"not_picked":["FlyingSleeves","Consecrate"],"picked":"MentalFortress","floor":22},{"not_picked":["PathToVictory","Crescendo"],"picked":"FlurryOfBlows","floor":24},{"not_picked":["Collect","ClearTheMind"],"picked":"Weave+1","floor":25},{"not_picked":["Ragnarok","SashWhip+1","Meditate"],"picked":"CutThroughFate","floor":29}],"player_experience":190382,"relics_obtained":[{"floor":7.0,"key":"Turnip"},{"floor":17,"key":"Grinning Jar"},{"floor":17,"key":"Mummified Hand"},{"floor":17,"key":"Pocketwatch"},{"floor":25,"key":"Question Card"},{"floor":26,"key":"Centennial Puzzle"}],"event_choices":[{"damage_healed":0.0,"max_hp_gain":5.0,"max_hp_loss":0.0,"gold_gain":0.0,"event_name":"Big Fish","player_choice":"Donut","floor":3.0,"gold_loss":0.0,"damage_taken":0.0},{"cards_removed":["Strike_P"],"damage_healed":0.0,"max_hp_gain":0.0,"max_hp_loss":0.0,"gold_gain":0.0,"event_name":"Bonfire Elementals","player_choice":"Offered Basic","floor":5.0,"gold_loss":0.0,"damage_taken":0.0},{"damage_healed":0.0,"max_hp_gain":0.0,"max_hp_loss":0.0,"gold_gain":0.0,"cards_transformed":["Defend_P"],"event_name":"Transmorgrifier","player_choice":"Transformed","floor":14.0,"gold_loss":0.0,"damage_taken":0.0,"cards_obtained":["EmptyMind"]},{"damage_healed":0,"gold_gain":0,"player_choice":"Shed Blood","damage_taken":21,"max_hp_gain":5,"max_hp_loss":0,"event_name":"Forgotten Altar","floor":19,"gold_loss":0},{"damage_healed":0,"gold_gain":0,"player_choice":"Became a vampire","damage_taken":0,"max_hp_gain":0,"max_hp_loss":27,"event_name":"Vampires","floor":20,"gold_loss":0,"cards_obtained":["Bite","Bite","Bite","Bite","Bite"]},{"cards_removed":["Vigilance"],"damage_healed":0,"gold_gain":0,"player_choice":"Gave Gold","damage_taken":0,"max_hp_gain":0,"max_hp_loss":0,"event_name":"Beggar","floor":28,"gold_loss":75}],"is_beta":false,"boss_relics":[{"not_picked":["Philosopher\u0027s Stone","Coffee Dripper"],"picked":"Calling Bell"}],"items_purged_floors":[13],"is_endless":false,"potions_floor_spawned":[1,2,7,10,24,25,29],"killed_by":"Gremlin Leader","ascension_level":4}}