{"host":"a8rzj4nfw2w5de5r","time":1610991616,"event":{"mods":["BaseMod","Bestiary","Block Reminder","Colored Map","Downfall","Highlight Path","Minty Spire (QoL Compilation)","Relic Sorter","Relic Stats","StSLib"],"gold_per_floor":[99,113,126,136,136,148,148,10,10,45,45,65,65,94,113,113,113],"floor_reached":16,"language":"ENG","playtime":1233,"items_purged":[],"score":112,"play_id":"2b2d1754-ef18-43ab-a120-b046220f255c","local_time":"20210118231016","is_ascension_mode":false,"campfire_choices":[{"data":"bronze:Goto","floor":1,"key":"SMITH"},{"floor":11,"key":"REST"},{"floor":13,"key":"REST"}],"circlet_count":0,"master_deck":["bronze:Strike","bronze:Strike","bronze:Strike+1","bronze:Strike+1","bronze:Defend","bronze:Defend","bronze:Defend","bronze:Defend","bronze:Replicate","bronze:Goto+1","bronze:Repair","bronze:ItsAFeature","bronze:CutThrough","Regret","bronze:Repulsor","bronze:Turbo","bronze:Optimize","bronze:CutThrough","bronze:Turbo","bronze:Iterate","bronze:MaxOutput"],"relics":["bronze:BronzeCore","Du-Vu Doll","hexamod:CandleOfCauterizing","Whetstone","Omamori","Oddly Smooth Stone","Lantern"],"acts_visited":["Exordium"],"potions_floor_usage":[6,10,14,15],"damage_taken":[{"damage":2,"enemies":"2 Louse","floor":2,"turns":3},{"damage":3,"enemies":"Jaw Worm","floor":3,"turns":3},{"damage":0,"enemies":"Small Slimes","floor":4,"turns":3},{"damage":17,"enemies":"3 Louse","floor":6,"turns":4},{"damage":6,"enemies":"downfall:FleeingMerchant","floor":8,"turns":4},{"damage":24,"enemies":"Lagavulin","floor":10,"turns":5},{"damage":26,"enemies":"Exordium Thugs","floor":12,"turns":4},{"damage":38,"enemies":"Gremlin Nob","floor":14,"turns":5},{"damage":7,"enemies":"Exordium Wildlife","floor":15,"turns":3},{"damage":26,"enemies":"IC_STATUS_ARCHETYPE","floor":16,"turns":4}],"seed_played":"7843265145834657942","potions_obtained":[{"floor":2,"key":"Block Potion"},{"floor":4,"key":"bronze:BurnAndBuffPotion"},{"floor":6,"key":"DuplicationPotion"},{"floor":10,"key":"Fruit Juice"},{"floor":14,"key":"LiquidBronze"}],"is_trial":false,"path_per_floor":["R","M","M","M","?","M","T","$","?","E","R","M","R","E","M","B"],"character_chosen":"THE_AUTOMATON","items_purchased":["bronze:Optimize","bronze:CutThrough"],"campfire_rested":2,"item_purchase_floors":[8,8],"current_hp_per_floor":[63,61,60,63,63,53,53,54,29,17,37,21,41,10,10,0,0],"gold":113,"neow_bonus":"ONE_RARE_RELIC","is_daily":false,"chose_seed":false,"campfire_upgraded":1,"win_rate":0.0,"timestamp":1610991616,"path_taken":["R","M","M","M","?","M","T","$","?","E","R","M","R","E","M","BOSS"],"items_purchased_type":["Card","Card"],"build_version":"2020-12-22","purchased_purges":0,"victory":false,"max_hp_per_floor":[63,63,63,63,63,63,63,63,63,68,68,68,68,68,68,68,68],"relic_stats":{"counters":[10,38],"Whetstone":["bronze:Strike","bronze:Strike"],"obtain_stats":[{"Du-Vu Doll":0,"hexamod:CandleOfCauterizing":5,"Lantern":14,"bronze:BronzeCore":0,"Oddly Smooth Stone":10,"Omamori":9,"Whetstone":7},{"Du-Vu Doll":0,"hexamod:CandleOfCauterizing":3,"Lantern":8,"bronze:BronzeCore":0,"Oddly Smooth Stone":6,"Omamori":5,"Whetstone":4},{"Du-Vu Doll":0,"hexamod:CandleOfCauterizing":9,"Lantern":31,"bronze:BronzeCore":0,"Oddly Smooth Stone":22,"Omamori":17,"Whetstone":13}]},"card_choices":[{"not_picked":["bronze:Boost","bronze:Turbo"],"picked":"bronze:Repair","floor":2},{"not_picked":["bronze:Branch","bronze:NullPointer"],"picked":"bronze:ItsAFeature","floor":3},{"not_picked":["bronze:ClassDefault","bronze:Branch"],"picked":"bronze:CutThrough","floor":4},{"not_picked":["bronze:BugBarrage","bronze:Turbo"],"picked":"bronze:Repulsor","floor":6},{"not_picked":["bronze:BronzeArmor","bronze:Safeguard"],"picked":"bronze:Turbo","floor":8},{"not_picked":["bronze:CutThrough","bronze:Repulsor"],"picked":"bronze:Turbo","floor":10},{"not_picked":["bronze:BronzeOrb","bronze:Repair"],"picked":"bronze:Iterate","floor":12},{"not_picked":["bronze:BitShift","bronze:Backtrace"],"picked":"bronze:MaxOutput","floor":14},{"not_picked":["bronze:OilSpill","bronze:DelayedSlice","bronze:Optimize"],"picked":"SKIP","floor":15}],"player_experience":601596,"relics_obtained":[{"floor":7,"key":"Whetstone"},{"floor":10,"key":"Oddly Smooth Stone"},{"floor":14,"key":"Lantern"}],"event_choices":[{"damage_healed":0,"gold_gain":0,"player_choice":"Box","damage_taken":0,"relics_obtained":["hexamod:CandleOfCauterizing"],"max_hp_gain":0,"max_hp_loss":0,"event_name":"Big Fish","floor":5,"gold_loss":0,"cards_obtained":["Regret"]},{"damage_healed":0,"gold_gain":0,"player_choice":"Success","damage_taken":25,"relics_obtained":["Omamori"],"max_hp_gain":0,"max_hp_loss":0,"event_name":"Scrap Ooze","floor":9,"gold_loss":0}],"is_beta":false,"boss_relics":[],"items_purged_floors":[],"is_endless":false,"potions_floor_spawned":[2,4,6,10,14],"killed_by":"IC_STATUS_ARCHETYPE","ascension_level":0}}