{"host":"p090fjik2phvjstn","time":1610984493,"event":{"mods":["AchievementEnabler","BaseMod","Block Reminder","Colored Powertips","Minty Spire (QoL Compilation)","Quick Restart","Synergy Search"],"gold_per_floor":[99,6,6,6,6,6,6,6,6,6,6,6,6,6,6,6,6,0,0,0,0,0,0,0,0,0,0,0,0,0,0,0,0,0,0,0,0,0,0,0,0,0,0,0,0,0,0,0,0,0],"floor_reached":51,"language":"ENG","playtime":3133,"items_purged":[],"score":970,"play_id":"3cef0611-f984-4b4d-92c3-8064657b50b4","local_time":"20210118154133","is_ascension_mode":true,"campfire_choices":[{"floor":15,"key":"REST"},{"data":"Injury","floor":23,"key":"PURGE"},{"floor":25,"key":"REST"},{"floor":32,"key":"REST"},{"data":"Strike_G","floor":41,"key":"PURGE"},{"data":"Strike_G","floor":44,"key":"PURGE"},{"floor":49,"key":"REST"}],"circlet_count":0,"master_deck":["Strike_G+1","Strike_G","Defend_G","Defend_G","Defend_G+1","Defend_G","Defend_G","Survivor","Neutralize","Caltrops+1","Noxious Fumes","Flying Knee","Predator","Backflip","Cloak And Dagger","All Out Attack+1","Phantasmal Killer","Dash","Dash","Footwork","PiercingWail","A Thousand Cuts","Noxious Fumes","Catalyst","Footwork+1","Crippling Poison+1","Footwork+1","Wraith Form v2","CurseOfTheBell","Acrobatics+1","Leg Sweep+1","Cloak And Dagger+1","Blade Dance+1","Catalyst+1","Choke+1","Night Terror+1"],"relics":["Ectoplasm","Peace Pipe","Boot","Anchor","Centennial Puzzle","Golden Idol","Matryoshka","Pen Nib","Fusion Hammer","Mercury Hourglass","War Paint","Whetstone","Paper Crane","Calling Bell","Ancient Tea Set","Ninja Scroll","Du-Vu Doll","Toxic Egg 2","Meat on the Bone","Regal Pillow","HornCleat","Art of War","Ice Cream"],"acts_visited":["Exordium","TheCity","TheBeyond"],"potions_floor_usage":[11,11,13,16,21,27,30,33,42,42,47,48,50],"damage_taken":[{"damage":0.0,"enemies":"Small Slimes","floor":1.0,"turns":4.0},{"damage":1,"enemies":"2 Louse","floor":3,"turns":3},{"damage":0,"enemies":"Jaw Worm","floor":5,"turns":2},{"damage":18,"enemies":"Lagavulin","floor":6,"turns":7},{"damage":0,"enemies":"2 Fungi Beasts","floor":7,"turns":4},{"damage":5,"enemies":"3 Sentries","floor":8,"turns":6},{"damage":0,"enemies":"Gremlin Gang","floor":10,"turns":4},{"damage":12,"enemies":"Gremlin Nob","floor":11,"turns":4},{"damage":0,"enemies":"Lagavulin","floor":13,"turns":4},{"damage":3,"enemies":"Lagavulin Event","floor":14,"turns":6},{"damage":2,"enemies":"The Guardian","floor":16,"turns":12},{"damage":7,"enemies":"2 Thieves","floor":18,"turns":4},{"damage":11,"enemies":"3 Byrds","floor":19,"turns":5},{"damage":20,"enemies":"Sentry and Sphere","floor":21,"turns":6},{"damage":29,"enemies":"Gremlin Leader","floor":24,"turns":6},{"damage":7,"enemies":"Book of Stabbing","floor":27,"turns":6},{"damage":0,"enemies":"Snecko","floor":28,"turns":4},{"damage":12,"enemies":"Cultist and Chosen","floor":29,"turns":6},{"damage":6,"enemies":"Slavers","floor":30,"turns":3},{"damage":2,"enemies":"Snake Plant","floor":31,"turns":3},{"damage":13,"enemies":"Collector","floor":33,"turns":9},{"damage":8,"enemies":"3 Darklings","floor":35,"turns":5},{"damage":0,"enemies":"Orb Walker","floor":39,"turns":4},{"damage":2,"enemies":"Nemesis","floor":40,"turns":7},{"damage":14,"enemies":"Giant Head","floor":42,"turns":10},{"damage":1,"enemies":"Spire Growth","floor":45,"turns":6},{"damage":0,"enemies":"Sphere and 2 Shapes","floor":46,"turns":5},{"damage":18,"enemies":"Reptomancer","floor":47,"turns":5},{"damage":1,"enemies":"2 Orb Walkers","floor":48,"turns":5},{"damage":23,"enemies":"Donu and Deca","floor":50,"turns":10}],"seed_played":"-2504148539050391054","potions_obtained":[{"floor":1,"key":"SteroidPotion"},{"floor":8,"key":"ColorlessPotion"},{"floor":11,"key":"FearPotion"},{"floor":13,"key":"Block Potion"},{"floor":16,"key":"Regen Potion"},{"floor":18,"key":"Weak Potion"},{"floor":28,"key":"DuplicationPotion"},{"floor":29,"key":"ColorlessPotion"},{"floor":33,"key":"Swift Potion"},{"floor":35,"key":"Energy Potion"},{"floor":45,"key":"LiquidMemories"},{"floor":46,"key":"Energy Potion"},{"floor":47,"key":"GamblersBrew"},{"floor":48,"key":"SpeedPotion"}],"is_trial":false,"path_per_floor":["M","$","M","$","M","E","M","E","T","M","E","?","E","?","R","B",null,"M","M","?","M","?","R","E","R","T","E","M","M","E","M","R","B",null,"M","?","$","?","M","E","R","E","T","R","M","M","E","?","R","B",null],"character_chosen":"THE_SILENT","items_purchased":["Noxious Fumes","Flying Knee"],"campfire_rested":4,"item_purchase_floors":[2,2],"current_hp_per_floor":[70,70,69,69,69,51,51,46,46,46,34,34,34,31,52,50,70,63,52,52,46,46,46,17,38,38,31,31,19,13,11,32,19,70,62,62,62,62,62,60,60,46,46,46,45,45,39,38,70,47],"gold":0,"neow_bonus":"BOSS_RELIC","is_daily":false,"chose_seed":false,"campfire_upgraded":0,"win_rate":0.0,"timestamp":1610984493,"path_taken":["M","$","M","$","M","E","M","E","T","M","E","?","E","?","R","BOSS","M","M","?","M","?","R","E","R","T","E","?","M","E","M","R","BOSS","M","?","?","?","M","E","R","E","T","R","?","M","E","?","R","BOSS"],"items_purchased_type":["Card","Card"],"build_version":"2020-12-22","purchased_purges":0,"victory":true,"max_hp_per_floor":[70,70,70,70,70,70,70,70,70,70,70,70,70,70,70,70,70,70,70,70,70,70,70,70,70,70,70,70,70,70,70,70,70,70,70,70,70,70,70,70,70,70,70,70,70,70,70,70,70,70],"card_choices":[{"not_picked":["Prepared","Reflex"],"picked":"Caltrops","floor":1},{"not_picked":["Sucker Punch","Reflex"],"picked":"Predator","floor":3},{"not_picked":["Dodge and Roll","Predator"],"picked":"Backflip","floor":5},{"not_picked":["Deflect","Bane"],"picked":"Cloak And Dagger","floor":6},{"not_picked":["Bullet Time","Poisoned Stab"],"picked":"All Out Attack","floor":7},{"not_picked":["Dodge and Roll","Dagger Throw"],"picked":"Phantasmal Killer","floor":8},{"not_picked":["All Out Attack","Choke"],"picked":"Dash","floor":10},{"not_picked":["Accuracy","Masterful Stab"],"picked":"Dash","floor":11},{"not_picked":["Backstab","Concentrate"],"picked":"Footwork","floor":13},{"not_picked":["Bane","Accuracy"],"picked":"PiercingWail","floor":14},{"not_picked":["Adrenaline","Unload"],"picked":"A Thousand Cuts","floor":16},{"not_picked":["Dagger Throw+1","Prepared"],"picked":"Noxious Fumes","floor":18},{"not_picked":["Slice","Deadly Poison","Cloak And Dagger"],"picked":"SKIP","floor":19},{"not_picked":["Choke","Setup"],"picked":"Footwork","floor":21},{"not_picked":["Choke","Tools of the Trade"],"picked":"Crippling Poison","floor":24},{"not_picked":["Flying Knee","Prepared+1","Quick Slash"],"picked":"SKIP","floor":27},{"not_picked":["Riddle With Holes","All Out Attack","Tools of the Trade"],"picked":"SKIP","floor":28},{"not_picked":["Outmaneuver","Deflect"],"picked":"Footwork+1","floor":29},{"not_picked":["Dodge and Roll","Underhanded Strike","Bane"],"picked":"SKIP","floor":30},{"not_picked":["Prepared","Poisoned Stab","Masterful Stab"],"picked":"SKIP","floor":31},{"not_picked":["Storm of Steel","Adrenaline"],"picked":"Wraith Form v2","floor":33},{"not_picked":["All Out Attack","Eviscerate"],"picked":"Acrobatics+1","floor":35},{"not_picked":["Riddle With Holes","Dodge and Roll+1","Setup"],"picked":"SKIP","floor":39},{"not_picked":["Adrenaline+1","Blade Dance+1"],"picked":"Leg Sweep+1","floor":40},{"not_picked":["Prepared+1","All Out Attack+1"],"picked":"Cloak And Dagger+1","floor":42},{"not_picked":["Caltrops","Deflect+1"],"picked":"Blade Dance+1","floor":45},{"not_picked":["Deflect+1","Dagger Throw+1"],"picked":"Catalyst+1","floor":46},{"not_picked":["Bane+1","Dodge and Roll+1"],"picked":"Choke+1","floor":47},{"not_picked":["Dodge and Roll+1","Dagger Throw"],"picked":"Night Terror+1","floor":48}],"player_experience":506856,"relics_obtained":[{"floor":6,"key":"Peace Pipe"},{"floor":8,"key":"Boot"},{"floor":9,"key":"Anchor"},{"floor":11,"key":"Centennial Puzzle"},{"floor":13,"key":"Matryoshka"},{"floor":24,"key":"Mercury Hourglass"},{"floor":26,"key":"War Paint"},{"floor":27,"key":"Whetstone"},{"floor":30,"key":"Paper Crane"},{"floor":34,"key":"Ancient Tea Set"},{"floor":34,"key":"Ninja Scroll"},{"floor":34,"key":"Du-Vu Doll"},{"floor":40,"key":"Toxic Egg 2"},{"floor":42,"key":"Meat on the Bone"},{"floor":43,"key":"Regal Pillow"},{"floor":43,"key":"HornCleat"},{"floor":47,"key":"Art of War"},{"floor":48,"key":"Ice Cream"}],"event_choices":[{"damage_healed":0,"gold_gain":0,"player_choice":"Take Wound","damage_taken":0,"relics_obtained":["Golden Idol"],"max_hp_gain":0,"max_hp_loss":0,"event_name":"Golden Idol","floor":12,"gold_loss":0,"cards_obtained":["Injury"]},{"damage_healed":0,"gold_gain":0,"player_choice":"Searched \u00272\u0027 times","damage_taken":0,"relics_obtained":["Pen Nib"],"max_hp_gain":0,"max_hp_loss":0,"event_name":"Dead Adventurer","floor":14,"gold_loss":0},{"damage_healed":0,"gold_gain":0,"player_choice":"Read","damage_taken":0,"max_hp_gain":0,"max_hp_loss":0,"event_name":"The Library","floor":20,"gold_loss":0,"cards_obtained":["Catalyst"]},{"damage_healed":0,"gold_gain":0,"player_choice":"Upgraded","damage_taken":0,"max_hp_gain":0,"max_hp_loss":0,"event_name":"Upgrade Shrine","floor":22,"gold_loss":0,"cards_upgraded":["Caltrops"]},{"cards_removed":["Strike_G"],"damage_healed":0,"gold_gain":0,"player_choice":"Purged","damage_taken":0,"max_hp_gain":0,"max_hp_loss":0,"event_name":"Purifier","floor":36,"gold_loss":0},{"damage_healed":0,"gold_gain":0,"player_choice":"Forge","damage_taken":0,"max_hp_gain":0,"max_hp_loss":0,"event_name":"Accursed Blacksmith","floor":38,"gold_loss":0,"cards_upgraded":["Footwork"]},{"damage_healed":0,"gold_gain":0,"player_choice":"Fight","damage_taken":0,"max_hp_gain":0,"max_hp_loss":0,"event_name":"Mysterious Sphere","floor":48,"gold_loss":0}],"is_beta":false,"boss_relics":[{"not_picked":["Sozu","Busted Crown"],"picked":"Fusion Hammer"},{"not_picked":["WristBlade","Astrolabe"],"picked":"Calling Bell"}],"items_purged_floors":[],"is_endless":false,"potions_floor_spawned":[1,8,11,13,16,18,28,29,33,35,45,46,47,48],"ascension_level":3}}