{"host":"vqs1j3qalc1cciyt","time":1610941089,"event":{"mods":["2.2 Compatiblity","AchievementEnabler","Aspiration","Bard","BaseMod","Beaked The Cultist","Better Altar","Better Match","Better Note","Better Sensory Stone","Better Skull","Better Third Choice","Clockwork Mod","Colored Map","Conspire","Friendly Minions","GifTheSpireLib","Glutton Mod","Halation","Highlight Path","Hubris","Infinite Spire","Minty Spire (QoL Compilation)","READ ME - Snecko Mod","RRrroohrrRGHHhhh!!","Replay The Spire","Spicy Shops","StSLib","Stuff the Spire","The Bladedancer","The Construct","The Cursed","The Disciple","The Hierophant","The Jungle","vexMod"],"gold_per_floor":[16,31,51,51,51,81,81,101,125,136,156,156,156,156,121,96,96,199,199,217,292,306,306,58,58,93,21,44,44,44,62,97,97,97],"floor_reached":33,"language":"ENG","playtime":3355,"items_purged":["Clockwork:Strike","Clockwork:Strike"],"score":311,"play_id":"20a78cc1-52ee-45fe-b64e-07994777b7d7","local_time":"20210117193809","is_ascension_mode":true,"campfire_choices":[{"floor":12.0,"key":"REST"},{"data":"Clockwork:Shield","floor":17.0,"key":"SMITH"},{"floor":25.0,"key":"REST"},{"data":"Clockwork:Improve","floor":30.0,"key":"SMITH"}],"circlet_count":0,"master_deck":["beaked:Evade+1","Clockwork:Strike","Clockwork:Strike","Clockwork:Shield","Clockwork:Shield","Clockwork:Shield","Clockwork:Shield+1","Clockwork:Tinker","Clockwork:WarmUp","Clockwork:Enhance","Clockwork:CogShield","Clockwork:ReactiveNanites","Clockwork:SnapKeep","Clockwork:ChargingBlade","Clockwork:SnapKeep","Clockwork:KaliMa","Clockwork:QuantumStrike+1","Clockwork:ChargingShield","Clockwork:Improve+1","Clockwork:Roundhouse"],"relics":["Clockwork:MomentumEngine","Ice Cream","Replay:Accelerometer","Clockwork:CopperScales","Dream Catcher","halation:PrussianBluePaint","vexMod:MysteryBossChallenge","Runic Cube","Omamori","Medical Kit","Bronze Scales","Bag of Marbles","Singing Bowl"],"acts_visited":["Exordium","TheCity"],"potions_floor_usage":[32,32,33],"damage_taken":[{"damage":8.0,"enemies":"conspire:RoseBush","floor":1.0,"turns":5.0},{"damage":18.0,"enemies":"Small Slimes","floor":2.0,"turns":5.0},{"damage":3.0,"enemies":"Jaw Worm","floor":3.0,"turns":7.0},{"damage":39.0,"enemies":"Replay:BlueRogue","floor":6.0,"turns":10.0},{"damage":6.0,"enemies":"Exordium Thugs","floor":8.0,"turns":6.0},{"damage":0.0,"enemies":"conspire:2 RoseBushes","floor":10.0,"turns":7.0},{"damage":10.0,"enemies":"3 Louse","floor":11.0,"turns":5.0},{"damage":41.0,"enemies":"Hexaghost","floor":18.0,"turns":10.0},{"damage":24.0,"enemies":"Shell Parasite","floor":20.0,"turns":7.0},{"damage":30.0,"enemies":"Spheric Guardian","floor":22.0,"turns":6.0},{"damage":16.0,"enemies":"conspire:Head Lice","floor":26.0,"turns":7.0},{"damage":18.0,"enemies":"Snake Plant","floor":31.0,"turns":5.0},{"damage":25,"enemies":"Gremlin Leader","floor":32,"turns":10},{"damage":12,"enemies":"Snecko","floor":33,"turns":4}],"seed_played":"-4130771302479882780","potions_obtained":[{"floor":2.0,"key":"Doom Potion"},{"floor":3.0,"key":"Weak Potion"},{"floor":18.0,"key":"SpeedPotion"},{"floor":20.0,"key":"Toxic Potion"},{"floor":22.0,"key":"SpeedPotion"},{"floor":32,"key":"SpeedPotion"}],"is_trial":false,"path_per_floor":["M","M","M","?","?","E","?","M","T","M","M","R","PTL","PTL","?","?","R","B",null,"M","?","M","AVR","$","R","E","?","T","?","R","M","E","M"],"character_chosen":"CLOCKWORK","items_purchased":["Medical Kit","PowerPotion"],"campfire_rested":2,"item_purchase_floors":[24,24],"current_hp_per_floor":[77,59,56,56,56,17,17,11,11,11,1,26,26,26,47,47,47,6,85,61,53,23,23,23,48,32,52,52,52,52,34,11,0,0],"gold":97,"neow_bonus":"ONE_RARE_RELIC","is_daily":false,"chose_seed":false,"campfire_upgraded":2,"win_rate":0.0,"timestamp":1610941089,"path_taken":["M","M","M","?","?","E","?","M","T","M","M","R","PTL","PTL","?","?","R","BOSS","M","?","M","AVR","?","R","E","?","T","?","R","?","E","M"],"items_purchased_type":["Relic","Potion"],"build_version":"2020-12-22","purchased_purges":2,"victory":false,"max_hp_per_floor":[85,85,85,85,85,85,85,85,85,85,85,85,85,85,85,85,85,85,85,85,85,85,85,85,85,85,85,85,85,85,85,87,87,87],"card_choices":[{"not_picked":["Clockwork:CogToss","Clockwork:AdaptiveShield"],"picked":"Clockwork:Enhance","floor":1.0},{"not_picked":["Clockwork:Enhance","Clockwork:Friction"],"picked":"Clockwork:CraftCopperScales","floor":2.0},{"not_picked":["Clockwork:SpringShield","Clockwork:SystemHardening"],"picked":"Clockwork:CogShield","floor":3.0},{"not_picked":["Clockwork:SystemHardening","Clockwork:LogisticRegression"],"picked":"Clockwork:ReactiveNanites","floor":6.0},{"not_picked":["Clockwork:ChargingShield","Clockwork:CogBarrier"],"picked":"Clockwork:SnapKeep","floor":8.0},{"not_picked":["Clockwork:HoardingStrike","Clockwork:Downsize"],"picked":"Clockwork:ChargingBlade","floor":10.0},{"not_picked":["Clockwork:CogToss","Clockwork:AdaptiveShield","Clockwork:RitualDaggerMk0"],"picked":"SKIP","floor":11.0},{"not_picked":["Clockwork:Redundancy","Clockwork:CraftSomewhatSmoothStone"],"picked":"Clockwork:SnapKeep","floor":12.0},{"not_picked":["Clockwork:AeonShield","Clockwork:ReactiveNanites"],"picked":"Clockwork:KaliMa","floor":18.0},{"not_picked":["Clockwork:ReserveSystems","Clockwork:SnapKeep"],"picked":"Clockwork:QuantumStrike+1","floor":20.0},{"not_picked":["Clockwork:InertialShield","Clockwork:Friction"],"picked":"Clockwork:ChargingShield","floor":22.0},{"not_picked":["Clockwork:ForgeStrike+1","Clockwork:Scour"],"picked":"Clockwork:Improve","floor":25.0},{"not_picked":["Clockwork:TestingEnvironment","Clockwork:CraftVarja"],"picked":"Clockwork:Roundhouse","floor":26.0},{"not_picked":["Clockwork:ReserveSystems","Clockwork:ForgeStrike","Clockwork:ChargingBlade+1"],"picked":"SKIP","floor":31.0},{"not_picked":["Clockwork:InertialShield","Clockwork:Enhance","Clockwork:PerfectedShield"],"picked":"Singing Bowl","floor":32}],"player_experience":816210,"relics_obtained":[{"floor":6.0,"key":"Dream Catcher"},{"floor":9.0,"key":"halation:PrussianBluePaint"},{"floor":26.0,"key":"Bronze Scales"},{"floor":32,"key":"Singing Bowl"}],"event_choices":[{"damage_healed":21.0,"max_hp_gain":0.0,"max_hp_loss":0.0,"gold_gain":0.0,"event_name":"The Cleric","player_choice":"Healed","floor":15.0,"gold_loss":35.0,"damage_taken":0.0},{"damage_healed":0.0,"max_hp_gain":0.0,"max_hp_loss":0.0,"gold_gain":75.0,"event_name":"FaceTrader","player_choice":"Touch","floor":21.0,"gold_loss":0.0,"damage_taken":8.0},{"damage_healed":0.0,"max_hp_gain":0.0,"max_hp_loss":0.0,"gold_gain":0.0,"event_name":"WeMeetAgain","player_choice":"Gave Potion","floor":29.0,"gold_loss":0.0,"damage_taken":0.0,"relics_obtained":["Bag of Marbles"]}],"is_beta":false,"boss_relics":[{"not_picked":["StuffTheSpire:RunicConfusion","Runic Dome"],"picked":"vexMod:MysteryBossChallenge"}],"items_purged_floors":[23,24],"is_endless":false,"potions_floor_spawned":[2,3,18,20,22,32],"killed_by":"Snecko","ascension_level":2}}