{"host":"1shobamjx3kfwgso","time":1610928113,"event":{"mods":["2.2 Compatiblity","AchievementEnabler","Act Like it!","Aspiration","BaseMod","Beaked The Cultist","Better Altar","Better Match","Better Sensory Stone","Better Skull","Better Third Choice","BetterRewards","Block Reminder","CCEM","CapriCore","Challenge The Spire","Clockwork Mod","Colored Map","Colored Powertips","Conjunction","Conspire","Dark Map","Defuse TimeMaze Blight","Downfall","Energized Spire","Exacting","FoggyMod","GifTheSpireLib","GungeonMod","Halation","Hallownest","Hermit","Highlight Path","Hubris","Infinite Spire","Ironclad Rager","JesterMod","Lobotomy","LobotomyExtend","Mimic Mod","Minty Spire (QoL Compilation)","Pale of the Ancients","Quick Restart","Relic Sorter","Shade Mod","Shop Mod","StSLib","Stuff the Spire","The Bladedancer","The Blue Laboratory","The Bug Knight","The Construct","The Cursed","The Dragon Tamer","The Druid","The Immortal","The Juggle","The Marked","The Mystic","The Sage","The Servant 0.9.4","TheFirefly","TheVacant","Uncapped","vexMod"],"gold_per_floor":[99,99,124,160,30,30,67,78,110,110,120,137,137,137,167,267,267,267,299,299,399,287,335,368,381,381,381,381,281,309,309,334,433,433,333,333,344,344,344,369,437,437,437,104,104,122,122,122,134,134,134],"floor_reached":52,"language":"ENG","playtime":5142,"items_purged":[],"score":725,"play_id":"21686e92-1af0-4a97-b624-e328c232f657","local_time":"20210117190153","is_ascension_mode":false,"campfire_choices":[{"data":"bronze:Goto","floor":1.0,"key":"SMITH"},{"data":"bronze:Verify","floor":10.0,"key":"SMITH"},{"floor":13.0,"key":"REST"},{"data":"bronze:Optimize","floor":18.0,"key":"SMITH"},{"floor":29.0,"key":"REST"},{"data":"infinitespire:SevenWalls","floor":35.0,"key":"SMITH"}],"circlet_count":0,"master_deck":["bronze:Defend","bronze:Defend","bronze:Defend","bronze:Defend","bronze:Replicate+1","bronze:Goto+1","bronze:Replicate+1","bronze:DelayedGuard","bronze:Optimize+1","bronze:Verify+1","bronze:ClassDefault","bronze:DelayedGuard","bronze:ChosenStrike","bronze:Repair","expansioncontent:AwakenDeath","infinitespire:SevenWalls+1","bronze:FineTuning","bronze:DarkDash","bronze:ItsAFeature+1","expansioncontent:Chronoboost","infinitespire:TheBestDefense"],"relics":["bronze:PlatinumCore","Gambling Chip","LetterFromLob","Tiny Chest","DemoMod:GnawedKey","MealTicket","aspiration:SeaSaltIceCream","beaked:MendingPlumage","hubris:FunFungus","hubris:SphereOfDissonance","StuffTheSpire:EmeraldSignet","hubris:TenFootPole","downfall:HeartBlessingBlue","conspire:Boomerang","downfall:HeartBlessingGreen","Blood Vial","conspire:Flyswatter","StuffTheSpire:Rhapsscallions","DemoMod:GlassGuonStoneRelic"],"acts_visited":["Exordium","TheCity","TheBeyond"],"potions_floor_usage":[50],"damage_taken":[{"damage":7.0,"enemies":"Small Slimes","floor":3.0,"turns":3.0},{"damage":0.0,"enemies":"Cultist","floor":4.0,"turns":6.0},{"damage":0.0,"enemies":"downfall:FleeingMerchant","floor":5.0,"turns":4.0},{"damage":0.0,"enemies":"Cultist","floor":7.0,"turns":4.0},{"damage":0.0,"enemies":"Cultist","floor":8.0,"turns":3.0},{"damage":0.0,"enemies":"Jaw Worm","floor":9.0,"turns":7.0},{"damage":12.0,"enemies":"Jaw Worm","floor":11.0,"turns":5.0},{"damage":21.0,"enemies":"Red Slaver","floor":12.0,"turns":3.0},{"damage":8.0,"enemies":"Blue Slaver","floor":15.0,"turns":3.0},{"damage":46.0,"enemies":"SI_SHIV_ARCHETYPE","floor":16.0,"turns":12.0},{"damage":0.0,"enemies":"Shell Parasite","floor":19.0,"turns":12.0},{"damage":37.0,"enemies":"DF_ARCHETYPE_STREAMLINE","floor":21.0,"turns":12.0},{"damage":0.0,"enemies":"downfall:FleeingMerchant","floor":22.0,"turns":4.0},{"damage":15.0,"enemies":"Shell Parasite","floor":23.0,"turns":5.0},{"damage":0.0,"enemies":"Shell Parasite","floor":24.0,"turns":6.0},{"damage":16.0,"enemies":"Shell Parasite","floor":25.0,"turns":5.0},{"damage":113.0,"enemies":"Slavers","floor":30.0,"turns":13.0},{"damage":25.0,"enemies":"3 Byrds","floor":32.0,"turns":7.0},{"damage":63.0,"enemies":"IC_MUSHROOM_ARCHETYPE","floor":33.0,"turns":7.0},{"damage":0.0,"enemies":"Orb Walker","floor":37.0,"turns":2.0},{"damage":0.0,"enemies":"Orb Walker","floor":43.0,"turns":1.0},{"damage":11,"enemies":"3 Shapes","floor":46,"turns":6},{"damage":25,"enemies":"Maw","floor":49,"turns":8},{"damage":0,"enemies":"WA_ARCHETYPE_DIVINITY","floor":50,"turns":17}],"seed_played":"15113","potions_obtained":[{"floor":8.0,"key":"bronze:FreeFunctionsPotion"},{"floor":11.0,"key":"blueLaboratory:RememoryPotion"},{"floor":12.0,"key":"blueLaboratory:AbyssPotion"},{"floor":25.0,"key":"blueLaboratory:NullPotion"},{"floor":30.0,"key":"blueLaboratory:AbyssPotion"},{"floor":32.0,"key":"hexamod:SoulburnPotion"},{"floor":33.0,"key":"BlessingOfTheForge"},{"floor":49,"key":"DuplicationPotion"}],"is_trial":false,"path_per_floor":["R","?","M","MIM","$","?","MIM","M","MIM","R","M","M","R","?","M","B",null,"R","MIM","?","?","$","MIM","MIM","M","?","?","T","R","E","M","M","B",null,"R","?","M","?","AVR","T","T","?","?","?","T","M","?","?","M","B",null,null],"character_chosen":"THE_AUTOMATON","items_purchased":["DemoMod:GnawedKey","expansioncontent:AwakenDeath"],"campfire_rested":2,"item_purchase_floors":[5,22],"current_hp_per_floor":[70,70,63,63,63,63,63,63,63,63,51,30,51,63,55,16,70,70,70,70,66,70,63,70,63,63,45,45,79,17,17,52,33,80,80,80,80,80,80,80,80,80,90,101,103,103,103,103,103,103,103],"gold":134,"neow_bonus":"UPGRADE_CARD","is_daily":false,"chose_seed":true,"campfire_upgraded":4,"win_rate":0.0,"timestamp":1610928113,"path_taken":["R","?","?","?","?","?","MIM","?","?","R","?","?","R","?","M","BOSS","R","?","?","?","?","?","MIM","?","?","?","?","R","E","?","M","BOSS","R","?","?","?","AVR","?","T","?","?","?","?","?","?","?","M","BOSS"],"items_purchased_type":["Relic","Card"],"build_version":"2020-12-22","purchased_purges":0,"victory":true,"max_hp_per_floor":[70,70,70,70,70,70,70,70,70,70,70,70,70,70,70,70,70,70,70,70,70,70,70,70,70,70,70,70,80,80,80,80,80,80,80,80,80,80,80,80,80,80,90,101,103,103,103,103,103,103,103],"card_choices":[{"not_picked":["bronze:OilSpill","bronze:Allocate"],"picked":"bronze:DelayedGuard","floor":3.0},{"not_picked":["bronze:OilSpill","bronze:Iterate"],"picked":"bronze:Optimize","floor":4.0},{"not_picked":["bronze:MaxOutput","bronze:Turbo"],"picked":"bronze:Verify","floor":5.0},{"not_picked":["bronze:Return","bronze:Overheat"],"picked":"bronze:ClassDefault","floor":7.0},{"not_picked":["bronze:DelayedSlice","bronze:GetLatest"],"picked":"bronze:DelayedGuard","floor":8.0},{"not_picked":["bronze:BronzeOrb","bronze:DelayedSlice"],"picked":"bronze:ChosenStrike","floor":11.0},{"not_picked":["bronze:Iterate","bronze:FollowUp","bronze:Flail"],"picked":"SKIP","floor":12.0},{"not_picked":["bronze:Fortify","bronze:Iterate"],"picked":"bronze:Repair","floor":15.0},{"not_picked":["bronze:Allocate","bronze:Assembly","bronze:CutThrough"],"picked":"SKIP","floor":22.0},{"not_picked":["bronze:DigitalCarnage+1","bronze:BitShift","bronze:Flail"],"picked":"SKIP","floor":25.0},{"not_picked":["infinitespire:Menacing","infinitespire:UltimateForm"],"picked":"infinitespire:SevenWalls","floor":27.0},{"not_picked":["bronze:MaxOutput","bronze:DelayedSlice"],"picked":"bronze:FineTuning","floor":30.0},{"not_picked":["bronze:Deprecate+1","bronze:Overheat+1","bronze:BugBarrage+1"],"picked":"SKIP","floor":32.0},{"not_picked":["bronze:Assembly","bronze:FindAndReplace"],"picked":"bronze:ThunderWave","floor":33.0},{"not_picked":["bronze:Branch","bronze:Repulsor+1"],"picked":"bronze:ItsAFeature+1","floor":37.0},{"not_picked":["expansioncontent:Hexaburn","expansioncontent:YouAreMine"],"picked":"expansioncontent:Chronoboost","floor":38.0},{"not_picked":["bronze:WhirlingStrike+1","bronze:Branch+1","bronze:WildBeam"],"picked":"SKIP","floor":46},{"not_picked":["bronze:Turbo+1","bronze:ChildClass","bronze:Frontload"],"picked":"SKIP","floor":49}],"player_experience":307849,"relics_obtained":[{"floor":3.0,"key":"LetterFromLob"},{"floor":4.0,"key":"Tiny Chest"},{"floor":7.0,"key":"MealTicket"},{"floor":9.0,"key":"DemoMod:WeirdEgg"},{"floor":19.0,"key":"aspiration:SeaSaltIceCream"},{"floor":21.0,"key":"hubris:FunFungus"},{"floor":21.0,"key":"hubris:SphereOfDissonance"},{"floor":24.0,"key":"StuffTheSpire:EmeraldSignet"},{"floor":28.0,"key":"hubris:TenFootPole"},{"floor":30.0,"key":"conspire:Boomerang"},{"floor":40.0,"key":"Blood Vial"},{"floor":41.0,"key":"conspire:Flyswatter"},{"floor":45,"key":"StuffTheSpire:Rhapsscallions"}],"event_choices":[{"damage_healed":0.0,"max_hp_gain":0.0,"max_hp_loss":0.0,"gold_gain":0.0,"event_name":"conspire:Investor","player_choice":"Leave","floor":6.0,"gold_loss":0.0,"damage_taken":0.0},{"damage_healed":6,"gold_gain":0,"player_choice":"LEAVE ","damage_taken":0,"relics_obtained":[],"max_hp_gain":0,"max_hp_loss":0,"event_name":"betterSkull:BetterSkull","floor":48,"gold_loss":0,"cards_upgraded":[]}],"is_beta":false,"boss_relics":[{"not_picked":["vexMod:EndlessSickness","StuffTheSpire:Kangaroo","halation:CatFaceCupcake"]},{"not_picked":["StuffTheSpire:ModemDavis","halation:ForbiddenBikini"],"picked":"bronze:PlatinumCore"}],"items_purged_floors":[],"is_endless":false,"potions_floor_spawned":[8,11,12,15,16,25,30,32,33,43,49],"ascension_level":0}}