{"host":"f5y45f7z7ziu0smp","time":1610970585,"event":{"mods":["AchievementEnabler","BaseMod","Marisa£¨Ùöéë¡¡Øª×âÞÞ£©","Minty Spire (QoL Compilation)","Permanent Neow","Starting Relic: Pandora\u0027s Box","SuperFastMode","¡¼?Úª?ø«¡½REMEMod"],"gold_per_floor":[99,99,30,30,30,30,15,15,15,15,15,15,15,15,15,15,15,0,0,0,0,0,0,0,0,0,0,0,0,0,0,0,0,0,0,0,0,0,0,0,0,0,0,0,0,0,0,0,0,0],"floor_reached":51,"language":"KOR","playtime":1754,"items_purged":[],"score":1340,"play_id":"e56a00d2-b06f-4fef-bafe-59f7b171bfc5","local_time":"20210118204945","is_ascension_mode":true,"campfire_choices":[{"data":"Zap","floor":6,"key":"SMITH"},{"data":"Scrawl","floor":8,"key":"SMITH"},{"data":"REME_SelfUpgrade","floor":10,"key":"SMITH"},{"data":"Beam Cell","floor":15,"key":"SMITH"},{"data":"Dualcast","floor":23,"key":"SMITH"},{"floor":28,"key":"RECALL"},{"data":"Buffer","floor":32,"key":"SMITH"},{"data":"Coolheaded","floor":44,"key":"SMITH"},{"data":"Coolheaded","floor":46,"key":"SMITH"},{"data":"REME_Shoggoth","floor":49,"key":"SMITH"}],"circlet_count":0,"master_deck":["Zap+1","Dualcast+1","Loop","Gash","Skim","Stack","Streamline","Coolheaded+1","Loop","REME_SelfUpgrade+1","Scrawl+1","Gash","Conserve Battery","Turbo","Gash","REME_DataAnalysis","Force Field","Beam Cell+1","Gash","REME_Shoggoth+1","Go for the Eyes","Coolheaded+1","Beam Cell+1","Go for the Eyes+1","Defragment+1","Buffer+1","Gash","Coolheaded+1","Echo Form","Storm+1","Gash","Writhe","Fusion+1","Reprogram+1","Hologram+1","Gash"],"relics":["REME_ComplimentaryCards","Ectoplasm","Pantograph","CaptainsWheel","Coffee Dripper","Potion Belt","Centennial Puzzle","White Beast Statue","Question Card","Nuclear Battery","Blood Vial","REME_HandOfSuture","Boot","Happy Flower","HornCleat"],"acts_visited":["Exordium","TheCity","TheBeyond"],"potions_floor_usage":[13,25,25,29,30,33,33,36,36,40,45,45,50,50,50,50],"damage_taken":[{"damage":6,"enemies":"2 Louse","floor":1,"turns":2},{"damage":0,"enemies":"Cultist","floor":4,"turns":2},{"damage":3,"enemies":"Jaw Worm","floor":5,"turns":3},{"damage":2,"enemies":"Looter","floor":7,"turns":2},{"damage":13,"enemies":"Gremlin Nob","floor":11,"turns":4},{"damage":18,"enemies":"Lots of Slimes","floor":12,"turns":3},{"damage":15,"enemies":"Gremlin Gang","floor":13,"turns":3},{"damage":0,"enemies":"Slime Boss","floor":16,"turns":5},{"damage":22,"enemies":"2 Thieves","floor":18,"turns":2},{"damage":0,"enemies":"Spheric Guardian","floor":21,"turns":2},{"damage":0,"enemies":"3 Cultists","floor":22,"turns":4},{"damage":14,"enemies":"Book of Stabbing","floor":24,"turns":3},{"damage":16,"enemies":"Centurion and Healer","floor":25,"turns":2},{"damage":0,"enemies":"Snecko","floor":27,"turns":2},{"damage":3,"enemies":"Shelled Parasite and Fungi","floor":29,"turns":3},{"damage":0,"enemies":"REME_1_Revenger","floor":30,"turns":2},{"damage":0,"enemies":"Sentry and Sphere","floor":31,"turns":2},{"damage":0,"enemies":"Champ","floor":33,"turns":3},{"damage":21,"enemies":"3 Shapes","floor":35,"turns":2},{"damage":4,"enemies":"3 Darklings","floor":36,"turns":3},{"damage":44,"enemies":"Sphere and 2 Shapes","floor":37,"turns":4},{"damage":0,"enemies":"Giant Head","floor":40,"turns":4},{"damage":0,"enemies":"Reptomancer","floor":45,"turns":5},{"damage":0,"enemies":"Nemesis","floor":47,"turns":2},{"damage":25,"enemies":"4 Shapes","floor":48,"turns":5},{"damage":36,"enemies":"Time Eater","floor":50,"turns":8}],"seed_played":"-8455650499457126056","potions_obtained":[{"floor":1,"key":"Dexterity Potion"},{"floor":2,"key":"AttackPotion"},{"floor":2,"key":"LiquidBronze"},{"floor":2,"key":"DistilledChaos"},{"floor":12,"key":"REME_GoldPotion"},{"floor":16,"key":"Ancient Potion"},{"floor":21,"key":"PotionOfCapacity"},{"floor":24,"key":"AttackPotion"},{"floor":25,"key":"SneckoOil"},{"floor":27,"key":"SkillPotion"},{"floor":29,"key":"SkillPotion"},{"floor":30,"key":"Fruit Juice"},{"floor":31,"key":"LiquidMemories"},{"floor":33,"key":"LiquidMemories"},{"floor":35,"key":"AttackPotion"},{"floor":36,"key":"FocusPotion"},{"floor":37,"key":"Explosive Potion"},{"floor":40,"key":"FearPotion"},{"floor":45,"key":"FearPotion"},{"floor":47,"key":"PotionOfCapacity"},{"floor":48,"key":"FocusPotion"}],"is_trial":false,"path_per_floor":["M","?","$","M","M","R","M","R","T","R","E","M","M","$","R","B",null,"M","?","?","M","M","R","E","M","T","M","R","M","E","M","R","B",null,"M","M","M","$","?","E","?","T","T","R","E","R","E","M","R","B",null],"character_chosen":"DEFECT","items_purchased":["Conserve Battery","Turbo"],"campfire_rested":0,"item_purchase_floors":[3,3],"current_hp_per_floor":[62,62,62,62,59,59,57,57,57,57,44,26,11,11,11,36,65,43,43,43,43,43,43,29,13,13,13,13,10,15,15,15,40,70,49,45,1,1,21,21,70,70,70,70,70,70,70,59,59,34],"gold":0,"neow_bonus":"BOSS_RELIC","is_daily":false,"chose_seed":false,"campfire_upgraded":9,"win_rate":0.0,"timestamp":1610970585,"path_taken":["M","?","$","?","M","R","?","R","T","R","E","M","M","$","R","BOSS","M","?","?","M","?","R","E","M","T","M","R","?","E","M","R","BOSS","M","?","M","$","?","E","?","?","T","R","E","R","E","M","R","BOSS"],"items_purchased_type":["Card","Card"],"build_version":"2020-12-22","purchased_purges":0,"victory":true,"max_hp_per_floor":[75,75,75,75,75,75,75,75,75,75,75,75,75,75,75,75,75,75,75,75,75,75,75,75,75,75,75,75,75,80,80,80,80,80,80,80,80,80,80,80,70,70,70,70,70,70,70,70,70,70],"card_choices":[{"not_picked":["Steam","Streamline","Redo"],"picked":"Gash","floor":1},{"not_picked":["Ball Lightning","Leap","Hologram"],"picked":"SKIP","floor":4},{"not_picked":["Rebound","Turbo","Lockon"],"picked":"Gash","floor":5},{"not_picked":["Leap","Streamline","Undo"],"picked":"REME_DataAnalysis","floor":7},{"not_picked":["Stack","Turbo","Darkness","Hello World"],"picked":"Force Field","floor":11},{"not_picked":["Consume","Reinforced Body","Compile Driver","Thunder Strike"],"picked":"Beam Cell","floor":12},{"not_picked":["Rip and Tear","Sunder","Genetic Algorithm","Stack"],"picked":"Gash","floor":13},{"not_picked":["Machine Learning","Reboot","All For One","Fission"],"picked":"REME_Shoggoth","floor":16},{"not_picked":["Static Discharge+1","Barrage"],"picked":"Go for the Eyes","floor":18},{"not_picked":["Blizzard","REME_SelfUpgrade+1"],"picked":"Coolheaded","floor":21},{"not_picked":["Go for the Eyes","Double Energy","Turbo+1","Conserve Battery"],"picked":"Beam Cell+1","floor":22},{"not_picked":["Lockon","Stack","Redo","Steam Power"],"picked":"Go for the Eyes+1","floor":24},{"not_picked":["Steam","Streamline","Turbo+1","Chill"],"picked":"Defragment+1","floor":25},{"not_picked":["Cold Snap","Glacier","Beam Cell","Barrage"],"picked":"Buffer","floor":27},{"not_picked":["White Noise","Steam+1","Barrage+1","Leap+1"],"picked":"Gash","floor":29},{"not_picked":["Steam+1","Coolheaded","Ball Lightning+1","Leap","Fusion"],"picked":"SKIP","floor":30},{"not_picked":["Melter","Rip and Tear","Turbo+1"],"picked":"Coolheaded+1","floor":31},{"not_picked":["Fission","Thunder Strike","Creative AI","Multi-Cast","Core Surge"],"picked":"Echo Form","floor":33},{"not_picked":["Cold Snap+1","Reinforced Body+1","Rebound+1","Beam Cell+1"],"picked":"SKIP","floor":35},{"not_picked":["Leap+1","Turbo","Conserve Battery","Force Field+1","Beam Cell"],"picked":"Storm+1","floor":36},{"not_picked":["Heatsinks+1","Sweeping Beam+1","Cold Snap+1","Static Discharge","Conserve Battery+1"],"picked":"Gash","floor":37},{"not_picked":["Streamline","Double Energy","Sweeping Beam","Defragment+1","Coolheaded+1"],"picked":"Fusion+1","floor":40},{"not_picked":["Hyperbeam","Rebound+1","Redo","Defragment","Reinforced Body+1"],"picked":"Reprogram+1","floor":45},{"not_picked":["Hello World+1","Turbo","Barrage","Streamline","Consume"],"picked":"Hologram+1","floor":47},{"not_picked":["Barrage+1","Recycle+1","Chill+1","Melter+1","Scrape+1"],"picked":"Gash","floor":48}],"player_experience":133500,"relics_obtained":[{"floor":9,"key":"Pantograph"},{"floor":11,"key":"CaptainsWheel"},{"floor":24,"key":"Centennial Puzzle"},{"floor":26,"key":"White Beast Statue"},{"floor":30,"key":"Question Card"},{"floor":40,"key":"Blood Vial"},{"floor":42,"key":"REME_HandOfSuture"},{"floor":43,"key":"Boot"},{"floor":45,"key":"Happy Flower"},{"floor":47,"key":"HornCleat"}],"event_choices":[{"damage_healed":0,"gold_gain":0,"player_choice":"Got Potions","damage_taken":0,"max_hp_gain":0,"max_hp_loss":0,"event_name":"Lab","floor":2,"gold_loss":0},{"damage_healed":0,"gold_gain":0,"player_choice":"Stole Relic","damage_taken":0,"relics_obtained":["Potion Belt"],"max_hp_gain":0,"max_hp_loss":0,"event_name":"Addict","floor":19,"gold_loss":0,"cards_obtained":["Shame"]},{"cards_removed":["Shame"],"damage_healed":0,"gold_gain":0,"player_choice":"Removed Curses","damage_taken":0,"max_hp_gain":0,"max_hp_loss":0,"event_name":"Fountain of Cleansing","floor":20,"gold_loss":0},{"damage_healed":20,"gold_gain":0,"player_choice":"Writhe","damage_taken":0,"max_hp_gain":0,"max_hp_loss":0,"event_name":"Winding Halls","floor":39,"gold_loss":0,"cards_obtained":["Writhe"]},{"damage_healed":70,"gold_gain":0,"player_choice":"Heal","damage_taken":0,"max_hp_gain":0,"max_hp_loss":10,"event_name":"The Moai Head","floor":41,"gold_loss":0}],"is_beta":false,"boss_relics":[{"not_picked":["SacredBark","Empty Cage"],"picked":"Coffee Dripper"},{"not_picked":["SlaversCollar","Snecko Eye"],"picked":"Nuclear Battery"}],"items_purged_floors":[],"is_endless":false,"potions_floor_spawned":[1,7,12,13,16,21,24,25,27,29,30,31,33,35,36,37,40,45,47,48],"ascension_level":6}}