{"host":"0av13bfd5y1jedv9","time":1610974924,"event":{"mods":["AchievementEnabler","Act Like it!","Aspiration","BaseMod","Bestiary","Colored Map","Conspire","Hallownest","Hubris","Infinite Spire","Minty Spire (QoL Compilation)","Relic Sorter","Replay The Spire","StSLib","The Bug Knight","The Cursed","The Disciple","The Marked","The Mystic","The Necromancer","The Runesmith","The Senshi"],"gold_per_floor":[116,291,73,73,85,114,114,142,142,156,190,190,209,209,209,308,308,325,295,328,328,342,342,342,342,419,419,451,451,503,503,503,606,606,617,1616,1629,1643,1643,1643,1676,1728,1775,1788,1801,1033,1033,1033,1033,1033],"floor_reached":51,"language":"ENG","playtime":3587,"items_purged":["Doubt","Parasite"],"score":909,"play_id":"ae4d9359-0dc0-4e42-bfd5-53aa7846723d","local_time":"20210118130204","is_ascension_mode":false,"campfire_choices":[{"data":"Runesmith:HammerThrow","floor":7,"key":"SMITH"},{"floor":15,"key":"REST"},{"floor":23,"key":"REST"},{"floor":25,"key":"REST"},{"data":"hubris:DuctTapeCard","floor":32,"key":"SMITH"},{"floor":40,"key":"REST"},{"data":"Runesmith:CraftPrismatica","floor":40,"key":"SMITH"},{"floor":47,"key":"REST"},{"data":"theMarked:Challenge","floor":47,"key":"SMITH"},{"floor":49,"key":"REST"},{"data":"Midas Touch","floor":49,"key":"SMITH"}],"circlet_count":0,"master_deck":["Runesmith:Defend_RS","Runesmith:Defend_RS","Runesmith:Defend_RS","Runesmith:Defend_RS","Runesmith:CraftFirestone","Runesmith:Fortify","Runesmith:HammerThrow+1","Runesmith:CraftSpiculum","Runesmith:FieryHammer","Runesmith:HammerThrow","Runesmith:CraftMagma","Runesmith:Grindstone","Runesmith:Firewall","Runesmith:RunicBlueprint+1","Runesmith:HeatedChisel","theMarked:Challenge+1","hubris:DuctTapeCard+2","Runesmith:ChaoticBlast","Bite","Bite","Bite","Bite","Bite","Runesmith:CraftPrismatica+1","Runesmith:HammerThrow","Runesmith:CraftObretio","Runesmith:OneForEveryone","Runesmith:CraftVitae+1","Runesmith:HammerThrow+1","Midas Touch+1"],"relics":["Runesmith:BrokenRuby","aspiration:DSix","NeowsBlessing","PreservedInsect","hubris:Towel","Mercury Hourglass","hubris:64BitClover","conspire:GiftBox","Durian","FossilizedHelix","Juzu Bracelet","hubris:DuctTape","MutagenicStrength","theSenshi:SailorFukuRelic","infinitespire:Magic Flask","Omamori","Ring of Chaos","Blue Doll","Pondfish Scales","ReplayTheSpireMod:TigerMarble","hubris:EmptyBottle","HollowMod:LifeEnderRelic","ReplayTheSpireMod:Lightbulb"],"acts_visited":["Exordium","TheCity","TheBeyond"],"potions_floor_usage":[13,33,33,37,42,44,50,50],"damage_taken":[{"damage":0,"enemies":"2 Louse","floor":1,"turns":1},{"damage":0,"enemies":"Jaw Worm","floor":5,"turns":1},{"damage":0,"enemies":"Gremlin Nob","floor":6,"turns":1},{"damage":24,"enemies":"Lagavulin","floor":8,"turns":4},{"damage":0,"enemies":"Small Slimes","floor":10,"turns":2},{"damage":18,"enemies":"3 Sentries","floor":11,"turns":3},{"damage":1,"enemies":"2 Fungi Beasts","floor":13,"turns":2},{"damage":0,"enemies":"Fading Forest","floor":16,"turns":11},{"damage":10,"enemies":"Shell Parasite","floor":18,"turns":7},{"damage":36,"enemies":"2 Thieves","floor":19,"turns":5},{"damage":5,"enemies":"conspire:MimicChest","floor":20,"turns":6},{"damage":6,"enemies":"Centurion and Healer","floor":22,"turns":6},{"damage":17,"enemies":"Book of Stabbing","floor":28,"turns":5},{"damage":45,"enemies":"Automaton","floor":33,"turns":12},{"damage":20,"enemies":"3 Shapes","floor":35,"turns":3},{"damage":15,"enemies":"3 Darklings","floor":37,"turns":6},{"damage":13,"enemies":"Jaw Worm Horde","floor":38,"turns":4},{"damage":0,"enemies":"R_Hoarder","floor":41,"turns":6},{"damage":35,"enemies":"2 Orb Walkers","floor":42,"turns":5},{"damage":0,"enemies":"Spire Growth","floor":44,"turns":1},{"damage":19,"enemies":"Writhing Mass","floor":45,"turns":7},{"damage":10,"enemies":"Awakened One","floor":50,"turns":14}],"seed_played":"4700750280247078908","potions_obtained":[{"floor":1,"key":"Reflective Coating"},{"floor":11,"key":"SneckoOil"},{"floor":13,"key":"SpeedPotion"},{"floor":16,"key":"SmokeBomb"},{"floor":33,"key":"Explosive Potion"},{"floor":35,"key":"Fire Potion"},{"floor":37,"key":"Elixir"},{"floor":45,"key":"Swift Potion"}],"is_trial":false,"path_per_floor":["M","?","$","?","M","E","R","E","T","M","E","?","M","T","R","B",null,"M","M","?","?","M","R","?","R","T","?","E","T","T","?","R","B",null,"M","?","M","M","?","R","E","?","T","M","M","$","R","?","R","B",null],"character_chosen":"RUNESMITH_CLASS","items_purchased":["PreservedInsect","hubris:EmptyBottle","HollowMod:LifeEnderRelic","ReplayTheSpireMod:Lightbulb","Strength Potion"],"campfire_rested":6,"item_purchase_floors":[3,46,46,46,46],"current_hp_per_floor":[70,70,70,70,70,70,70,46,46,46,33,18,17,17,39,39,75,65,29,24,27,21,44,44,67,67,67,50,50,50,50,50,23,54,36,36,30,21,21,37,49,20,20,20,11,11,26,26,41,46],"gold":1033,"neow_bonus":"THREE_ENEMY_KILL","is_daily":false,"chose_seed":false,"campfire_upgraded":5,"win_rate":0.0,"timestamp":1610974924,"path_taken":["M","?","$","?","M","E","R","E","T","M","E","?","M","?","R","BOSS","M","M","?","?","M","R","?","R","T","?","E","?","?","?","R","BOSS","M","?","M","M","?","R","E","?","T","M","M","$","R","?","R","BOSS"],"items_purchased_type":["Relic","Relic","Relic","Relic","Potion"],"build_version":"2020-12-22","purchased_purges":2,"victory":true,"max_hp_per_floor":[70,70,70,70,70,70,70,70,70,70,75,75,75,75,75,75,75,75,75,75,78,78,78,78,78,78,78,78,78,78,54,54,54,54,54,54,54,54,54,54,54,54,54,54,54,51,51,51,51,51],"card_choices":[{"not_picked":["Runesmith:Overpower","Runesmith:Permafrost"],"picked":"Runesmith:HammerThrow","floor":1},{"not_picked":["Runesmith:ChiselStab","Runesmith:BackupBattery"],"picked":"Runesmith:CraftSpiculum","floor":5},{"not_picked":["Runesmith:Supernova","Runesmith:EnergizedChisel"],"picked":"Runesmith:FieryHammer","floor":6},{"not_picked":["Runesmith:BackupBattery","Runesmith:StaticCage","Runesmith:Repurpose"],"picked":"SKIP","floor":8},{"not_picked":["Runesmith:Supernova","Runesmith:LightningRod"],"picked":"Runesmith:MetallurgicalResearch","floor":9},{"not_picked":["Runesmith:Repurpose","Runesmith:CraftMagma"],"picked":"Runesmith:HammerThrow","floor":10},{"not_picked":["Runesmith:StaticCage","Runesmith:NegativeSpace"],"picked":"Runesmith:CraftMagma","floor":11},{"not_picked":["Runesmith:UnstableHammer","Runesmith:HeatedChisel"],"picked":"Runesmith:Grindstone","floor":13},{"not_picked":["Runesmith:GenerateForcefield","Runesmith:Duplicate"],"picked":"Runesmith:CraftIndustria","floor":16},{"not_picked":["Runesmith:PoweredAnvil","Runesmith:Repurpose"],"picked":"Runesmith:Firewall","floor":18},{"not_picked":["Runesmith:HeatedChisel","Runesmith:NanitesCloud"],"picked":"Runesmith:RunicBlueprint+1","floor":19},{"not_picked":["Runesmith:UnstableHammer","Runesmith:Overpower"],"picked":"Runesmith:HeatedChisel","floor":20},{"not_picked":["Runesmith:Overpower+1","Runesmith:Discharge","Runesmith:EarthShield"],"picked":"SKIP","floor":22},{"not_picked":["Runesmith:UnstableHammer","Runesmith:Repurpose"],"picked":"Runesmith:ChaoticBlast","floor":28},{"not_picked":["Runesmith:Supernova","Runesmith:CraftIndustria"],"picked":"Runesmith:CraftPrismatica","floor":33},{"not_picked":["Runesmith:UnstableHammer+1","Runesmith:Electrocute","Runesmith:Superposition+1"],"picked":"SKIP","floor":35},{"not_picked":["Runesmith:CraftVitae+1","Runesmith:Overpower"],"picked":"Runesmith:HammerThrow","floor":37},{"not_picked":["Runesmith:CraftProtectio+1","Runesmith:LithiumIon"],"picked":"Runesmith:CraftObretio","floor":38},{"not_picked":["Runesmith:WhiteBalance+1","Runesmith:FieryHammer+1"],"picked":"Runesmith:OneForEveryone","floor":41},{"not_picked":["Runesmith:Attraction","Runesmith:DoubleUp"],"picked":"Runesmith:CraftVitae+1","floor":44},{"not_picked":["Runesmith:EarthShield","Runesmith:HammerTime"],"picked":"Runesmith:HammerThrow+1","floor":45},{"not_picked":["Bandage Up","Good Instincts"],"picked":"Midas Touch","floor":48}],"player_experience":177743,"relics_obtained":[{"floor":6,"key":"Mercury Hourglass"},{"floor":8,"key":"hubris:64BitClover"},{"floor":9,"key":"conspire:GiftBox"},{"floor":11,"key":"Durian"},{"floor":14,"key":"FossilizedHelix"},{"floor":20,"key":"Juzu Bracelet"},{"floor":26,"key":"hubris:DuctTape"},{"floor":28,"key":"theSenshi:SailorFukuRelic"},{"floor":29,"key":"aspiration:DSix"},{"floor":30,"key":"infinitespire:Magic Flask"},{"floor":33,"key":"Omamori"},{"floor":41,"key":"Blue Doll"},{"floor":42,"key":"Pondfish Scales"},{"floor":43,"key":"ReplayTheSpireMod:TigerMarble"}],"event_choices":[{"damage_healed":0,"gold_gain":175,"player_choice":"AGREE","damage_taken":0,"max_hp_gain":0,"max_hp_loss":0,"event_name":"Liars Game","floor":2,"gold_loss":0,"cards_obtained":["Doubt"]},{"damage_healed":0,"gold_gain":0,"player_choice":"Entered Light","damage_taken":15,"max_hp_gain":0,"max_hp_loss":0,"event_name":"Shining Light","floor":12,"gold_loss":0,"cards_upgraded":["Runesmith:Strike_RS","Runesmith:MetallurgicalResearch"]},{"damage_healed":0,"gold_gain":0,"player_choice":"Read","damage_taken":0,"max_hp_gain":0,"max_hp_loss":0,"event_name":"The Library","floor":24,"gold_loss":0,"cards_obtained":["theMarked:Challenge"]},{"damage_healed":0,"gold_gain":0,"player_choice":"Inject Mutagens","damage_taken":0,"relics_obtained":["MutagenicStrength"],"max_hp_gain":0,"max_hp_loss":0,"event_name":"Drug Dealer","floor":27,"gold_loss":0},{"damage_healed":0,"gold_gain":0,"player_choice":"Became a vampire","damage_taken":0,"max_hp_gain":0,"max_hp_loss":24,"event_name":"Vampires","floor":31,"gold_loss":0,"cards_obtained":["Bite","Bite","Bite","Bite","Bite"]},{"damage_healed":0,"gold_gain":999,"player_choice":"Gold","damage_taken":0,"max_hp_gain":0,"max_hp_loss":0,"event_name":"MindBloom","floor":36,"gold_loss":0,"cards_obtained":["Normality","Normality"]},{"damage_healed":0,"gold_gain":0,"player_choice":"Leave","damage_taken":0,"max_hp_gain":0,"max_hp_loss":0,"event_name":"conspire:Investor","floor":39,"gold_loss":0},{"damage_healed":0,"gold_gain":0,"player_choice":"Fight","damage_taken":0,"max_hp_gain":0,"max_hp_loss":0,"event_name":"Mysterious Sphere","floor":42,"gold_loss":0},{"damage_healed":0,"gold_gain":0,"player_choice":"Memory 1","damage_taken":0,"max_hp_gain":0,"max_hp_loss":0,"event_name":"SensoryStone","floor":48,"gold_loss":0}],"is_beta":false,"boss_relics":[{"not_picked":["Busted Crown","ReplayTheSpireMod:SealedPack","conspire:SeveredTorchhead"]},{"not_picked":["Astrolabe","Kintsugi"],"picked":"Ring of Chaos"}],"items_purged_floors":[3,46],"is_endless":false,"potions_floor_spawned":[1,11,13,16,28,33,35,37,41,45],"ascension_level":0}}