{"host":"i7jfea87xc8lz16p","time":1610931384,"event":{"mods":["AchievementEnabler","BaseMod","Colored Powertips","Minty Spire (QoL Compilation)","Relic Stats"],"gold_per_floor":[366,124,124,138,153,153,179,179,179,134,154,187,187,187,187],"floor_reached":14,"language":"ENG","playtime":412,"items_purged":["Normality"],"score":246,"play_id":"e3131bd7-0ddc-4b88-a24a-89665ee33259","local_time":"20210118015624","is_ascension_mode":true,"campfire_choices":[{"data":"Static Discharge","floor":6,"key":"SMITH"},{"data":"Coolheaded","floor":8,"key":"SMITH"}],"circlet_count":0,"master_deck":["AscendersBane","Strike_B","Strike_B","Strike_B","Strike_B","Defend_B","Defend_B","Defend_B","Defend_B","Zap","Dualcast","Glacier","Conserve Battery","Static Discharge+1","Sunder","Coolheaded+1","Seek","Ball Lightning+1"],"relics":["Cracked Core","Regal Pillow","Sundial","Bird Faced Urn"],"acts_visited":["Exordium"],"potions_floor_usage":[7,7,12,12],"damage_taken":[{"damage":7,"enemies":"2 Louse","floor":1,"turns":3},{"damage":0,"enemies":"Small Slimes","floor":4,"turns":4},{"damage":0,"enemies":"Jaw Worm","floor":5,"turns":2},{"damage":36,"enemies":"Gremlin Nob","floor":7,"turns":5},{"damage":8,"enemies":"3 Louse","floor":11,"turns":5},{"damage":0,"enemies":"Lagavulin","floor":12,"turns":6},{"damage":43,"enemies":"Gremlin Nob","floor":14,"turns":3}],"seed_played":"-8695696071124973366","potions_obtained":[{"floor":1,"key":"EntropicBrew"},{"floor":7,"key":"Regen Potion"},{"floor":11,"key":"PowerPotion"}],"is_trial":false,"path_per_floor":["M","$","?","M","M","R","E","R","T","?","M","E","?","E"],"character_chosen":"DEFECT","items_purchased":["Conserve Battery","Static Discharge","FocusPotion"],"campfire_rested":0,"item_purchase_floors":[2,2,2],"current_hp_per_floor":[57,57,57,57,57,57,21,21,21,21,13,28,28,0,0],"gold":187,"neow_bonus":"TWO_FIFTY_GOLD","is_daily":false,"chose_seed":false,"campfire_upgraded":2,"win_rate":0.0,"timestamp":1610931384,"path_taken":["M","$","?","M","M","R","E","R","T","?","M","E","?","E"],"items_purchased_type":["Card","Card","Potion"],"build_version":"2020-12-22","purchased_purges":1,"victory":false,"max_hp_per_floor":[71,71,71,71,71,71,71,71,71,71,71,71,71,71,71],"relic_stats":{"Regal Pillow":0,"counters":[7,28],"Sundial":[0],"Bird Faced Urn":[2],"obtain_stats":[{"Regal Pillow":7,"Sundial":9,"Bird Faced Urn":12,"Cracked Core":0},{"Regal Pillow":4,"Sundial":4,"Bird Faced Urn":6,"Cracked Core":0},{"Regal Pillow":14,"Sundial":14,"Bird Faced Urn":25,"Cracked Core":0}]},"card_choices":[{"not_picked":["Beam Cell","Barrage"],"picked":"Glacier","floor":1},{"not_picked":["Leap","Hello World"],"picked":"Sunder","floor":4},{"not_picked":["Darkness","Stack"],"picked":"Coolheaded","floor":5},{"not_picked":["Static Discharge","Steam Power"],"picked":"Seek","floor":7},{"not_picked":["Sunder","Rebound","Auto Shields"],"picked":"SKIP","floor":11},{"not_picked":["Gash","White Noise"],"picked":"Ball Lightning","floor":12}],"player_experience":1805189,"relics_obtained":[{"floor":7,"key":"Regal Pillow"},{"floor":9,"key":"Sundial"},{"floor":12,"key":"Bird Faced Urn"}],"event_choices":[{"damage_healed":0,"gold_gain":0,"player_choice":"Ignored","damage_taken":0,"max_hp_gain":0,"max_hp_loss":0,"event_name":"Liars Game","floor":3,"gold_loss":0},{"damage_healed":0,"gold_gain":0,"player_choice":"Left Gold","damage_taken":0,"max_hp_gain":0,"max_hp_loss":0,"event_name":"World of Goop","floor":10,"gold_loss":45},{"damage_healed":0,"gold_gain":0,"player_choice":"Grow","damage_taken":0,"max_hp_gain":0,"max_hp_loss":0,"event_name":"Living Wall","floor":13,"gold_loss":0,"cards_upgraded":["Ball Lightning"]}],"is_beta":false,"boss_relics":[],"items_purged_floors":[2],"is_endless":false,"potions_floor_spawned":[1,7,11],"killed_by":"Gremlin Nob","ascension_level":20}}