{"host":"03m7b8d5u2ige8va","time":1610954870,"event":{"mods":["BaseMod","Downfall","Minty Spire (QoL Compilation)","StSLib","SuperFastMode"],"gold_per_floor":[99,110,35,47,64,14,14,34,59,78,63,13,13,25,40,145,145,95,112,212,297,297,317,317,267,279,291,291,241,253,270,283,382,382,332,346,28,42,53,132,132,166,177,222,234,254,267,317,328,328],"floor_reached":51,"language":"ZHS","playtime":3439,"items_purged":["Slimebound:Strike_Slimebound","Slimebound:Defend_Slimebound"],"score":789,"play_id":"730bd6bb-4d5c-4e3a-8255-65781027617b","local_time":"20210118152750","is_ascension_mode":false,"campfire_choices":[{"data":"Slimebound:Split","floor":1.0,"key":"SMITH"},{"data":"Slimebound:LivingWall","floor":6,"key":"SMITH"},{"data":"Slimebound:SplitLeeching","floor":12,"key":"SMITH"},{"data":"Slimebound:OneTwoCombo","floor":18,"key":"SMITH"},{"data":"Slimebound:Gluttony","floor":25,"key":"SMITH"},{"data":"Slimebound:LevelUp","floor":29,"key":"SMITH"},{"data":"Slimebound:MassRepurpose","floor":35,"key":"SMITH"}],"circlet_count":0,"master_deck":["Slimebound:Strike_Slimebound","Slimebound:Tackle","Slimebound:Defend_Slimebound","Slimebound:Defend_Slimebound","Slimebound:Split+1","Slimebound:CorrosiveSpit+1","Slimebound:LivingWall+1","Slimebound:SplitLeeching+1","Slimebound:SplitLeeching","Slimebound:SpikyOuterGoop","Slimebound:Teamwork","Slimebound:LeechEnergy","Slimebound:Gluttony+1","Slimebound:GoopSpray","Slimebound:OneTwoCombo+1","Slimebound:LeadByExample","Slimebound:Nibble+1","Slimebound:ComboTackle+1","Slimebound:Schlurp+1","Slimebound:LevelUp+1","Slimebound:RejuvenatingLick+1","Slimebound:Repurpose","Slimebound:LeechingTouch+1","Slimebound:MassRepurpose+1","Slimebound:Replication+1","Slimebound:SlimeBarrage+1","Slimebound:LivingWall","expansioncontent:PrepareCrush","Slimebound:SplitLeeching+1","Slimebound:Schlurp","Slimebound:Schlurp+1","Slimebound:OneTwoCombo+1","Slimebound:Nibble+1","Slimebound:SlimeTap","Slimebound:Prepare+1","Slimebound:SlimeSlap+1","Slimebound:SlimeTap+1","Slimebound:TongueLash+1","Slimebound:SlimeBrawl+1"],"relics":["Slimebound:AbsorbEndCombat","Slimebound:GreedOozeRelic","Darkstone Periapt","bronze:MakeshiftBattery","Turnip","Molten Egg 2","downfall:RedIOU","Incense Burner","Calipers","Empty Cage","InkBottle","Anchor","Torii","Dead Branch"],"acts_visited":["Exordium","TheCity","TheBeyond"],"potions_floor_usage":[33,39,50,50],"damage_taken":[{"damage":1.0,"enemies":"Cultist","floor":2.0,"turns":3.0},{"damage":2.0,"enemies":"Small Slimes","floor":4.0,"turns":4.0},{"damage":0.0,"enemies":"Jaw Worm","floor":5.0,"turns":3.0},{"damage":0,"enemies":"3 Louse","floor":8,"turns":3},{"damage":37,"enemies":"Gremlin Nob","floor":9,"turns":5},{"damage":2,"enemies":"Exordium Thugs","floor":10,"turns":5},{"damage":0,"enemies":"downfall:FleeingMerchant","floor":11,"turns":4},{"damage":0,"enemies":"2 Fungi Beasts","floor":14,"turns":4},{"damage":0,"enemies":"Large Slime","floor":15,"turns":4},{"damage":35,"enemies":"SI_SHIV_ARCHETYPE","floor":16,"turns":9},{"damage":2,"enemies":"Chosen","floor":19,"turns":5},{"damage":0,"enemies":"IC_STATUS_ARCHETYPE","floor":20,"turns":8},{"damage":0,"enemies":"3 Byrds","floor":23,"turns":3},{"damage":14,"enemies":"Cultist and Chosen","floor":26,"turns":6},{"damage":8,"enemies":"Shelled Parasite and Fungi","floor":27,"turns":5},{"damage":0,"enemies":"Centurion and Healer","floor":30,"turns":5},{"damage":9,"enemies":"Chosen and Byrds","floor":31,"turns":5},{"damage":0,"enemies":"Cultist and Chosen","floor":32,"turns":4},{"damage":16,"enemies":"DF_ARCHETYPE_CLAW","floor":33,"turns":7},{"damage":2,"enemies":"Orb Walker","floor":36,"turns":3},{"damage":1,"enemies":"downfall:FleeingMerchant","floor":37,"turns":4},{"damage":3,"enemies":"3 Shapes","floor":38,"turns":5},{"damage":18,"enemies":"Transient","floor":39,"turns":5},{"damage":0,"enemies":"downfall:FleeingMerchant","floor":40,"turns":4},{"damage":0,"enemies":"Giant Head","floor":42,"turns":7},{"damage":0,"enemies":"3 Darklings","floor":43,"turns":4},{"damage":2,"enemies":"2 Orb Walkers","floor":44,"turns":4},{"damage":2,"enemies":"Writhing Mass","floor":45,"turns":4},{"damage":0,"enemies":"Maw","floor":46,"turns":5},{"damage":0,"enemies":"4 Shapes","floor":47,"turns":4},{"damage":0,"enemies":"4 Shapes","floor":48,"turns":2},{"damage":0,"enemies":"Sphere and 2 Shapes","floor":49,"turns":4},{"damage":0,"enemies":"WA_ARCHETYPE_DIVINITY","floor":50,"turns":4}],"seed_played":"-2086624611618388030","potions_obtained":[{"floor":4.0,"key":"Swift Potion"},{"floor":8,"key":"Fire Potion"},{"floor":10,"key":"Swift Potion"},{"floor":19,"key":"PowerPotion"},{"floor":38,"key":"Regen Potion"},{"floor":43,"key":"DuplicationPotion"},{"floor":44,"key":"LiquidBronze"}],"is_trial":false,"path_per_floor":["R","M","?","M","M","R","T","M","E","M","$","R","?","M","M","B",null,"R","M","?","?","?","M","T","R","M","M","T","R","M","M","M","B",null,"R","M","$","M","M","$","T","E","M","?","M","M","M","?","M","B",null],"character_chosen":"SLIMEBOUND","items_purchased":["Slimebound:SlimeBarrage+1","Slimebound:LivingWall","expansioncontent:PrepareCrush","Slimebound:OneTwoCombo+1"],"campfire_rested":0,"item_purchase_floors":[37,37,37,40],"current_hp_per_floor":[65,64,64,63,65,65,65,65,29,30,32,32,32,34,37,12,65,65,63,65,53,53,59,59,59,51,48,48,48,55,50,54,46,65,65,65,65,64,57,58,58,64,65,63,64,65,65,65,65,65],"gold":328,"neow_bonus":"UPGRADE_CARD","is_daily":false,"chose_seed":false,"campfire_upgraded":7,"win_rate":0.0,"timestamp":1610954870,"path_taken":["R","M","?","M","M","R","T","M","E","M","$","R","?","?","M","BOSS","R","M","?","?","?","M","T","R","M","M","?","R","M","?","M","BOSS","R","M","$","M","M","$","T","E","M","?","M","M","M","?","M","BOSS"],"items_purchased_type":["Card","Card","Card","Card"],"build_version":"2020-12-22","purchased_purges":2,"victory":true,"max_hp_per_floor":[65,65,65,65,65,65,65,65,65,65,65,65,65,65,65,65,65,65,65,65,65,65,65,65,65,65,65,65,65,65,65,65,65,65,65,65,65,65,65,65,65,65,65,65,65,65,65,65,65,65],"card_choices":[{"not_picked":["Slimebound:GrowthPunch","Slimebound:ProtectTheBoss"],"picked":"Slimebound:LivingWall","floor":2.0},{"not_picked":["Slimebound:SamplingLick","Slimebound:SplitMire"],"picked":"Slimebound:SplitLeeching","floor":4.0},{"not_picked":["Slimebound:GoopTackle","Slimebound:TongueLash"],"picked":"Slimebound:SplitLeeching","floor":5},{"not_picked":["Slimebound:SplitBruiser","Slimebound:RollThrough"],"picked":"Slimebound:SpikyOuterGoop","floor":8},{"not_picked":["Slimebound:SplitMire","Slimebound:FlameTackle"],"picked":"Slimebound:Teamwork","floor":9},{"not_picked":["Slimebound:GoopSpray","Slimebound:LeechingTouch"],"picked":"Slimebound:GrowthPunch","floor":10},{"not_picked":["Slimebound:LivingWall","Slimebound:DisruptingSlam"],"picked":"Slimebound:LeechEnergy","floor":11},{"not_picked":["Slimebound:LeechingTouch","Slimebound:GrowthPunch"],"picked":"Slimebound:Gluttony","floor":14},{"not_picked":["Slimebound:PressTheAttack","Slimebound:FlameTackle"],"picked":"Slimebound:GoopSpray","floor":15},{"not_picked":["Slimebound:LeechLife","Slimebound:DouseInSlime"],"picked":"Slimebound:OneTwoCombo","floor":16},{"not_picked":["Slimebound:RollThrough","Slimebound:LeechEnergy"],"picked":"Slimebound:LeadByExample","floor":19},{"not_picked":["Slimebound:Schlurp","Slimebound:MegaLick"],"picked":"Slimebound:Nibble+1","floor":20},{"not_picked":["Slimebound:SplitMire","Slimebound:FinishingTackle+1"],"picked":"Slimebound:ComboTackle+1","floor":23},{"not_picked":["Slimebound:ForwardTackle+1","Slimebound:SplitMire"],"picked":"Slimebound:Schlurp+1","floor":26},{"not_picked":["Slimebound:LeechEnergy+1","Slimebound:RainOfGoop"],"picked":"Slimebound:LevelUp","floor":27},{"not_picked":["Slimebound:SplitLeeching","Slimebound:MegaLick"],"picked":"Slimebound:RejuvenatingLick+1","floor":30},{"not_picked":["Slimebound:BestDefense","Slimebound:Dissolve+1"],"picked":"Slimebound:Repurpose","floor":31},{"not_picked":["Slimebound:SlimeSpikes+1","Slimebound:RallyTheTroops+1"],"picked":"Slimebound:LeechingTouch+1","floor":32},{"not_picked":["Slimebound:MassFeed+1","Slimebound:SelfFormingGoo"],"picked":"Slimebound:MassRepurpose","floor":33},{"not_picked":["Slimebound:FormOfPuddle","Slimebound:FlameTackle+1","Slimebound:SamplingLick"],"picked":"SKIP","floor":36},{"not_picked":["Slimebound:MinionMaster","Slimebound:SlimeBrawl+1"],"picked":"Slimebound:Replication+1","floor":37},{"not_picked":["Slimebound:FinishingTackle+1","Slimebound:LivingWall+1"],"picked":"Slimebound:SplitLeeching+1","floor":38},{"not_picked":["Slimebound:Dissolve","Slimebound:MegaLick"],"picked":"Slimebound:Schlurp","floor":39},{"not_picked":["Slimebound:FinishingTackle+1","Slimebound:GrowthPunch+1"],"picked":"Slimebound:Schlurp+1","floor":40},{"not_picked":["Slimebound:LeadByExample","Slimebound:SplitBruiser+1"],"picked":"Slimebound:Nibble+1","floor":42},{"not_picked":["Slimebound:Schlurp+1","Slimebound:DisruptingSlam+1"],"picked":"Slimebound:SlimeTap","floor":43},{"not_picked":["Slimebound:SplitAcid","Slimebound:TongueLash+1"],"picked":"Slimebound:Prepare+1","floor":44},{"not_picked":["Slimebound:Equalize+1","Slimebound:HauntingLick+1"],"picked":"Slimebound:SlimeSlap+1","floor":45},{"not_picked":["Slimebound:ItLooksTasty+1","Slimebound:GoopTackle+1"],"picked":"Slimebound:SlimeTap+1","floor":46},{"not_picked":["Slimebound:LivingWall+1","Slimebound:MegaLick+1","Slimebound:LeadByExample+1"],"picked":"SKIP","floor":47},{"not_picked":["Slimebound:GoopTackle+1","Slimebound:SlimeBarrage+1"],"picked":"Slimebound:TongueLash+1","floor":48},{"not_picked":["Slimebound:HauntingLick+1","Slimebound:LivingWall"],"picked":"Slimebound:SlimeBrawl+1","floor":49}],"player_experience":336336,"relics_obtained":[{"floor":7,"key":"Darkstone Periapt"},{"floor":9,"key":"Lantern"},{"floor":20,"key":"Turnip"},{"floor":20,"key":"Molten Egg 2"},{"floor":24,"key":"Incense Burner"},{"floor":28,"key":"Calipers"},{"floor":41,"key":"InkBottle"},{"floor":42,"key":"Anchor"},{"floor":44,"key":"Torii"},{"floor":48,"key":"Dead Branch"}],"event_choices":[{"cards_removed":["Slimebound:Strike_Slimebound"],"damage_healed":0,"gold_gain":0,"player_choice":"Offered Basic","damage_taken":0,"max_hp_gain":0,"max_hp_loss":0,"event_name":"Bonfire Elementals","floor":13,"gold_loss":0},{"damage_healed":0,"gold_gain":0,"player_choice":"Fight","damage_taken":0,"max_hp_gain":0,"max_hp_loss":0,"event_name":"Mysterious Sphere","floor":44,"gold_loss":0}],"is_beta":false,"boss_relics":[{"not_picked":["Runic Pyramid","Slimebound:TarBlob"],"picked":"bronze:MakeshiftBattery"},{"not_picked":["Slimebound:AbsorbEndCombatUpgraded","Sozu"],"picked":"Empty Cage"}],"items_purged_floors":[37,40],"is_endless":false,"potions_floor_spawned":[4,8,10,16,19,23,30,31,38,43,44,45,46,48],"ascension_level":0}}