{"host":"8i4doyxqctgl5qb0","time":1610936225,"event":{"mods":["AchievementEnabler","BaseMod","Block Reminder","Colored Powertips","Minty Spire (QoL Compilation)","Permanent Neow","Potion Indicator Mod","Rare Cards Sparkle","StSLib","SuperFastMode","The Jungle"],"gold_per_floor":[117,292,140,215,215,226,226,226],"floor_reached":7,"language":"ZHS","playtime":162,"items_purged":["Doubt"],"score":53,"play_id":"81c83d5f-ec48-4600-a8f0-b21066959b93","local_time":"20210118101705","is_ascension_mode":true,"campfire_choices":[],"circlet_count":0,"master_deck":["Strike_G","Strike_G","Strike_G","Strike_G","Strike_G","Defend_G","Defend_G","Defend_G","Defend_G","Defend_G","Survivor","Neutralize","Crippling Poison","Regret","Deadly Poison"],"relics":["Ring of the Snake","Regal Pillow"],"acts_visited":["Exordium"],"potions_floor_usage":[],"damage_taken":[{"damage":5,"enemies":"Jaw Worm","floor":1,"turns":7},{"damage":16,"enemies":"Small Slimes","floor":6,"turns":5},{"damage":31,"enemies":"Lagavulin","floor":7,"turns":6}],"seed_played":"-5159155550641613345","potions_obtained":[{"floor":6,"key":"LiquidMemories"}],"is_trial":false,"path_per_floor":["M","?","$","?","?","M","E"],"character_chosen":"THE_SILENT","items_purchased":["Crippling Poison"],"campfire_rested":0,"item_purchase_floors":[3],"current_hp_per_floor":[54,54,54,43,43,27,0,0],"gold":226,"neow_bonus":"TWENTY_PERCENT_HP_BONUS","is_daily":false,"chose_seed":false,"campfire_upgraded":0,"win_rate":0.0,"timestamp":1610936225,"path_taken":["M","?","$","?","?","?","E"],"items_purchased_type":["Card"],"build_version":"2020-12-22","purchased_purges":1,"victory":false,"max_hp_per_floor":[84,84,84,84,84,84,84,84],"card_choices":[{"not_picked":["Dodge and Roll","All Out Attack","Quick Slash"],"picked":"SKIP","floor":1},{"not_picked":["Prepared","All Out Attack"],"picked":"Deadly Poison","floor":6}],"player_experience":162901,"relics_obtained":[],"event_choices":[{"damage_healed":0,"gold_gain":175,"player_choice":"AGREE","damage_taken":0,"max_hp_gain":0,"max_hp_loss":0,"event_name":"Liars Game","floor":2,"gold_loss":0,"cards_obtained":["Doubt"]},{"damage_healed":0,"gold_gain":75,"player_choice":"Gather Gold","damage_taken":11,"max_hp_gain":0,"max_hp_loss":0,"event_name":"World of Goop","floor":4,"gold_loss":0},{"damage_healed":0,"gold_gain":0,"player_choice":"Box","damage_taken":0,"relics_obtained":["Regal Pillow"],"max_hp_gain":0,"max_hp_loss":0,"event_name":"Big Fish","floor":5,"gold_loss":0,"cards_obtained":["Regret"]}],"is_beta":false,"boss_relics":[],"items_purged_floors":[3],"is_endless":false,"potions_floor_spawned":[6],"killed_by":"Lagavulin","ascension_level":7}}