{"host":"mku5fdaoqz3qihec","time":1610944214,"event":{"mods":["2.2 Compatiblity","AchievementEnabler","Arknights The Spire","BaseMod","Colored Map","Colored Powertips","Minty Spire (QoL Compilation)","Rare Cards Sparkle","StSLib","SuperFastMode"],"gold_per_floor":[116,116,133,151,151,189,214,214,214,254,274,274,274,292,292,413,413,427,141,121,146,165,208,208,223,223,45,144,182,182,206,206,334,334,347,363,363,120,138,176,176,200,200,200,224,239,82,107,107,107],"floor_reached":51,"language":"KOR","playtime":1382,"items_purged":["ats:Strike S","ats:Strike C"],"score":844,"play_id":"a9c527ca-6968-4285-9270-b50e7580d8f2","local_time":"20210118133014","is_ascension_mode":true,"campfire_choices":[{"data":"ats:Mental Burst","floor":8.0,"key":"SMITH"},{"floor":12.0,"key":"REST"},{"data":"ats:Rat Pack","floor":15.0,"key":"SMITH"},{"data":"ats:Ignite","floor":24.0,"key":"SMITH"},{"floor":32.0,"key":"REST"},{"floor":41.0,"key":"REST"},{"data":"Violence","floor":44.0,"key":"SMITH"},{"data":"ats:Song Of Battle","floor":49,"key":"SMITH"}],"circlet_count":0,"master_deck":["ats:Strike G","ats:Armor Crushing Shot","ats:Defend","ats:Defend","ats:Emotion Absorption+1","ats:Sunburst","ats:Mental Burst+1","ats:Song Of Battle+1","ats:Ignite+1","ats:Shell Defense","ats:Rat Pack+1","ats:True Silver Slash","ats:Mental Burst","ats:Flexible Camouflage","Violence+1","ats:Demon Strength+1","ats:Very Hot Blade","ats:Demon Strength","ats:Charging Defense","ats:Mental Burst+1","ats:Shadow Assault+1","ats:Soul Absorption+1","ats:Apocalypse+1","ats:Apocalypse","ats:Flexible Camouflage+1","ats:Disruption Kick+1"],"relics":["ats:Sanity","Incense Burner","Golden Idol","ats:Originium","Happy Flower","Question Card","FossilizedHelix","Empty Cage","Oddly Smooth Stone","WingedGreaves","Molten Egg 2","Snecko Eye","ats:Bonebreaker","Omamori","Bottled Lightning"],"acts_visited":["Exordium","TheCity","TheBeyond"],"potions_floor_usage":[50],"damage_taken":[{"damage":3.0,"enemies":"Small Slimes","floor":1.0,"turns":3.0},{"damage":1.0,"enemies":"Cultist","floor":3.0,"turns":3.0},{"damage":7.0,"enemies":"Jaw Worm","floor":4.0,"turns":4.0},{"damage":19.0,"enemies":"3 Sentries","floor":6.0,"turns":5.0},{"damage":10.0,"enemies":"Looter","floor":7.0,"turns":2.0},{"damage":10.0,"enemies":"Gremlin Nob","floor":10.0,"turns":3.0},{"damage":7.0,"enemies":"Exordium Thugs","floor":11.0,"turns":4.0},{"damage":0.0,"enemies":"Blue Slaver","floor":14.0,"turns":2.0},{"damage":16.0,"enemies":"The Guardian","floor":16.0,"turns":10.0},{"damage":10.0,"enemies":"3 Byrds","floor":18.0,"turns":3.0},{"damage":0.0,"enemies":"Spheric Guardian","floor":21.0,"turns":3.0},{"damage":0.0,"enemies":"Cultist and Chosen","floor":22.0,"turns":4.0},{"damage":9.0,"enemies":"Book of Stabbing","floor":23.0,"turns":3.0},{"damage":20.0,"enemies":"Shelled Parasite and Fungi","floor":25.0,"turns":3.0},{"damage":30.0,"enemies":"Slavers","floor":29.0,"turns":4.0},{"damage":0.0,"enemies":"Snecko","floor":31.0,"turns":2.0},{"damage":7.0,"enemies":"Collector","floor":33.0,"turns":5.0},{"damage":18.0,"enemies":"3 Shapes","floor":35.0,"turns":3.0},{"damage":18.0,"enemies":"Orb Walker","floor":36.0,"turns":3.0},{"damage":6.0,"enemies":"4 Shapes","floor":39.0,"turns":2.0},{"damage":0.0,"enemies":"Reptomancer","floor":40.0,"turns":3.0},{"damage":9.0,"enemies":"Sphere and 2 Shapes","floor":42.0,"turns":3.0},{"damage":0.0,"enemies":"Transient","floor":45.0,"turns":5.0},{"damage":0.0,"enemies":"Spire Growth","floor":46.0,"turns":2.0},{"damage":0,"enemies":"Jaw Worm Horde","floor":48,"turns":4},{"damage":0,"enemies":"Time Eater","floor":50,"turns":6}],"seed_played":"5593875365218589226","potions_obtained":[{"floor":3.0,"key":"SpeedPotion"},{"floor":6.0,"key":"EssenceOfSteel"},{"floor":18.0,"key":"Dexterity Potion"},{"floor":20.0,"key":"BlessingOfTheForge"},{"floor":23.0,"key":"Strength Potion"},{"floor":29.0,"key":"SkillPotion"},{"floor":33.0,"key":"Energy Potion"},{"floor":39.0,"key":"ColorlessPotion"},{"floor":40.0,"key":"Fire Potion"},{"floor":46.0,"key":"Fire Potion"}],"is_trial":false,"path_per_floor":["M","?","M","M","?","E","M","R","T","E","M","R","?","M","R","B",null,"M","$","?","M","M","E","R","M","T","$","?","E","?","M","R","B",null,"M","M","?","$","M","E","R","M","T","R","M","M","$","M","R","B",null],"character_chosen":"DOCTOR_CLASS","items_purchased":["ats:Flexible Camouflage","Violence","ats:Demon Strength","ats:Bonebreaker","ats:Disruption Kick+1"],"campfire_rested":3,"item_purchase_floors":[19,19,27,38,47],"current_hp_per_floor":[62,62,61,54,54,35,25,25,25,15,8,26,26,26,26,20,60,50,50,50,50,50,41,41,21,21,21,21,1,1,1,19,15,60,42,24,18,18,12,12,30,26,26,26,40,45,45,45,45,50],"gold":107,"neow_bonus":"ONE_RARE_RELIC","is_daily":false,"chose_seed":false,"campfire_upgraded":5,"win_rate":0.0,"timestamp":1610944214,"path_taken":["M","?","?","M","?","E","M","R","T","E","M","R","?","?","R","BOSS","M","$","?","?","M","E","R","M","T","$","?","E","?","M","R","BOSS","M","M","?","$","M","E","R","M","T","R","M","M","?","M","R","BOSS"],"items_purchased_type":["Card","Card","Card","Relic","Card"],"build_version":"2020-12-22","purchased_purges":2,"victory":true,"max_hp_per_floor":[65,65,65,65,60,60,60,60,60,60,60,60,60,60,60,60,60,60,60,60,60,60,60,60,60,60,60,60,60,60,60,60,60,60,60,60,60,60,60,60,60,60,60,60,60,60,60,60,60,60],"card_choices":[{"not_picked":["ats:Assault Order","ats:Steam Pump","ats:Revitalization"],"picked":"SKIP","floor":1.0},{"not_picked":["ats:Leaping Hammer","ats:Part Time Job"],"picked":"ats:Sunburst","floor":3.0},{"not_picked":["ats:Flexible Camouflage","ats:Leaping Hammer"],"picked":"ats:Mental Burst","floor":4.0},{"not_picked":["ats:Encircling Forest","ats:Charging Defense"],"picked":"ats:Song Of Battle","floor":6.0},{"not_picked":["ats:Hammer On","ats:Spore Proliferation","ats:Revitalization"],"picked":"SKIP","floor":7.0},{"not_picked":["ats:Curse Doll","ats:Closed Bolt Burst Fire","ats:Poison Spread"],"picked":"ats:Ignite","floor":10.0},{"not_picked":["ats:Curse Doll","ats:Part Time Job","ats:Powerful Strike"],"picked":"ats:Shell Defense","floor":11.0},{"not_picked":["ats:Sword Rain","ats:Overload","ats:LN2 Cannon"],"picked":"ats:Rat Pack","floor":14.0},{"not_picked":["ats:Soul Rend","ats:Disruption Kick","ats:Dogmatic Field"],"picked":"ats:True Silver Slash","floor":16.0},{"not_picked":["ats:Assault Order","ats:Curse Doll","ats:Apocalypse"],"picked":"ats:Mental Burst","floor":18.0},{"not_picked":["ats:Powerful Strike+1","ats:Hammer On","ats:Curse Doll","ats:Assault Order"],"picked":"SKIP","floor":21.0},{"not_picked":["ats:Flexible Camouflage+1","ats:Cat Scratch","ats:Revitalization+1"],"picked":"ats:Demon Strength+1","floor":22.0},{"not_picked":["ats:Healing Strengthening+1","ats:Soul Absorption","ats:Calcification"],"picked":"ats:Very Hot Blade","floor":23.0},{"not_picked":["ats:Leaping Hammer","ats:Assault Order","ats:Flexible Camouflage","ats:Ignite"],"picked":"SKIP","floor":25.0},{"not_picked":["ats:Powerful Strike+1","ats:Sunburst+1","ats:Explosion Area Strengthen+1"],"picked":"ats:Charging Defense","floor":29.0},{"not_picked":["ats:Leaping Hammer+1","ats:Poison Spread+1","ats:Thorns"],"picked":"ats:Mental Burst+1","floor":31.0},{"not_picked":["ats:Durian","ats:True Silver Slash+1","ats:Echo Reverb"],"picked":"ats:Shadow Assault+1","floor":33.0},{"not_picked":["ats:Cat Scratch+1","ats:Curse Doll","ats:Directed Diagnosis","ats:Very Hot Blade+1"],"picked":"SKIP","floor":35.0},{"not_picked":["ats:Consecutive Shot Auto+1","ats:Defend Order","ats:Ignite+1"],"picked":"ats:Soul Absorption+1","floor":36.0},{"not_picked":["ats:Curse Doll","ats:Defend Order","ats:Childhood Dance"],"picked":"ats:Apocalypse+1","floor":39.0},{"not_picked":["ats:Thermite Blade+1","ats:Red Shift+1","ats:Counter Healing Mode","ats:Thorns"],"picked":"SKIP","floor":40.0},{"not_picked":["ats:Curse Doll","ats:Very Hot Blade+1","ats:Poison Spread+1"],"picked":"ats:Apocalypse","floor":42.0},{"not_picked":["ats:Rapid Magazine","ats:Explosion Area Strengthen+1","ats:Shell Defense+1","ats:Cat Scratch+1"],"picked":"SKIP","floor":45.0},{"not_picked":["ats:Rapid Magazine","ats:Explosion Area Strengthen+1","ats:Shell Defense+1","ats:Cat Scratch+1"],"picked":"SKIP","floor":45.0},{"not_picked":["ats:Rapid Magazine","ats:Explosion Area Strengthen+1","ats:Shell Defense+1","ats:Cat Scratch+1"],"picked":"SKIP","floor":45.0},{"not_picked":["ats:Powerful Strike+1","ats:Poison Spread+1","ats:Leaping Hammer+1"],"picked":"ats:Flexible Camouflage+1","floor":46.0},{"not_picked":["ats:Poison Spread+1","ats:Very Hot Blade+1","ats:Flame Of Heaven","ats:Consecutive Shot Auto+1"],"picked":"SKIP","floor":48}],"player_experience":253780,"relics_obtained":[{"floor":6.0,"key":"ats:Originium"},{"floor":6.0,"key":"Happy Flower"},{"floor":9.0,"key":"Question Card"},{"floor":10.0,"key":"ats:Originium"},{"floor":10.0,"key":"FossilizedHelix"},{"floor":23.0,"key":"ats:Originium"},{"floor":23.0,"key":"Oddly Smooth Stone"},{"floor":26.0,"key":"WingedGreaves"},{"floor":29.0,"key":"Molten Egg 2"},{"floor":40.0,"key":"Omamori"},{"floor":43.0,"key":"Bottled Lightning"}],"event_choices":[{"damage_healed":0.0,"max_hp_gain":0.0,"max_hp_loss":0.0,"gold_gain":0.0,"event_name":"Upgrade Shrine","player_choice":"Upgraded","floor":2.0,"gold_loss":0.0,"damage_taken":0.0,"cards_upgraded":["ats:Emotion Absorption"]},{"damage_healed":0.0,"max_hp_gain":0.0,"max_hp_loss":5.0,"gold_gain":0.0,"event_name":"Golden Idol","player_choice":"Lose Max HP","floor":5.0,"gold_loss":0.0,"damage_taken":0.0,"relics_obtained":["Golden Idol"]},{"cards_removed":["ats:Strike V"],"damage_healed":0.0,"max_hp_gain":0.0,"max_hp_loss":0.0,"gold_gain":0.0,"event_name":"Wheel of Change","player_choice":"Card Removal","floor":13.0,"gold_loss":0.0,"damage_taken":0.0},{"damage_healed":0.0,"max_hp_gain":0.0,"max_hp_loss":0.0,"gold_gain":0.0,"event_name":"The Woman in Blue","player_choice":"Bought 1 Potion","floor":20.0,"gold_loss":0.0,"damage_taken":0.0},{"damage_healed":0.0,"max_hp_gain":0.0,"max_hp_loss":0.0,"gold_gain":99.0,"event_name":"Nest","player_choice":"Stole From Cult","floor":28.0,"gold_loss":0.0,"damage_taken":0.0},{"damage_healed":0.0,"max_hp_gain":0.0,"max_hp_loss":0.0,"gold_gain":0.0,"event_name":"The Mausoleum","player_choice":"Ignored","floor":30.0,"gold_loss":0.0,"damage_taken":0.0},{"damage_healed":0.0,"max_hp_gain":0.0,"max_hp_loss":0.0,"gold_gain":0.0,"event_name":"Wheel of Change","player_choice":"Damaged","floor":37.0,"gold_loss":0.0,"damage_taken":6.0}],"is_beta":false,"boss_relics":[{"not_picked":["Busted Crown","SlaversCollar"],"picked":"Empty Cage"},{"not_picked":["Black Star","SacredBark"],"picked":"Snecko Eye"}],"items_purged_floors":[19,27],"is_endless":false,"potions_floor_spawned":[3,6,18,23,29,33,39,40,46],"ascension_level":1}}