{"host":"ypphcgdomtfqpc2w","time":1610978020,"event":{"mods":["BaseMod","DeckTracker","Minty Spire (QoL Compilation)","Relic Stats","StSLib"],"gold_per_floor":[99,99,99,99,10,10,10,10,10,10,0,0,0,0,0,0,0,0,0,0,0,0,0,0,0,0,0,0,0,0,0,0,0,0,0,0,0,0,0,0,0,0,0,0,0,0,0,0,0,0,0,0],"floor_reached":51,"language":"ENG","playtime":3928,"items_purged":[],"score":1729,"play_id":"b19ce5c5-f766-4cb6-9a92-49629aeffe41","local_time":"20210118225340","is_ascension_mode":true,"campfire_choices":[{"data":"Carnage","floor":6.0,"key":"SMITH"},{"data":"Bash","floor":8.0,"key":"SMITH"},{"data":"Armaments","floor":15.0,"key":"SMITH"},{"data":"True Grit","floor":25.0,"key":"SMITH"},{"data":"Shrug It Off","floor":27.0,"key":"SMITH"},{"floor":29.0,"key":"REST"},{"floor":32.0,"key":"REST"},{"data":"Demon Form","floor":41.0,"key":"SMITH"},{"floor":49.0,"key":"RECALL"}],"circlet_count":0,"master_deck":["AscendersBane","Strike_R","Strike_R","Strike_R","Defend_R","Defend_R","Defend_R","Bash+1","Shrug It Off+1","Pommel Strike","Carnage+1","Evolve","True Grit+1","Power Through","Rampage","Thunderclap","Shrug It Off","Dropkick","Armaments+1","Demon Form+1","Pommel Strike+1","Pommel Strike+1","Clothesline+1","Pommel Strike+1","Metallicize","Reaper","Headbutt","Feel No Pain","Battle Trance","Power Through+1","Feel No Pain+1","Shrug It Off+1"],"relics":["Ectoplasm","StrikeDummy","Mercury Hourglass","MawBank","Blood Vial","Velvet Choker","Question Card","Orichalcum","Black Star","Toxic Egg 2","Lizard Tail","Champion Belt","Frozen Egg 2","Molten Egg 2","Art of War","Smiling Mask","Old Coin","Whetstone"],"acts_visited":["Exordium","TheCity","TheBeyond"],"potions_floor_usage":[50,50],"damage_taken":[{"damage":0.0,"enemies":"Small Slimes","floor":1.0,"turns":3.0},{"damage":0.0,"enemies":"Cultist","floor":2.0,"turns":3.0},{"damage":7.0,"enemies":"Jaw Worm","floor":3.0,"turns":2.0},{"damage":7.0,"enemies":"3 Sentries","floor":7.0,"turns":7.0},{"damage":10.0,"enemies":"Lagavulin","floor":10.0,"turns":6.0},{"damage":2.0,"enemies":"Exordium Thugs","floor":11.0,"turns":4.0},{"damage":1.0,"enemies":"Lots of Slimes","floor":12.0,"turns":2.0},{"damage":3.0,"enemies":"Gremlin Nob","floor":14.0,"turns":3.0},{"damage":0.0,"enemies":"Slime Boss","floor":16.0,"turns":5.0},{"damage":16.0,"enemies":"Shell Parasite","floor":18.0,"turns":4.0},{"damage":1.0,"enemies":"Spheric Guardian","floor":19.0,"turns":4.0},{"damage":16.0,"enemies":"Chosen and Byrds","floor":21.0,"turns":5.0},{"damage":39.0,"enemies":"Book of Stabbing","floor":23.0,"turns":4.0},{"damage":31.0,"enemies":"Snake Plant","floor":28.0,"turns":5.0},{"damage":0.0,"enemies":"Gremlin Leader","floor":30.0,"turns":5.0},{"damage":5.0,"enemies":"Centurion and Healer","floor":31.0,"turns":5.0},{"damage":41.0,"enemies":"Champ","floor":33.0,"turns":8.0},{"damage":0.0,"enemies":"Orb Walker","floor":35.0,"turns":3.0},{"damage":32.0,"enemies":"3 Darklings","floor":36.0,"turns":16.0},{"damage":46.0,"enemies":"Spire Growth","floor":39.0,"turns":7.0},{"damage":26.0,"enemies":"Nemesis","floor":40.0,"turns":7.0},{"damage":40.0,"enemies":"Reptomancer","floor":42.0,"turns":7.0},{"damage":65.0,"enemies":"Nemesis","floor":44.0,"turns":9.0},{"damage":7.0,"enemies":"Writhing Mass","floor":45.0,"turns":11.0},{"damage":29.0,"enemies":"Transient","floor":46.0,"turns":6.0},{"damage":0.0,"enemies":"4 Shapes","floor":47.0,"turns":9.0},{"damage":36.0,"enemies":"Giant Head","floor":48.0,"turns":10.0},{"damage":44,"enemies":"Donu and Deca","floor":50,"turns":12},{"damage":58,"enemies":"Time Eater","floor":51,"turns":10}],"seed_played":"4030558055169679779","potions_obtained":[{"floor":2.0,"key":"LiquidMemories"},{"floor":3.0,"key":"Dexterity Potion"},{"floor":14.0,"key":"BloodPotion"},{"floor":20.0,"key":"Regen Potion"},{"floor":20.0,"key":"Regen Potion"},{"floor":28.0,"key":"BlessingOfTheForge"},{"floor":31.0,"key":"DistilledChaos"},{"floor":40.0,"key":"ColorlessPotion"},{"floor":42.0,"key":"PowerPotion"},{"floor":44.0,"key":"BlessingOfTheForge"},{"floor":46.0,"key":"SpeedPotion"},{"floor":48.0,"key":"Block Potion"}],"is_trial":false,"path_per_floor":["M","M","M","?","$","R","E","R","T","E","M","M","?","E","R","B",null,"M","M","?","M","$","E","?","R","T","R","M","R","E","M","R","B",null,"M","M","?","?","M","E","R","E","T","E","M","M","M","E","R","B","B"],"character_chosen":"IRONCLAD","items_purchased":["Evolve","True Grit"],"campfire_rested":2,"item_purchase_floors":[5,5],"current_hp_per_floor":[68,68,61,61,61,61,54,54,54,44,42,41,41,38,38,40,66,52,53,68,54,54,17,17,17,17,17,22,44,46,43,65,26,63,65,75,75,71,48,40,40,27,27,32,30,10,45,49,49,38,0,0],"gold":0,"neow_bonus":"BOSS_RELIC","is_daily":false,"chose_seed":false,"campfire_upgraded":6,"win_rate":0.0,"timestamp":1610978020,"path_taken":["M","M","M","?","$","R","E","R","T","E","?","M","?","E","R","BOSS","M","M","?","?","?","E","?","R","T","R","M","R","E","M","R","BOSS","M","M","?","?","M","E","R","E","T","E","M","M","M","E","R","BOSS","BOSS"],"items_purchased_type":["Card","Card"],"build_version":"2020-12-22","purchased_purges":0,"victory":false,"max_hp_per_floor":[75,75,75,75,75,75,75,75,75,75,75,75,75,75,75,75,75,75,75,75,75,75,75,75,75,75,75,75,75,75,75,75,75,75,75,75,75,71,71,71,71,71,71,71,71,71,71,71,71,71,71,71],"relic_stats":{"counters":[29,181],"Whetstone":["Pommel Strike","Clothesline"],"Orichalcum":[162],"MawBank":0,"Question Card":14,"Smiling Mask":0,"Mercury Hourglass":[580],"Blood Vial":40,"Lizard Tail":35,"Ectoplasm":1540,"Black Star":4,"Art of War":[11],"Champion Belt":[12],"obtain_stats":[{"Velvet Choker":17,"Whetstone":48,"Orichalcum":30,"Frozen Egg 2":42,"MawBank":10,"Question Card":23,"Smiling Mask":44,"Burning Blood":0,"Mercury Hourglass":9,"Old Coin":48,"Blood Vial":14,"Lizard Tail":40,"Molten Egg 2":43,"Ectoplasm":0,"Black Star":34,"Art of War":44,"Champion Belt":42,"Toxic Egg 2":40,"StrikeDummy":7},{"Velvet Choker":9,"Whetstone":27,"Orichalcum":15,"Frozen Egg 2":22,"MawBank":5,"Question Card":13,"Smiling Mask":23,"Burning Blood":0,"Mercury Hourglass":4,"Old Coin":27,"Blood Vial":8,"Lizard Tail":21,"Molten Egg 2":22,"Ectoplasm":0,"Black Star":17,"Art of War":23,"Champion Belt":22,"Toxic Egg 2":21,"StrikeDummy":4},{"Velvet Choker":35,"Whetstone":159,"Orichalcum":62,"Frozen Egg 2":115,"MawBank":21,"Question Card":52,"Smiling Mask":123,"Burning Blood":0,"Mercury Hourglass":15,"Old Coin":159,"Blood Vial":30,"Lizard Tail":108,"Molten Egg 2":115,"Ectoplasm":0,"Black Star":75,"Art of War":123,"Champion Belt":115,"Toxic Egg 2":108,"StrikeDummy":15}]},"card_choices":[{"not_picked":["Sword Boomerang","Thunderclap"],"picked":"Shrug It Off","floor":1.0},{"not_picked":["True Grit","Dropkick"],"picked":"Pommel Strike","floor":2.0},{"not_picked":["Sentinel","Feel No Pain"],"picked":"Carnage","floor":3.0},{"not_picked":["Cleave","Double Tap"],"picked":"Power Through","floor":7.0},{"not_picked":["Cleave","Corruption"],"picked":"Rampage","floor":10.0},{"not_picked":["Warcry","Clothesline"],"picked":"Thunderclap","floor":11.0},{"not_picked":["True Grit","Clash"],"picked":"Shrug It Off","floor":12.0},{"not_picked":["Dark Embrace","Perfected Strike"],"picked":"Armaments","floor":14.0},{"not_picked":["Offering","Berserk"],"picked":"Demon Form","floor":16.0},{"not_picked":["Dual Wield","Spot Weakness"],"picked":"Pommel Strike","floor":18.0},{"not_picked":["Cleave","Burning Pact+1"],"picked":"Pommel Strike+1","floor":19.0},{"not_picked":["Sword Boomerang","Warcry+1","Hemokinesis"],"picked":"SKIP","floor":21.0},{"not_picked":["Sword Boomerang","Warcry+1","Hemokinesis"],"picked":"SKIP","floor":21.0},{"not_picked":["Thunderclap+1","Heavy Blade","Corruption"],"picked":"SKIP","floor":23.0},{"not_picked":["Body Slam+1","Heavy Blade","Warcry","Clothesline"],"picked":"SKIP","floor":28.0},{"not_picked":["Body Slam+1","Heavy Blade","Warcry"],"picked":"Clothesline","floor":28.0},{"not_picked":["Warcry","Evolve","Spot Weakness"],"picked":"Pommel Strike+1","floor":30.0},{"not_picked":["Headbutt+1","Iron Wave","Pommel Strike"],"picked":"Metallicize","floor":31.0},{"not_picked":["Feed","Fiend Fire","Juggernaut"],"picked":"Reaper","floor":33.0},{"not_picked":["Iron Wave","Headbutt","Carnage","Pommel Strike"],"picked":"SKIP","floor":35.0},{"not_picked":["Iron Wave","Carnage","Pommel Strike"],"picked":"Headbutt","floor":35.0},{"not_picked":["Intimidate","Pommel Strike","Clash"],"picked":"Feel No Pain","floor":36.0},{"not_picked":["Armaments","Clothesline","Anger"],"picked":"Battle Trance","floor":39.0},{"not_picked":["Iron Wave+1","Evolve","Berserk"],"picked":"Power Through+1","floor":40.0},{"not_picked":["Iron Wave+1","Sword Boomerang","Entrench+1","Clash"],"picked":"SKIP","floor":42.0},{"not_picked":["Rampage+1","Iron Wave+1","Heavy Blade+1"],"picked":"Feel No Pain+1","floor":44.0},{"not_picked":["Thunderclap+1","Anger+1","Flex+1","Twin Strike+1"],"picked":"SKIP","floor":45.0},{"not_picked":["Clash+1","Juggernaut+1","Heavy Blade+1","Carnage+1"],"picked":"SKIP","floor":46.0},{"not_picked":["Twin Strike+1","Body Slam+1","Fire Breathing+1","Clash+1"],"picked":"SKIP","floor":47.0},{"not_picked":["Iron Wave+1","Anger+1","Pommel Strike+1"],"picked":"Shrug It Off+1","floor":48.0}],"player_experience":2047072,"relics_obtained":[{"floor":7.0,"key":"StrikeDummy"},{"floor":9.0,"key":"Mercury Hourglass"},{"floor":10.0,"key":"MawBank"},{"floor":14.0,"key":"Blood Vial"},{"floor":23.0,"key":"Question Card"},{"floor":30.0,"key":"Orichalcum"},{"floor":40.0,"key":"Toxic Egg 2"},{"floor":40.0,"key":"Lizard Tail"},{"floor":42.0,"key":"Champion Belt"},{"floor":42.0,"key":"Frozen Egg 2"},{"floor":43.0,"key":"Molten Egg 2"},{"floor":44.0,"key":"Art of War"},{"floor":44.0,"key":"Smiling Mask"},{"floor":48.0,"key":"Old Coin"},{"floor":48.0,"key":"Whetstone"}],"event_choices":[{"cards_removed":["Strike_R"],"damage_healed":0.0,"max_hp_gain":0.0,"max_hp_loss":0.0,"gold_gain":0.0,"event_name":"Wheel of Change","player_choice":"Card Removal","floor":4.0,"gold_loss":0.0,"damage_taken":0.0},{"damage_healed":0.0,"max_hp_gain":0.0,"max_hp_loss":0.0,"gold_gain":0.0,"cards_transformed":["Defend_R"],"event_name":"Transmorgrifier","player_choice":"Transformed","floor":13.0,"gold_loss":0.0,"damage_taken":0.0,"cards_obtained":["Dropkick"]},{"damage_healed":0.0,"max_hp_gain":0.0,"max_hp_loss":0.0,"gold_gain":0.0,"event_name":"Lab","player_choice":"Got Potions","floor":20.0,"gold_loss":0.0,"damage_taken":0.0},{"damage_healed":0.0,"max_hp_gain":0.0,"max_hp_loss":0.0,"gold_gain":0.0,"event_name":"FaceTrader","player_choice":"Leave","floor":24.0,"gold_loss":0.0,"damage_taken":0.0},{"cards_removed":["Strike_R"],"damage_healed":0.0,"max_hp_gain":0.0,"max_hp_loss":0.0,"gold_gain":0.0,"event_name":"Falling","player_choice":"Removed Attack","floor":37.0,"gold_loss":0.0,"damage_taken":0.0},{"damage_healed":0.0,"max_hp_gain":0.0,"max_hp_loss":4.0,"gold_gain":0.0,"event_name":"Winding Halls","player_choice":"Max HP","floor":38.0,"gold_loss":0.0,"damage_taken":0.0}],"is_beta":false,"boss_relics":[{"not_picked":["Runic Pyramid","Cursed Key"],"picked":"Velvet Choker"},{"not_picked":["Calling Bell","Sozu"],"picked":"Black Star"}],"items_purged_floors":[],"is_endless":false,"potions_floor_spawned":[2,3,10,14,28,31,40,42,44,46,48],"killed_by":"Time Eater","ascension_level":20}}