{"host":"x8gxsinbf7j7wbos","time":1610961735,"event":{"mods":["AchievementEnabler","BaseMod","Better Note","BetterRewards","Colored Powertips","Curses Come First","Minty Spire (QoL Compilation)","Permanent Neow","Poor People Problems","Robot Space Explorer","StSLib"],"gold_per_floor":[117,117,117,117,67,103,103,143,191,191,20,40,60,101,101,227,227,227,227,227,4,4,4,4,4,4,4,4,4,4,4,4,4,4,4,4,0,0,0,0,0,0,0,0,0,0,0,0,0,0],"floor_reached":51,"language":"ENG","playtime":4984,"items_purged":["RobotSpaceExplorer:Strike","RobotSpaceExplorer:Strike","RobotSpaceExplorer:Strike","RobotSpaceExplorer:Defend"],"score":1091,"play_id":"045b1437-23ca-4ceb-b233-3727800eb042","local_time":"20210118172215","is_ascension_mode":true,"campfire_choices":[{"floor":7,"key":"REST"},{"floor":10,"key":"REST"},{"data":"Enlightenment","floor":15,"key":"SMITH"},{"data":"RobotSpaceExplorer:LaserBurst","floor":23,"key":"SMITH"},{"data":"RobotSpaceExplorer:MiniLasers","floor":27,"key":"SMITH"},{"data":"RobotSpaceExplorer:Counterblock","floor":32,"key":"SMITH"},{"data":"RobotSpaceExplorer:DroneSwarm","floor":40,"key":"SMITH"},{"data":"RobotSpaceExplorer:SurgingShield","floor":42,"key":"SMITH"},{"floor":45,"key":"REST"},{"data":"RobotSpaceExplorer:DoubleBlock","floor":49,"key":"SMITH"}],"circlet_count":0,"master_deck":["RobotSpaceExplorer:Strike","RobotSpaceExplorer:Defend","RobotSpaceExplorer:Defend","RobotSpaceExplorer:Defend","RobotSpaceExplorer:Scan","RobotSpaceExplorer:MiniLasers+1","RobotSpaceExplorer:Jetpack","RobotSpaceExplorer:LaserBurst+1","RobotSpaceExplorer:TurboDodge+1","RobotSpaceExplorer:MetalStrike+1","Enlightenment+1","RobotSpaceExplorer:GearShield","RobotSpaceExplorer:SurgingShield+1","RobotSpaceExplorer:Counterblock+1","RobotSpaceExplorer:LaserBurst+1","RobotSpaceExplorer:RigExplosive","RobotSpaceExplorer:BlastShield","RobotSpaceExplorer:FreezeRay","RobotSpaceExplorer:DoubleBlock+1","RobotSpaceExplorer:PowerGlove","RobotSpaceExplorer:FreezeRay+1","RobotSpaceExplorer:MakeshiftVolley","RobotSpaceExplorer:DroneSwarm+1","RobotSpaceExplorer:SurgingStrike+1","RobotSpaceExplorer:Fix+1"],"relics":["RobotSpaceExplorer:RoboCore","Oddly Smooth Stone","Art of War","Golden Idol","Omamori","Nunchaku","Vajra","Ornamental Fan","Ectoplasm","Toy Ornithopter","Pen Nib","Cursed Key","Red Mask","Bottled Lightning","White Beast Statue","Whetstone"],"acts_visited":["Exordium","TheCity","TheBeyond"],"potions_floor_usage":[6,14,18,24,24,24,33,33,35,39,41,44,50],"damage_taken":[{"damage":0,"enemies":"Small Slimes","floor":1,"turns":4},{"damage":25,"enemies":"Gremlin Nob","floor":6,"turns":5},{"damage":25,"enemies":"Lagavulin","floor":8,"turns":15},{"damage":0,"enemies":"Jaw Worm","floor":12,"turns":2},{"damage":0,"enemies":"2 Louse","floor":13,"turns":2},{"damage":2,"enemies":"3 Sentries","floor":14,"turns":7},{"damage":12,"enemies":"The Guardian","floor":16,"turns":16},{"damage":0,"enemies":"Chosen","floor":18,"turns":3},{"damage":0,"enemies":"Shell Parasite","floor":20,"turns":5},{"damage":0,"enemies":"Snecko","floor":22,"turns":4},{"damage":4,"enemies":"Slavers","floor":24,"turns":5},{"damage":6,"enemies":"Centurion and Healer","floor":25,"turns":8},{"damage":12,"enemies":"Chosen and Byrds","floor":29,"turns":6},{"damage":41,"enemies":"Collector","floor":33,"turns":13},{"damage":10,"enemies":"3 Darklings","floor":35,"turns":7},{"damage":2,"enemies":"Orb Walker","floor":36,"turns":4},{"damage":10,"enemies":"Spire Growth","floor":39,"turns":5},{"damage":4,"enemies":"4 Shapes","floor":41,"turns":5},{"damage":34,"enemies":"Giant Head","floor":44,"turns":10},{"damage":0,"enemies":"Time Eater","floor":50,"turns":10}],"seed_played":"4371801755314618403","potions_obtained":[{"floor":13,"key":"RobotSpaceExplorer:LiquidFusion"},{"floor":16,"key":"FairyPotion"},{"floor":22,"key":"ColorlessPotion"},{"floor":35,"key":"DuplicationPotion"},{"floor":44,"key":"Energy Potion"}],"is_trial":false,"path_per_floor":["M","?","?","?","$","E","R","E","T","R","$","M","M","E","R","B",null,"M","?","M","$","M","R","E","M","T","R","$","M","?","$","R","B",null,"M","M","?","?","M","R","M","R","T","E","R","$","?","T","R","B",null],"character_chosen":"RobotSpaceExplorer","items_purchased":["Oddly Smooth Stone","RobotSpaceExplorer:Jetpack","RobotSpaceExplorer:LaserBurst","RobotSpaceExplorer:IronShell","RobotSpaceExplorer:TurboDodge","Art of War","RobotSpaceExplorer:MetalStrike","Enlightenment","Strength Potion","RobotSpaceExplorer:SurgingShield","RobotSpaceExplorer:PowerGlove"],"campfire_rested":3,"item_purchase_floors":[0,0,0,0,0,0,0,0,5,11,21],"current_hp_per_floor":[59,59,64,49,49,24,46,21,21,43,43,43,43,41,41,29,74,74,74,74,74,74,74,70,64,64,64,64,52,52,52,52,21,74,64,62,62,62,57,57,58,58,58,29,51,51,51,51,51,62],"gold":0,"neow_bonus":"","is_daily":false,"chose_seed":false,"campfire_upgraded":7,"win_rate":0.0,"timestamp":1610961735,"path_taken":["M","?","?","?","$","E","R","E","T","R","$","M","M","E","R","BOSS","M","?","M","$","M","R","E","M","T","R","$","M","?","?","R","BOSS","M","?","?","?","M","R","M","R","T","E","R","$","?","?","R","BOSS"],"items_purchased_type":["Relic","Card","Card","Card","Card","Relic","Card","Card","Potion","Card","Card"],"build_version":"2020-12-22","purchased_purges":4,"victory":true,"max_hp_per_floor":[75,69,74,74,74,74,74,74,74,74,74,74,74,74,74,74,74,74,74,74,74,74,74,74,74,74,74,74,74,74,74,74,74,74,74,74,74,74,74,74,74,74,74,74,74,74,74,74,74,74],"card_choices":[{"not_picked":["RobotSpaceExplorer:StunGrenade","RobotSpaceExplorer:SwiftStep"],"picked":"RobotSpaceExplorer:GearShield","floor":1},{"not_picked":["RobotSpaceExplorer:ScrapMissile","RobotSpaceExplorer:SurgingStrike","RobotSpaceExplorer:Probe"],"picked":"SKIP","floor":6},{"not_picked":["RobotSpaceExplorer:ScrapShield","RobotSpaceExplorer:MiniDrones","RobotSpaceExplorer:MetalStrike"],"picked":"SKIP","floor":8},{"not_picked":["RobotSpaceExplorer:GlueShot","RobotSpaceExplorer:ScrapMissile"],"picked":"RobotSpaceExplorer:Counterblock","floor":12},{"not_picked":["RobotSpaceExplorer:SlimeMissile","RobotSpaceExplorer:StunGrenade"],"picked":"RobotSpaceExplorer:LaserBurst","floor":13},{"not_picked":["RobotSpaceExplorer:Explosion","RobotSpaceExplorer:MiniDrones"],"picked":"RobotSpaceExplorer:RigExplosive","floor":14},{"not_picked":["RobotSpaceExplorer:HighVoltage","RobotSpaceExplorer:Asteroid"],"picked":"RobotSpaceExplorer:BlastShield","floor":16},{"not_picked":["RobotSpaceExplorer:JunkDive","RobotSpaceExplorer:Ammunition"],"picked":"RobotSpaceExplorer:FreezeRay","floor":18},{"not_picked":["RobotSpaceExplorer:SelfCleaning+1","RobotSpaceExplorer:ShockKick","RobotSpaceExplorer:Ammunition+1"],"picked":"SKIP","floor":20},{"not_picked":["RobotSpaceExplorer:ScrapMissile","RobotSpaceExplorer:SwiftStep"],"picked":"RobotSpaceExplorer:FreezeRay+1","floor":22},{"not_picked":["RobotSpaceExplorer:PlasmaMissile","RobotSpaceExplorer:ImprovisedAttack","RobotSpaceExplorer:GlueShot+1"],"picked":"SKIP","floor":24},{"not_picked":["RobotSpaceExplorer:StarDust","RobotSpaceExplorer:ShovelStrike"],"picked":"RobotSpaceExplorer:MakeshiftVolley","floor":25},{"not_picked":["RobotSpaceExplorer:MetalStrike","RobotSpaceExplorer:Blitz","RobotSpaceExplorer:StarDust+1"],"picked":"SKIP","floor":29},{"not_picked":["RobotSpaceExplorer:HighVoltage","RobotSpaceExplorer:Multitool"],"picked":"RobotSpaceExplorer:DroneSwarm","floor":33},{"not_picked":["RobotSpaceExplorer:StunGrenade","RobotSpaceExplorer:ScrapMissile+1","RobotSpaceExplorer:MiniDrones+1"],"picked":"SKIP","floor":35},{"not_picked":["RobotSpaceExplorer:JunkDive+1","RobotSpaceExplorer:ImprovisedAttack","RobotSpaceExplorer:Jetpack"],"picked":"SKIP","floor":36},{"not_picked":["RobotSpaceExplorer:Jetpack+1","RobotSpaceExplorer:Ammunition+1"],"picked":"RobotSpaceExplorer:SurgingStrike","floor":39},{"not_picked":["RobotSpaceExplorer:ToxicBomb","RobotSpaceExplorer:StunGrenade","RobotSpaceExplorer:Blitz"],"picked":"SKIP","floor":41},{"not_picked":["RobotSpaceExplorer:ScrapShield","RobotSpaceExplorer:Electropulse"],"picked":"RobotSpaceExplorer:Fix+1","floor":44}],"player_experience":1051284,"relics_obtained":[{"floor":6,"key":"Omamori"},{"floor":8,"key":"Nunchaku"},{"floor":9,"key":"Vajra"},{"floor":14,"key":"Ornamental Fan"},{"floor":24,"key":"Toy Ornithopter"},{"floor":26,"key":"Pen Nib"},{"floor":43,"key":"Bottled Lightning"},{"floor":44,"key":"White Beast Statue"},{"floor":48,"key":"Whetstone"}],"event_choices":[{"damage_healed":0,"gold_gain":0,"player_choice":"Lose Max HP","damage_taken":0,"relics_obtained":["Golden Idol"],"max_hp_gain":0,"max_hp_loss":6,"event_name":"Golden Idol","floor":2,"gold_loss":0},{"damage_healed":0,"gold_gain":0,"player_choice":"Donut","damage_taken":0,"max_hp_gain":5,"max_hp_loss":0,"event_name":"Big Fish","floor":3,"gold_loss":0},{"damage_healed":0,"gold_gain":0,"player_choice":"Entered Light","damage_taken":15,"max_hp_gain":0,"max_hp_loss":0,"event_name":"Shining Light","floor":4,"gold_loss":0,"cards_upgraded":["RobotSpaceExplorer:TurboDodge","RobotSpaceExplorer:LaserBurst"]},{"damage_healed":0,"gold_gain":0,"player_choice":"Read","damage_taken":0,"max_hp_gain":0,"max_hp_loss":0,"event_name":"The Library","floor":19,"gold_loss":0,"cards_obtained":["RobotSpaceExplorer:DoubleBlock"]},{"damage_healed":0,"gold_gain":0,"player_choice":"Ignored","damage_taken":0,"max_hp_gain":0,"max_hp_loss":0,"event_name":"Ghosts","floor":30,"gold_loss":0},{"damage_healed":0,"gold_gain":0,"player_choice":"Paid","damage_taken":0,"relics_obtained":["Red Mask"],"max_hp_gain":0,"max_hp_loss":0,"event_name":"Tomb of Lord Red Mask","floor":37,"gold_loss":4},{"damage_healed":0,"gold_gain":0,"player_choice":"Memory 1","damage_taken":0,"max_hp_gain":0,"max_hp_loss":0,"event_name":"SensoryStone","floor":38,"gold_loss":0},{"cards_removed":["RobotSpaceExplorer:IronShell"],"damage_healed":0,"gold_gain":0,"player_choice":"Removed Skill","damage_taken":0,"max_hp_gain":0,"max_hp_loss":0,"event_name":"Falling","floor":47,"gold_loss":0}],"is_beta":false,"boss_relics":[{"not_picked":["SacredBark","Snecko Eye"],"picked":"Ectoplasm"},{"not_picked":["Calling Bell","Philosopher\u0027s Stone"],"picked":"Cursed Key"}],"items_purged_floors":[0,0,11,21],"is_endless":false,"potions_floor_spawned":[13,16,22,35,36,44],"ascension_level":4}}