{"host":"6azrrw3tf7wb0f4b","time":1610954117,"event":{"mods":["BaseMod","DeckTracker","Minty Spire (QoL Compilation)","SuperFastMode"],"gold_per_floor":[116,136,146,146,21,21,36,36,62,62,96,113,65,65,65,65,65],"floor_reached":16,"language":"KOR","playtime":350,"items_purged":["Strike_B"],"score":165,"play_id":"6f37e4d1-5f5c-4be1-b502-ff536aa5b4b0","local_time":"20210118161517","is_ascension_mode":true,"campfire_choices":[{"data":"Dualcast","floor":6,"key":"SMITH"},{"data":"Zap","floor":8,"key":"SMITH"},{"data":"Barrage","floor":15,"key":"SMITH"}],"circlet_count":0,"master_deck":["AscendersBane","Strike_B","Strike_B","Defend_B","Defend_B","Zap+1","Dualcast+1","Sweeping Beam","Cold Snap","Leap","Auto Shields","Coolheaded","Amplify","Glacier","Barrage+1","Compile Driver"],"relics":["Cracked Core","Tiny Chest","Potion Belt"],"acts_visited":["Exordium"],"potions_floor_usage":[11],"damage_taken":[{"damage":0,"enemies":"Small Slimes","floor":1,"turns":3},{"damage":1,"enemies":"Cultist","floor":2,"turns":3},{"damage":9,"enemies":"2 Louse","floor":3,"turns":3},{"damage":14,"enemies":"Large Slime","floor":7,"turns":7},{"damage":10,"enemies":"3 Sentries","floor":11,"turns":6},{"damage":0,"enemies":"Exordium Wildlife","floor":12,"turns":2},{"damage":37,"enemies":"Slime Boss","floor":16,"turns":12}],"seed_played":"1636804993933891000","potions_obtained":[{"floor":1,"key":"FearPotion"},{"floor":7,"key":"Explosive Potion"},{"floor":11,"key":"SmokeBomb"}],"is_trial":false,"path_per_floor":["M","M","M","?","$","R","M","R","T","$","E","M","$","?","R","B"],"character_chosen":"DEFECT","items_purchased":["Coolheaded","Compile Driver"],"campfire_rested":0,"item_purchase_floors":[5,13],"current_hp_per_floor":[68,67,58,58,58,58,44,44,44,44,34,34,34,27,27,0,0],"gold":65,"neow_bonus":"REMOVE_CARD","is_daily":false,"chose_seed":false,"campfire_upgraded":3,"win_rate":0.0,"timestamp":1610954117,"path_taken":["M","M","M","?","$","R","M","R","T","?","E","M","$","?","R","BOSS"],"items_purchased_type":["Card","Card"],"build_version":"2020-12-22","purchased_purges":1,"victory":false,"max_hp_per_floor":[75,75,75,75,75,75,75,75,75,75,75,75,75,75,75,75,75],"card_choices":[{"not_picked":["Consume","Go for the Eyes"],"picked":"Sweeping Beam","floor":1},{"not_picked":["Steam","Hologram"],"picked":"Cold Snap","floor":2},{"not_picked":["Redo","Tempest"],"picked":"Leap","floor":3},{"not_picked":["Beam Cell","Cold Snap"],"picked":"Amplify","floor":7},{"not_picked":["Biased Cognition","Reprogram"],"picked":"Glacier","floor":11},{"not_picked":["Leap","Redo"],"picked":"Barrage","floor":12}],"player_experience":726416,"relics_obtained":[{"floor":9,"key":"Tiny Chest"},{"floor":11,"key":"Potion Belt"}],"event_choices":[{"damage_healed":0,"gold_gain":0,"cards_transformed":["Defend_B"],"player_choice":"Transformed","damage_taken":0,"max_hp_gain":0,"max_hp_loss":0,"event_name":"Transmorgrifier","floor":4,"gold_loss":0,"cards_obtained":["Auto Shields"]},{"cards_removed":["Defend_B"],"damage_healed":0,"gold_gain":0,"player_choice":"Card Removal","damage_taken":7,"max_hp_gain":0,"max_hp_loss":0,"event_name":"Golden Wing","floor":14,"gold_loss":0}],"is_beta":false,"boss_relics":[],"items_purged_floors":[5],"is_endless":false,"potions_floor_spawned":[1,7,11],"killed_by":"Slime Boss","ascension_level":13}}