{"host":"rjfefv2ruvigm2gb","time":1610981662,"event":{"mods":["AchievementEnabler","AlwaysNeverKeys","Arknights The Spire","BaseMod","Card Forge","Curses Come First","Displayed Cursed Tome","Evolution","Fox Events","Gold Saver","Googly Eyes","HexUI Lib","Ironclad Rager","Mad Scientist","Minty Spire (QoL Compilation)","Permanent Neow","Poor People Problems","Quick Restart","Shop Mod","StS++","StSLib","SuperFastMode","The Sage","Virulent Crown"],"gold_per_floor":[906,906,906,871,946,946,946,946,972,997,997,1009,1041,1054,1054,1157,1157,1167,1167,1182,886,886,886,917,917,942,942,974,991,991,1011,1011,1111,1111,1121,1132,1148,1148,1198,1210,1063,1098,1098,1098,1132,1132,1164,1180,1180,1180,1180,1180,1180,1215,1215],"floor_reached":56,"language":"ENG","playtime":768,"items_purged":[],"score":2587,"play_id":"7d23e32b-b199-4ba7-bb3a-ac3dd9bcf0b8","local_time":"20210118085422","is_ascension_mode":true,"campfire_choices":[{"floor":6,"key":"REST"},{"floor":8,"key":"REST"},{"floor":15,"key":"REST"},{"floor":23,"key":"REST"},{"floor":25,"key":"REST"},{"floor":27,"key":"REST"},{"floor":32,"key":"REST"},{"floor":44,"key":"REST"},{"floor":49,"key":"REST"},{"floor":52,"key":"REST"}],"circlet_count":0,"master_deck":["AscendersBane","Adrenaline+1","Deadly Poison+1","Corpse Explosion+1","Adrenaline+1","Catalyst+1","Corpse Explosion+1","Deadly Poison+1","Catalyst+1","Adrenaline+1","Adrenaline+1","Catalyst+1","Adrenaline+1","Catalyst+1","Catalyst+1","Catalyst+1","Adrenaline+1","Catalyst+1","Catalyst+1"],"relics":["Ring of the Snake","Hammer of Thor","Seething Fire","Anvil of the Gods","EVO:Axolotl","Orichalcum","FossilizedHelix","Bag of Preparation","Busted Crown","Snake Skull","TwistedFunnel","Art of War","Blood Vial","Black Star","Mango","Bronze Scales","HornCleat","Oddly Smooth Stone","Pear","PreservedInsect","Toy Ornithopter","Nunchaku","Molten Egg 2","Centennial Puzzle","InkBottle"],"acts_visited":["Exordium","TheCity","TheBeyond","TheEnding"],"potions_floor_usage":[],"damage_taken":[{"damage":0,"enemies":"Jaw Worm","floor":1,"turns":1},{"damage":0,"enemies":"Lagavulin","floor":10,"turns":1},{"damage":0,"enemies":"Small Slimes","floor":12,"turns":1},{"damage":0,"enemies":"Gremlin Nob","floor":13,"turns":1},{"damage":0,"enemies":"2 Louse","floor":14,"turns":1},{"damage":0,"enemies":"The Guardian","floor":16,"turns":1},{"damage":0,"enemies":"Chosen","floor":18,"turns":1},{"damage":0,"enemies":"Spheric Guardian","floor":20,"turns":1},{"damage":0,"enemies":"Slavers","floor":24,"turns":1},{"damage":0,"enemies":"Gremlin Leader","floor":28,"turns":1},{"damage":0,"enemies":"Cultist and Chosen","floor":29,"turns":1},{"damage":0,"enemies":"Sentry and Sphere","floor":31,"turns":1},{"damage":0,"enemies":"Champ","floor":33,"turns":1},{"damage":0,"enemies":"3 Shapes","floor":35,"turns":1},{"damage":0,"enemies":"Orb Walker","floor":36,"turns":1},{"damage":0,"enemies":"Sphere and 2 Shapes","floor":37,"turns":1},{"damage":0,"enemies":"2 Orb Walkers","floor":39,"turns":1},{"damage":0,"enemies":"Spire Growth","floor":40,"turns":1},{"damage":0,"enemies":"Reptomancer","floor":42,"turns":1},{"damage":0,"enemies":"Nemesis","floor":45,"turns":1},{"damage":0,"enemies":"Giant Head","floor":47,"turns":1},{"damage":0,"enemies":"Writhing Mass","floor":48,"turns":1},{"damage":0,"enemies":"Donu and Deca","floor":50,"turns":1},{"damage":0,"enemies":"Shield and Spear","floor":54,"turns":1},{"damage":58,"enemies":"The Heart","floor":55,"turns":3}],"seed_played":"49639505636130736","potions_obtained":[{"floor":0,"key":"StSpp:SecondWindPotion"},{"floor":0,"key":"Swift Potion"},{"floor":35,"key":"Poison Potion"}],"is_trial":false,"path_per_floor":["M","?","?","?","?","R","$","R","T","E","$","M","E","M","R","B",null,"M","$","M","$","?","R","E","R","T","R","E","M","?","M","R","B",null,"M","M","M","?","?","M","$","E","T","R","E","?","E","M","R","B",null,"R","$","E","B",null],"character_chosen":"THE_SILENT","items_purchased":["Snake Skull","TwistedFunnel","Bronze Scales"],"campfire_rested":10,"item_purchase_floors":[21,21,41],"current_hp_per_floor":[63,70,63,77,66,77,77,77,77,77,77,77,77,77,77,77,77,77,77,77,77,77,77,77,77,77,77,77,77,77,77,77,77,77,77,77,77,73,87,87,87,87,97,97,97,97,97,97,97,97,97,97,97,97,39],"gold":1215,"neow_bonus":"THREE_SMALL_POTIONS","is_daily":false,"chose_seed":false,"campfire_upgraded":0,"win_rate":0.0,"timestamp":1610981662,"path_taken":["M","?","?","?","?","R","$","R","T","E","$","M","E","?","R","BOSS","M","?","?","$","?","R","E","R","T","R","E","?","?","M","R","BOSS","M","M","M","?","?","M","?","E","T","R","E","?","E","?","R","BOSS","R","$","E","BOSS"],"items_purchased_type":["Relic","Relic","Relic"],"build_version":"2020-12-22","purchased_purges":0,"victory":true,"max_hp_per_floor":[70,77,77,77,77,77,77,77,77,77,77,77,77,77,77,77,77,77,77,77,77,77,77,77,77,77,77,77,77,77,77,77,77,77,77,77,77,73,87,87,87,87,97,97,97,97,97,97,97,97,97,97,97,97,97],"card_choices":[{"not_picked":["Slice","Cloak And Dagger","Dash"],"picked":"SKIP","floor":1},{"not_picked":["Skewer","Dash","Dagger Spray"],"picked":"SKIP","floor":10},{"not_picked":["PiercingWail","All Out Attack","StSpp:StrikeFirst"],"picked":"SKIP","floor":12},{"not_picked":["Storm of Steel","Accuracy","StSpp:Throw"],"picked":"SKIP","floor":13},{"not_picked":["Calculated Gamble","Riddle With Holes","Flying Knee"],"picked":"SKIP","floor":14},{"not_picked":["Flechettes"],"picked":"SKIP","floor":18},{"not_picked":["Acrobatics"],"picked":"SKIP","floor":20},{"not_picked":["Poisoned Stab+1"],"picked":"SKIP","floor":24},{"not_picked":["Finisher"],"picked":"SKIP","floor":28},{"not_picked":["Finisher"],"picked":"SKIP","floor":28},{"not_picked":["StSpp:Throw"],"picked":"SKIP","floor":29},{"not_picked":["Catalyst+1"],"picked":"SKIP","floor":31},{"not_picked":["Slice"],"picked":"SKIP","floor":35},{"not_picked":["Slice"],"picked":"SKIP","floor":35},{"not_picked":["Sucker Punch+1"],"picked":"SKIP","floor":36},{"not_picked":["Prepared+1"],"picked":"SKIP","floor":37},{"not_picked":["Infinite Blades+1"],"picked":"SKIP","floor":40},{"not_picked":["Deadly Poison+1"],"picked":"SKIP","floor":42},{"not_picked":["StSpp:FiercePoison+1"],"picked":"SKIP","floor":45},{"not_picked":["Acrobatics+1"],"picked":"SKIP","floor":47},{"not_picked":["Dagger Throw+1"],"picked":"SKIP","floor":48},{"not_picked":["Underhanded Strike+1"],"picked":"SKIP","floor":54}],"player_experience":997899,"relics_obtained":[{"floor":9,"key":"Orichalcum"},{"floor":10,"key":"FossilizedHelix"},{"floor":13,"key":"Bag of Preparation"},{"floor":24,"key":"Art of War"},{"floor":28,"key":"Blood Vial"},{"floor":39,"key":"Mango"},{"floor":42,"key":"HornCleat"},{"floor":42,"key":"Oddly Smooth Stone"},{"floor":43,"key":"Pear"},{"floor":45,"key":"PreservedInsect"},{"floor":45,"key":"Toy Ornithopter"},{"floor":47,"key":"Nunchaku"},{"floor":47,"key":"Molten Egg 2"},{"floor":54,"key":"Centennial Puzzle"},{"floor":54,"key":"InkBottle"}],"event_choices":[{"cards_removed":["Clumsy"],"damage_healed":0,"gold_gain":0,"player_choice":"Card Removal","damage_taken":7,"max_hp_gain":0,"max_hp_loss":0,"event_name":"Golden Wing","floor":3,"gold_loss":0},{"damage_healed":19,"gold_gain":0,"player_choice":"Healed","damage_taken":0,"max_hp_gain":0,"max_hp_loss":0,"event_name":"The Cleric","floor":4,"gold_loss":35},{"damage_healed":0,"gold_gain":75,"player_choice":"Gather Gold","damage_taken":11,"max_hp_gain":0,"max_hp_loss":0,"event_name":"World of Goop","floor":5,"gold_loss":0},{"damage_healed":0,"gold_gain":0,"player_choice":"Ignored","damage_taken":0,"max_hp_gain":0,"max_hp_loss":0,"event_name":"Purifier","floor":22,"gold_loss":0},{"damage_healed":0,"gold_gain":0,"player_choice":"Ignored","damage_taken":0,"max_hp_gain":0,"max_hp_loss":0,"event_name":"Ghosts","floor":30,"gold_loss":0},{"damage_healed":0,"gold_gain":0,"player_choice":"Max HP","damage_taken":0,"max_hp_gain":0,"max_hp_loss":4,"event_name":"Winding Halls","floor":38,"gold_loss":0},{"damage_healed":0,"gold_gain":0,"player_choice":"Fight","damage_taken":0,"max_hp_gain":0,"max_hp_loss":0,"event_name":"Mysterious Sphere","floor":39,"gold_loss":0},{"cards_removed":["Catalyst"],"damage_healed":0,"gold_gain":0,"player_choice":"Removed Skill","damage_taken":0,"max_hp_gain":0,"max_hp_loss":0,"event_name":"Falling","floor":46,"gold_loss":0}],"is_beta":false,"boss_relics":[{"not_picked":["StSpp:Balance","WristBlade"],"picked":"Busted Crown"},{"not_picked":["StSpp:Magatama","Pandora\u0027s Box"],"picked":"Black Star"}],"items_purged_floors":[],"is_endless":false,"potions_floor_spawned":[1,14,16,18,28,35,40,42,45,47,54],"ascension_level":11}}