{"host":"bq4pt811tk9yrmjl","time":1610935500,"event":{"mods":["AchievementEnabler","BaseMod","Colored Map","Colored Powertips","Defuse TimeMaze Blight","Hermit","Minty Spire (QoL Compilation)","StSLib","SuperFastMode"],"gold_per_floor":[117,43,43,60,60,85,85,114,196,208,220,89,104,131,131,227,227,245,16,34,34,54,54,54],"floor_reached":23,"language":"ENG","playtime":520,"items_purged":[],"score":269,"play_id":"022fc904-bf3b-4958-ba86-5079c5a9fd0f","local_time":"20210118000500","is_ascension_mode":true,"campfire_choices":[{"data":"Noxious Fumes","floor":10,"key":"SMITH"},{"data":"Neutralize","floor":15,"key":"SMITH"}],"circlet_count":0,"master_deck":["Strike_G","Strike_G","Strike_G","Strike_G","Strike_G","Defend_G","Defend_G","Defend_G+1","Defend_G","Defend_G","Survivor","Neutralize+1","Noxious Fumes+1","Panacea","Dodge and Roll","Bane+1","Bullet Time","Noxious Fumes","Slice","Endless Agony+1"],"relics":["Ring of the Snake","NeowsBlessing","Omamori","MawBank","Pear","ClockworkSouvenir","Eternal Feather","Sozu","Lee\u0027s Waffle"],"acts_visited":["Exordium","TheCity"],"potions_floor_usage":[8,8,14,16],"damage_taken":[{"damage":0,"enemies":"Jaw Worm","floor":1,"turns":1},{"damage":0,"enemies":"Cultist","floor":4,"turns":2},{"damage":0,"enemies":"3 Sentries","floor":6,"turns":1},{"damage":5,"enemies":"Lagavulin","floor":8,"turns":6},{"damage":0,"enemies":"2 Louse","floor":13,"turns":2},{"damage":8,"enemies":"3 Sentries","floor":14,"turns":8},{"damage":30,"enemies":"Hexaghost","floor":16,"turns":12},{"damage":4,"enemies":"Shell Parasite","floor":18,"turns":6},{"damage":19,"enemies":"2 Thieves","floor":20,"turns":4},{"damage":16,"enemies":"Snecko","floor":22,"turns":6},{"damage":4,"enemies":"Book of Stabbing","floor":23,"turns":3}],"seed_played":"-5470358650671442268","potions_obtained":[{"floor":1,"key":"Poison Potion"},{"floor":6,"key":"Weak Potion"},{"floor":8,"key":"DuplicationPotion"},{"floor":13,"key":"Weak Potion"}],"is_trial":false,"path_per_floor":["M","$","?","M","?","E","?","E","T","R","T","$","M","E","R","B",null,"M","$","M","?","M","E"],"character_chosen":"THE_SILENT","items_purchased":["Noxious Fumes","ClockworkSouvenir","Lee\u0027s Waffle","Noxious Fumes"],"campfire_rested":0,"item_purchase_floors":[2,12,19,19],"current_hp_per_floor":[70,70,70,70,75,75,60,55,55,55,65,65,65,57,66,36,85,81,92,73,73,57,53,53],"gold":54,"neow_bonus":"THREE_ENEMY_KILL","is_daily":false,"chose_seed":false,"campfire_upgraded":2,"win_rate":0.0,"timestamp":1610935500,"path_taken":["M","$","?","?","?","E","?","E","T","R","?","?","?","E","R","BOSS","M","?","M","?","?","E"],"items_purchased_type":["Card","Relic","Relic","Card"],"build_version":"2020-12-22","purchased_purges":0,"victory":false,"max_hp_per_floor":[70,70,70,70,75,75,75,75,75,75,85,85,85,85,85,85,85,85,92,92,92,92,92,92],"card_choices":[{"not_picked":["Acrobatics","Crippling Poison","Prepared"],"picked":"SKIP","floor":1},{"not_picked":["Predator","Setup"],"picked":"Bane","floor":4},{"not_picked":["Tools of the Trade","Dagger Throw"],"picked":"Bullet Time","floor":6},{"not_picked":["Cloak And Dagger","Corpse Explosion","Deadly Poison"],"picked":"SKIP","floor":8},{"not_picked":["Sucker Punch","Setup","Backstab"],"picked":"SKIP","floor":13},{"not_picked":["Caltrops","Crippling Poison","Choke"],"picked":"SKIP","floor":14},{"not_picked":["Prepared","Sucker Punch","Infinite Blades"],"picked":"SKIP","floor":18},{"not_picked":["Catalyst","Acrobatics"],"picked":"Slice","floor":20},{"not_picked":["Sucker Punch+1","Deadly Poison"],"picked":"Endless Agony+1","floor":22}],"player_experience":178377,"relics_obtained":[{"floor":6,"key":"Omamori"},{"floor":8,"key":"MawBank"},{"floor":11,"key":"Pear"},{"floor":14,"key":"Eternal Feather"}],"event_choices":[{"damage_healed":0,"gold_gain":0,"player_choice":"2 cards matched","damage_taken":0,"max_hp_gain":0,"max_hp_loss":0,"event_name":"Match and Keep!","floor":3,"gold_loss":0,"cards_obtained":["Panacea","Dodge and Roll"]},{"damage_healed":0,"gold_gain":0,"player_choice":"Donut","damage_taken":0,"max_hp_gain":5,"max_hp_loss":0,"event_name":"Big Fish","floor":5,"gold_loss":0},{"damage_healed":0,"gold_gain":0,"player_choice":"Entered Light","damage_taken":15,"max_hp_gain":0,"max_hp_loss":0,"event_name":"Shining Light","floor":7,"gold_loss":0,"cards_upgraded":["Bane","Defend_G"]},{"damage_healed":0,"gold_gain":0,"player_choice":"Ignored","damage_taken":0,"max_hp_gain":0,"max_hp_loss":0,"event_name":"Transmorgrifier","floor":21,"gold_loss":0}],"is_beta":false,"boss_relics":[{"not_picked":["Philosopher\u0027s Stone","WristBlade"],"picked":"Sozu"}],"items_purged_floors":[],"is_endless":false,"potions_floor_spawned":[1,6,8,13,18,20],"killed_by":"Book of Stabbing","ascension_level":1}}