{"host":"jpcy2bclvs7juczu","time":1610950189,"event":{"mods":["AchievementEnabler","BaseMod","Block Reminder","Colored Map","Colored Powertips","Curses Come First","Dark Map","Minty Spire (QoL Compilation)","Quick Restart","Relic Stats","StSLib","ojb\u0027s Better Paths Mod","ojb\u0027s Info Mod","slay the spire mod where everything is the same but ironclad has a cowboy hat"],"gold_per_floor":[117,117,136,146,162,200,200,200,200,200,200],"floor_reached":10,"language":"ENG","playtime":257,"items_purged":[],"score":136,"play_id":"951f3194-d951-4e8c-a4fc-5f49feec9206","local_time":"20210118060949","is_ascension_mode":true,"campfire_choices":[{"data":"Twin Strike","floor":8,"key":"SMITH"}],"circlet_count":0,"master_deck":["AscendersBane","Strike_R","Strike_R","Strike_R","Strike_R","Defend_R","Defend_R","Defend_R","Defend_R","Bash","Thunderclap","Pommel Strike","Twin Strike+1","Dropkick","Shrug It Off"],"relics":["Coffee Dripper","CeramicFish"],"acts_visited":["Exordium"],"potions_floor_usage":[6],"damage_taken":[{"damage":0,"enemies":"Cultist","floor":1,"turns":3},{"damage":7,"enemies":"Jaw Worm","floor":3,"turns":3},{"damage":3,"enemies":"2 Louse","floor":4,"turns":2},{"damage":8,"enemies":"Large Slime","floor":5,"turns":4},{"damage":18,"enemies":"Lagavulin","floor":6,"turns":5},{"damage":32,"enemies":"3 Sentries","floor":10,"turns":5}],"seed_played":"-3949521038231310158","potions_obtained":[{"floor":5,"key":"Block Potion"}],"is_trial":false,"path_per_floor":["M","?","M","M","M","E","?","R","T","E"],"character_chosen":"IRONCLAD","items_purchased":[],"campfire_rested":0,"item_purchase_floors":[],"current_hp_per_floor":[68,68,61,58,50,32,32,32,32,0,0],"gold":200,"neow_bonus":"BOSS_RELIC","is_daily":false,"chose_seed":false,"campfire_upgraded":1,"win_rate":0.0,"timestamp":1610950189,"path_taken":["M","?","?","M","M","E","?","R","T","E"],"items_purchased_type":[],"build_version":"2020-12-22","purchased_purges":0,"victory":false,"max_hp_per_floor":[75,75,75,75,75,75,75,75,75,75,75],"relic_stats":{"counters":[6,22],"CeramicFish":9,"obtain_stats":[{"CeramicFish":6,"Coffee Dripper":0,"Burning Blood":0},{"CeramicFish":5,"Coffee Dripper":0,"Burning Blood":0},{"CeramicFish":17,"Coffee Dripper":0,"Burning Blood":0}]},"card_choices":[{"not_picked":["Heavy Blade","Anger"],"picked":"Thunderclap","floor":1},{"not_picked":["Cleave","Second Wind"],"picked":"Pommel Strike","floor":3},{"not_picked":["Inflame","Cleave"],"picked":"Twin Strike","floor":4},{"not_picked":["Metallicize","Searing Blow"],"picked":"Dropkick","floor":5},{"not_picked":["Armaments","Thunderclap"],"picked":"Shrug It Off","floor":6}],"player_experience":416442,"relics_obtained":[{"floor":6,"key":"CeramicFish"}],"event_choices":[{"cards_removed":["Strike_R"],"damage_healed":0,"gold_gain":0,"player_choice":"Offered Basic","damage_taken":0,"max_hp_gain":0,"max_hp_loss":0,"event_name":"Bonfire Elementals","floor":2,"gold_loss":0},{"damage_healed":0,"gold_gain":0,"player_choice":"Ignored","damage_taken":0,"max_hp_gain":0,"max_hp_loss":0,"event_name":"Golden Wing","floor":7,"gold_loss":0}],"is_beta":false,"boss_relics":[],"items_purged_floors":[],"is_endless":false,"potions_floor_spawned":[5],"killed_by":"3 Sentries","ascension_level":20}}