{"host":"osk2oboccoevp2u5","time":1610940622,"event":{"mods":["AchievementEnabler","Alarm Clock","BaseMod","Colored Powertips","Disable Question Mark Monsters","Displayed Cursed Tome","Key Reminder","Minty Spire (QoL Compilation)","Potion Indicator Mod","Quick Restart","Rare Cards Sparkle","Reorder Act Four","StSLib","Steal the Spire","The Wild Card","Useless Jewels Mod"],"gold_per_floor":[115,125,125,125,4,4,24,52,79,91,116,146,183,28,28,129,129,113,113,28,42,54,73,105,105,105,119,65,65,90,102,102,102,102],"floor_reached":33,"language":"ENG","playtime":5128,"items_purged":["theWildCard:BasicStrike","theWildCard:TheGreatSeal"],"score":342,"play_id":"f831a242-28dd-48ea-b7bb-b1dcea535295","local_time":"20210117233022","is_ascension_mode":true,"campfire_choices":[{"data":"theWildCard:Sakuya","floor":6,"key":"SMITH"},{"floor":10,"key":"REST"},{"data":"theWildCard:ShieldOfMany","floor":15,"key":"SMITH"},{"floor":25,"key":"REST"},{"floor":32,"key":"REST"}],"circlet_count":0,"master_deck":["theWildCard:BasicStrike","theWildCard:BasicStrike","theWildCard:BasicDefend","theWildCard:BasicDefend","theWildCard:BasicDefend","theWildCard:BasicDefend","theWildCard:CallToAdventure","theWildCard:Arsene","theWildCard:Polydeuces","theWildCard:SeveringSlash","Blind","theWildCard:ArcaneArts","theWildCard:Sakuya+1","theWildCard:ArcanaArtistry","theWildCard:ManOfManyFaces","theWildCard:ManOfManyFaces","theWildCard:SeveringSlash","theWildCard:TheArcanaUnleashed","theWildCard:ShieldOfMany+1","theWildCard:TheArcanaUnleashed","theWildCard:BladeOfGenerations+1","Writhe","theWildCard:SeveringSlash","theWildCard:StingingStrike","theWildCard:ArcaneArts","theWildCard:Odin","theWildCard:Proficiency"],"relics":["theWildCard:VelvetContract","Akabeko","keyreminder:keyreminder","MawBank","Strawberry","Runic Pyramid","Ancient Tea Set","uselessJewelsMod:UselessJewelsRelic","Gremlin Horn","Sundial","HornCleat"],"acts_visited":["Exordium","TheCity"],"potions_floor_usage":[8,13,16,21,30,30,30],"damage_taken":[{"damage":1,"enemies":"2 Louse","floor":1,"turns":3},{"damage":0,"enemies":"Cultist","floor":2,"turns":5},{"damage":0,"enemies":"Small Slimes","floor":7,"turns":4},{"damage":59,"enemies":"3 Sentries","floor":8,"turns":20},{"damage":0,"enemies":"3 Louse","floor":11,"turns":5},{"damage":8,"enemies":"Lots of Slimes","floor":12,"turns":7},{"damage":33,"enemies":"Gremlin Nob","floor":13,"turns":5},{"damage":14,"enemies":"Hexaghost","floor":16,"turns":30},{"damage":20,"enemies":"2 Thieves","floor":18,"turns":4},{"damage":1,"enemies":"Chosen","floor":21,"turns":6},{"damage":17,"enemies":"Snake Plant","floor":22,"turns":7},{"damage":8,"enemies":"Chosen and Byrds","floor":23,"turns":7},{"damage":54,"enemies":"Slavers","floor":24,"turns":11},{"damage":5,"enemies":"Cultist and Chosen","floor":27,"turns":8},{"damage":4,"enemies":"Book of Stabbing","floor":30,"turns":7},{"damage":0,"enemies":"Snecko","floor":31,"turns":8},{"damage":32,"enemies":"Collector","floor":33,"turns":8}],"seed_played":"2909294820060225739","potions_obtained":[{"floor":1,"key":"Explosive Potion"},{"floor":11,"key":"Weak Potion"},{"floor":13,"key":"Fire Potion"},{"floor":18,"key":"Swift Potion"},{"floor":29,"key":"SteroidPotion"},{"floor":29,"key":"LiquidBronze"},{"floor":29,"key":"FearPotion"},{"floor":31,"key":"Weak Potion"}],"is_trial":false,"path_per_floor":["M","M","?","?","$","R","M","E","T","R","M","M","E","$","R","B",null,"M","?","?","M","M","M","E","R","T","M","$","?","E","M","R","B"],"character_chosen":"THE_WILD_CARD","items_purchased":["theWildCard:Sakuya","theWildCard:ShieldOfMany","theWildCard:ArcaneArts"],"campfire_rested":3,"item_purchase_floors":[5,14,28],"current_hp_per_floor":[65,65,58,58,58,58,61,5,5,24,27,22,55,55,55,47,73,53,53,53,58,44,39,1,22,22,23,23,23,22,22,43,17,17],"gold":102,"neow_bonus":"TEN_PERCENT_HP_BONUS","is_daily":false,"chose_seed":false,"campfire_upgraded":2,"win_rate":0.0,"timestamp":1610940622,"path_taken":["M","M","?","?","$","R","M","E","T","R","M","M","E","$","R","BOSS","M","?","?","M","M","M","E","R","T","M","$","?","E","M","R","BOSS"],"items_purchased_type":["Card","Card","Card"],"build_version":"2020-12-22","purchased_purges":2,"victory":false,"max_hp_per_floor":[66,66,66,66,66,66,66,66,66,66,66,66,73,73,73,73,73,73,73,73,73,73,73,73,73,73,73,73,73,73,73,73,73,73],"card_choices":[{"not_picked":["theWildCard:MagicalMight","theWildCard:IdentityTheft"],"picked":"theWildCard:Polydeuces","floor":1},{"not_picked":["theWildCard:BladeOfGenerations","theWildCard:StalwartBlade"],"picked":"theWildCard:SeveringSlash","floor":2},{"not_picked":["theWildCard:Polydeuces","theWildCard:PaleRider"],"picked":"theWildCard:ArcanaArtistry","floor":7},{"not_picked":["theWildCard:BladeOfGenerations","theWildCard:EnergizedStroke"],"picked":"theWildCard:ManOfManyFaces","floor":8},{"not_picked":["theWildCard:SeveringSlash","theWildCard:PowerOfTheArcana"],"picked":"theWildCard:ManOfManyFaces","floor":11},{"not_picked":["theWildCard:EnergizedStroke","theWildCard:Patience"],"picked":"theWildCard:SeveringSlash","floor":12},{"not_picked":["theWildCard:BladeOfGenerations","theWildCard:Polydeuces"],"picked":"theWildCard:TheArcanaUnleashed","floor":13},{"not_picked":["theWildCard:ChangingDestiny","theWildCard:FuelForTheFire"],"picked":"theWildCard:TheArcanaUnleashed","floor":16},{"not_picked":["theWildCard:StingingStrike","theWildCard:SeveringSlash"],"picked":"theWildCard:BladeOfGenerations+1","floor":18},{"not_picked":["theWildCard:CryOfAgony","theWildCard:MaskChange"],"picked":"theWildCard:SeveringSlash","floor":21},{"not_picked":["theWildCard:Proficiency","theWildCard:MagicalMight","theWildCard:Salvation+1"],"picked":"SKIP","floor":22},{"not_picked":["theWildCard:Proficiency+1","theWildCard:Patience+1"],"picked":"theWildCard:StingingStrike","floor":23},{"not_picked":["theWildCard:Unburden","theWildCard:MaskChange","theWildCard:ArchaicAssault"],"picked":"SKIP","floor":24},{"not_picked":["theWildCard:SacrificialStroke","theWildCard:ArchaicAssault+1","theWildCard:Overwhelm"],"picked":"SKIP","floor":27},{"not_picked":["theWildCard:Michael","theWildCard:Abstinence"],"picked":"theWildCard:Odin","floor":30},{"not_picked":["theWildCard:ArchaicAssault","theWildCard:Michael"],"picked":"theWildCard:Proficiency","floor":31}],"player_experience":939049,"relics_obtained":[{"floor":8,"key":"Akabeko"},{"floor":9,"key":"MawBank"},{"floor":13,"key":"Strawberry"},{"floor":24,"key":"Gremlin Horn"},{"floor":26,"key":"Sundial"},{"floor":30,"key":"HornCleat"}],"event_choices":[{"cards_removed":["theWildCard:BasicStrike"],"damage_healed":0,"gold_gain":0,"player_choice":"Card Removal","damage_taken":7,"max_hp_gain":0,"max_hp_loss":0,"event_name":"Golden Wing","floor":3,"gold_loss":0},{"damage_healed":0,"gold_gain":0,"player_choice":"3 cards matched","damage_taken":0,"max_hp_gain":0,"max_hp_loss":0,"event_name":"Match and Keep!","floor":4,"gold_loss":0,"cards_obtained":["Blind","theWildCard:TheGreatSeal","theWildCard:ArcaneArts"]},{"damage_healed":0,"gold_gain":0,"player_choice":"Opened","damage_taken":0,"relics_obtained":["Ancient Tea Set"],"max_hp_gain":0,"max_hp_loss":0,"event_name":"The Mausoleum","floor":19,"gold_loss":0,"cards_obtained":["Writhe"]},{"damage_healed":0,"gold_gain":0,"player_choice":"Obtained Relic","damage_taken":0,"relics_obtained":["uselessJewelsMod:UselessJewelsRelic"],"max_hp_gain":0,"max_hp_loss":0,"event_name":"Addict","floor":20,"gold_loss":85},{"damage_healed":0,"gold_gain":0,"player_choice":"Got Potions","damage_taken":0,"max_hp_gain":0,"max_hp_loss":0,"event_name":"Lab","floor":29,"gold_loss":0}],"is_beta":false,"boss_relics":[{"not_picked":["Coffee Dripper","SacredBark"],"picked":"Runic Pyramid"}],"items_purged_floors":[5,14],"is_endless":false,"potions_floor_spawned":[1,11,13,18,31],"killed_by":"Collector","ascension_level":3}}