{"host":"sz8c8ni79nvzjmmg","time":1610961897,"event":{"mods":["AchievementEnabler","BaseMod","DeckTracker","Keyboard Shortcuts","Minty Spire (QoL Compilation)","SuperFastMode"],"gold_per_floor":[109,119,119,99,13,13,39,54,54,54,81,105,130,147,147,220,220,236,119,119,135,155,155,155,155],"floor_reached":24,"language":"KOR","playtime":815,"items_purged":["Strike_B"],"score":628,"play_id":"1aedc5df-4400-4661-a7ff-0adfca9acfb3","local_time":"20210118182457","is_ascension_mode":true,"campfire_choices":[{"data":"Chaos","floor":6,"key":"SMITH"},{"floor":10,"key":"REST"},{"floor":15,"key":"REST"},{"data":"Reboot","floor":23,"key":"SMITH"}],"circlet_count":0,"master_deck":["AscendersBane","Strike_B","Strike_B","Strike_B","Defend_B","Defend_B","Defend_B","Defend_B","Zap","Dualcast","Chill","Chaos+1","Sweeping Beam","Leap","Undo","Cold Snap","Stack","Reboot+1","Beam Cell+1","Aggregate+1","Undo","Cold Snap"],"relics":["Busted Crown","Emotion Chip","Bird Faced Urn","Odd Mushroom","Meat on the Bone","Inserter"],"acts_visited":["Exordium","TheCity"],"potions_floor_usage":[8,10,13,13,24],"damage_taken":[{"damage":4,"enemies":"Jaw Worm","floor":1,"turns":4},{"damage":3,"enemies":"2 Louse","floor":2,"turns":4},{"damage":40,"enemies":"Gremlin Nob","floor":7,"turns":4},{"damage":0,"enemies":"Cultist","floor":8,"turns":4},{"damage":10,"enemies":"3 Sentries","floor":11,"turns":10},{"damage":0,"enemies":"The Mushroom Lair","floor":12,"turns":4},{"damage":37,"enemies":"Gremlin Nob","floor":13,"turns":5},{"damage":11,"enemies":"3 Louse","floor":14,"turns":4},{"damage":21,"enemies":"The Guardian","floor":16,"turns":15},{"damage":6,"enemies":"Shell Parasite","floor":18,"turns":7},{"damage":9,"enemies":"Chosen","floor":21,"turns":6},{"damage":23,"enemies":"Snake Plant","floor":22,"turns":6},{"damage":29,"enemies":"3 Cultists","floor":24,"turns":5}],"seed_played":"6946425717145371389","potions_obtained":[{"floor":1,"key":"AttackPotion"},{"floor":2,"key":"Fire Potion"},{"floor":4,"key":"Fruit Juice"},{"floor":8,"key":"Fruit Juice"},{"floor":12,"key":"PowerPotion"},{"floor":16,"key":"Strength Potion"},{"floor":18,"key":"Fire Potion"},{"floor":21,"key":"PowerPotion"}],"is_trial":false,"path_per_floor":["M","M","?","?","$","R","E","M","T","R","E","?","E","M","R","B",null,"M","$","?","M","M","R","M"],"character_chosen":"DEFECT","items_purchased":["Sweeping Beam","Leap","Aggregate"],"campfire_rested":2,"item_purchase_floors":[5,5,19],"current_hp_per_floor":[60,57,62,62,62,62,22,27,27,57,47,47,12,13,38,29,72,66,66,66,57,46,46,17,17],"gold":155,"neow_bonus":"BOSS_RELIC","is_daily":false,"chose_seed":false,"campfire_upgraded":2,"win_rate":0.0,"timestamp":1610961897,"path_taken":["M","M","?","?","$","R","E","?","T","R","E","?","E","M","R","BOSS","M","$","?","M","M","R","M"],"items_purchased_type":["Card","Card","Card"],"build_version":"2020-12-22","purchased_purges":1,"victory":false,"max_hp_per_floor":[71,71,76,76,76,76,76,81,81,86,86,86,86,86,86,86,86,86,86,86,86,86,86,86,86],"card_choices":[{"not_picked":[],"picked":"Chill","floor":1},{"not_picked":[],"picked":"Chaos","floor":2},{"not_picked":[],"picked":"Undo","floor":7},{"not_picked":["Go for the Eyes"],"picked":"SKIP","floor":8},{"not_picked":[],"picked":"Cold Snap","floor":11},{"not_picked":[],"picked":"Stack","floor":12},{"not_picked":["Conserve Battery"],"picked":"SKIP","floor":13},{"not_picked":["Go for the Eyes"],"picked":"SKIP","floor":14},{"not_picked":[],"picked":"Reboot","floor":16},{"not_picked":[],"picked":"Beam Cell+1","floor":18},{"not_picked":[],"picked":"Undo","floor":21},{"not_picked":[],"picked":"Cold Snap","floor":22}],"player_experience":1239764,"relics_obtained":[{"floor":7,"key":"Emotion Chip"},{"floor":11,"key":"Bird Faced Urn"},{"floor":12,"key":"Odd Mushroom"},{"floor":13,"key":"Meat on the Bone"}],"event_choices":[{"damage_healed":0,"gold_gain":0,"player_choice":"Donut","damage_taken":0,"max_hp_gain":5,"max_hp_loss":0,"event_name":"Big Fish","floor":3,"gold_loss":0},{"damage_healed":0,"gold_gain":0,"player_choice":"Bought 1 Potion","damage_taken":0,"max_hp_gain":0,"max_hp_loss":0,"event_name":"The Woman in Blue","floor":4,"gold_loss":0},{"damage_healed":0,"gold_gain":0,"player_choice":"Fought Mushrooms","damage_taken":0,"max_hp_gain":0,"max_hp_loss":0,"event_name":"Mushrooms","floor":12,"gold_loss":0},{"damage_healed":0,"gold_gain":0,"player_choice":"Forge","damage_taken":0,"max_hp_gain":0,"max_hp_loss":0,"event_name":"Accursed Blacksmith","floor":20,"gold_loss":0,"cards_upgraded":["Aggregate"]}],"is_beta":false,"boss_relics":[{"not_picked":["Nuclear Battery","Runic Dome"],"picked":"Inserter"}],"items_purged_floors":[19],"is_endless":false,"potions_floor_spawned":[1,2,8,12,16,18,21],"killed_by":"3 Cultists","ascension_level":20}}