{"host":"rl5ku05escnl5kxo","time":1610954458,"event":{"mods":["Act Like it!","BaseMod","Hallownest","Minty Spire (QoL Compilation)","StSLib","The Bug Knight"],"gold_per_floor":[113,113,126,126,74,74,84,84,109,34,54,65,75,94,94,192,192,210,210,222,222,232,232,232,273,273,289,300,300,300,300,300,300,300],"floor_reached":33,"language":"ENG","playtime":1776,"items_purged":["Writhe"],"score":261,"play_id":"e3fa92ee-0162-460b-ae22-9a37fbe7b947","local_time":"20210117232058","is_ascension_mode":false,"campfire_choices":[{"data":"HollowMod:TaintedHusks","floor":6,"key":"SMITH"},{"floor":15,"key":"REST"},{"floor":24,"key":"REST"},{"floor":30,"key":"REST"},{"floor":32,"key":"REST"}],"circlet_count":0,"master_deck":["HollowMod:NailStrikeStart","HollowMod:NailStrikeStart","HollowMod:NailStrikeStart","HollowMod:QuickDashStart","HollowMod:QuickDashStart","HollowMod:QuickDashStart","HollowMod:FocusHealStart","HollowMod:PogoStrike","HollowMod:MawleksShell+1","HollowMod:TaintedHusks+1","HollowMod:MantisMark","HollowMod:MawleksShell","HollowMod:NewJinnsSoul+1","HollowMod:ZotesMagnificence","HollowMod:MothsMistake","HollowMod:InfectionAssault","Hallownest:attackFallenFury"],"relics":["HollowMod:VesselMask","Meat on the Bone","HollowMod:LifeEnderRelic","Lantern","Empty Cage","Blood Vial","Toxic Egg 2"],"acts_visited":["Exordium","Hallownest:Greenpath"],"potions_floor_usage":[1,12,12,16,23,33,33],"damage_taken":[{"damage":1,"enemies":"2_ Uuma","floor":1,"turns":5},{"damage":4,"enemies":"Hallownest:2_Tiktiks_and_1_Crawlid","floor":3,"turns":4},{"damage":4,"enemies":"Hallownest:monsterHuskWarrior","floor":7,"turns":3},{"damage":10,"enemies":"Hallownest:monsterAspidMother","floor":11,"turns":5},{"damage":26,"enemies":"Hallownest:Guard_and_Warrior","floor":12,"turns":4},{"damage":31,"enemies":"Hallownest:Wandering_and_Horned","floor":13,"turns":4},{"damage":10,"enemies":"Hallownest:MossCreep_and_Mosskin","floor":14,"turns":6},{"damage":62,"enemies":"Hallownest:BossFalseKnight","floor":16,"turns":11},{"damage":55,"enemies":"Hallownest:Flukemon_and_Top","floor":18,"turns":7},{"damage":28,"enemies":"Hallownest:3_Youths","floor":20,"turns":7},{"damage":32,"enemies":"Hallownest:Warrior_and_Youth","floor":22,"turns":6},{"damage":0,"enemies":"Hallownest:eliteSoulWarrior","floor":23,"turns":1},{"damage":32,"enemies":"Hallownest:Glutton_and_Coward","floor":25,"turns":5},{"damage":19,"enemies":"Hallownest:Master_and_Novice","floor":27,"turns":4},{"damage":24,"enemies":"Hallownest:monsterShrumalOgre","floor":28,"turns":5},{"damage":80,"enemies":"Hallownest:BossSoulMaster","floor":33,"turns":10}],"seed_played":"-638205832995362038","potions_obtained":[{"floor":0,"key":"Fire Potion"},{"floor":0,"key":"Block Potion"},{"floor":0,"key":"FairyPotion"},{"floor":1,"key":"SpeedPotion"},{"floor":14,"key":"FearPotion"},{"floor":20,"key":"SmokeBomb"},{"floor":22,"key":"Ancient Potion"},{"floor":28,"key":"PowerPotion"}],"is_trial":false,"path_per_floor":["M","?","M","?","$","R","M","?","T","$","M","M","M","M","R","B",null,"M","?","M","$","M","E","R","M","T","M","M","?","R","?","R","B"],"character_chosen":"THE_BUGKNIGHT","items_purchased":["HollowMod:TaintedHusks"],"campfire_rested":4,"item_purchase_floors":[5],"current_hp_per_floor":[75,84,80,80,80,80,76,36,36,36,44,30,37,49,74,24,84,41,41,33,33,15,29,54,36,36,31,21,21,46,46,71,0,0],"gold":300,"neow_bonus":"THREE_SMALL_POTIONS","is_daily":false,"chose_seed":false,"campfire_upgraded":1,"win_rate":0.0,"timestamp":1610954458,"path_taken":["M","?","M","?","?","R","M","?","T","$","M","M","M","M","R","BOSS","M","?","M","$","M","E","R","M","T","M","M","?","R","?","R","BOSS"],"items_purchased_type":["Card"],"build_version":"2020-12-22","purchased_purges":1,"victory":false,"max_hp_per_floor":[75,84,84,84,84,84,84,84,84,84,84,84,84,84,84,84,84,84,84,84,84,84,84,84,84,84,84,84,84,84,84,84,84,84],"card_choices":[{"not_picked":["HollowMod:RecoilStrike","HollowMod:GrimmsGift"],"picked":"HollowMod:MawleksShell","floor":1},{"not_picked":["HollowMod:FallenFury","HollowMod:SiblingsShadow","HollowMod:SoulSplash"],"picked":"SKIP","floor":3},{"not_picked":["HollowMod:GoodIntentions","HollowMod:DoubleDash"],"picked":"HollowMod:MantisMark","floor":7},{"not_picked":["HollowMod:DoubleDash","HollowMod:BaldurShell","HollowMod:DesolateDive"],"picked":"SKIP","floor":11},{"not_picked":["HollowMod:AbyssShriek","HollowMod:DescendingDark","HollowMod:HerrahsAnger"],"picked":"SKIP","floor":12},{"not_picked":["HollowMod:HowlingWraiths","HollowMod:SoulStrike"],"picked":"HollowMod:MawleksShell","floor":13},{"not_picked":["HollowMod:CornifersMapStart","HollowMod:DescendingDark"],"picked":"HollowMod:NewJinnsSoul","floor":14},{"not_picked":["HollowMod:LordofShades","HollowMod:LifebloodCore"],"picked":"HollowMod:ZotesMagnificence","floor":16},{"not_picked":["HollowMod:DescendingDark","HollowMod:NewLittleFool","HollowMod:ChannelNail"],"picked":"SKIP","floor":18},{"not_picked":["HollowMod:LifebloodCocoon","HollowMod:SharpenedNail+1"],"picked":"HollowMod:MothsMistake","floor":20},{"not_picked":["HollowMod:SoulSplash","HollowMod:SoulShaman","HollowMod:AbyssShriek"],"picked":"SKIP","floor":22},{"not_picked":["HollowMod:Weaversong","HollowMod:SiblingsShadow","HollowMod:NewLittleFool"],"picked":"SKIP","floor":25},{"not_picked":["HollowMod:SiblingsSouls+1","HollowMod:ShadowDash+1"],"picked":"HollowMod:InfectionAssault","floor":27},{"not_picked":["HollowMod:VengefulVoid","HollowMod:PureNailStrike","HollowMod:SharpenedNail"],"picked":"SKIP","floor":28}],"player_experience":461789,"relics_obtained":[{"floor":9,"key":"Lantern"},{"floor":26,"key":"Toxic Egg 2"}],"event_choices":[],"is_beta":false,"boss_relics":[{"not_picked":["HollowMod:VoidIdolRelic","Runic Dome"],"picked":"Empty Cage"}],"items_purged_floors":[10],"is_endless":false,"potions_floor_spawned":[1,11,14,20,22,23,28],"killed_by":"Hallownest:BossSoulMaster","ascension_level":0}}