{"host":"ttx8tv95o5vka1nm","time":1610939544,"event":{"mods":["AchievementEnabler","BaseMod","Colored Map","Downfall","Infinite Spire","Minty Spire (QoL Compilation)","Shop Mod","StSLib","The Jungle"],"gold_per_floor":[99,113,130,140,157,187,187,87,87,118,134,151,170,170,188,284,284,184,199,210,220,235,235,259,259,287,40,67,194,194,194,194],"floor_reached":31,"language":"ENG","playtime":3522,"items_purged":["bronze:Defend"],"score":321,"play_id":"79cd4723-f429-4744-a701-fd803b8b4738","local_time":"20210118131224","is_ascension_mode":false,"campfire_choices":[{"floor":1,"key":"RECALL"},{"data":"bronze:Boost","floor":8,"key":"SMITH"},{"data":"bronze:HardenedForm","floor":18,"key":"SMITH"},{"floor":25,"key":"DIG"}],"circlet_count":0,"master_deck":["bronze:Strike","bronze:Strike","bronze:Strike","bronze:Strike","bronze:Defend","bronze:Defend","bronze:Defend","bronze:Replicate","bronze:Goto","bronze:CutThrough","bronze:WildBeam","bronze:Boost+1","bronze:BugBarrage","bronze:Deprecate","bronze:WhirlingStrike","bronze:Shell","bronze:Boost","bronze:ItsAFeature","bronze:Branch","bronze:HardenedForm+1","bronze:DelayedSlice+1","bronze:Shell+1","bronze:Branch","bronze:ChosenStrike+1","bronze:Virus","bronze:DigitalCarnage","bronze:BuggyMess","bronze:DonuBeam","bronze:DecaBeam","bronze:Philosophize+1"],"relics":["bronze:BronzeCore","Shovel","Peace Pipe","downfall:HeartBlessingRed","Bottled Lightning","Busted Crown","downfall:HeartBlessingGreen","SlaversCollar","Centennial Puzzle","CeramicFish","MerchantsRug","Ornamental Fan","Bottled Flame"],"acts_visited":["Exordium","TheCity"],"potions_floor_usage":[6,10,13,16,16,21,29],"damage_taken":[{"damage":5,"enemies":"Small Slimes","floor":2,"turns":3},{"damage":1,"enemies":"2 Louse","floor":3,"turns":3},{"damage":1,"enemies":"Cultist","floor":4,"turns":3},{"damage":0,"enemies":"Gremlin Gang","floor":5,"turns":5},{"damage":0,"enemies":"Gremlin Nob","floor":6,"turns":3},{"damage":6,"enemies":"3 Sentries","floor":10,"turns":5},{"damage":0,"enemies":"Large Slime","floor":11,"turns":3},{"damage":0,"enemies":"Exordium Wildlife","floor":12,"turns":2},{"damage":0,"enemies":"Lots of Slimes","floor":13,"turns":1},{"damage":2,"enemies":"Exordium Wildlife","floor":15,"turns":4},{"damage":29,"enemies":"IC_STATUS_ARCHETYPE","floor":16,"turns":10},{"damage":1,"enemies":"3 Byrds","floor":19,"turns":4},{"damage":7,"enemies":"Shelled Parasite and Fungi","floor":20,"turns":3},{"damage":0,"enemies":"Sentry and Sphere","floor":21,"turns":3},{"damage":15,"enemies":"Snake Plant","floor":22,"turns":4},{"damage":2,"enemies":"Centurion and Healer","floor":26,"turns":4},{"damage":0,"enemies":"downfall:FleeingMerchant","floor":27,"turns":4},{"damage":0,"enemies":"Book of Stabbing","floor":28,"turns":4},{"damage":21,"enemies":"Book of Stabbing","floor":29,"turns":5},{"damage":42,"enemies":"Nightmare","floor":31,"turns":5}],"seed_played":"1294631041370913849","potions_obtained":[{"floor":4,"key":"Fire Potion"},{"floor":6,"key":"DuplicationPotion"},{"floor":10,"key":"AttackPotion"},{"floor":14,"key":"SmokeBomb"},{"floor":14,"key":"Explosive Potion"},{"floor":14,"key":"SneckoOil"},{"floor":15,"key":"LiquidBronze"},{"floor":16,"key":"hexamod:SoulburnPotion"},{"floor":20,"key":"SteroidPotion"},{"floor":26,"key":"Guardian:BlockOnCardUsePotion"},{"floor":28,"key":"PowerPotion"}],"is_trial":false,"path_per_floor":["R","M","M","M","M","E","T","R","?","E","M","M","M","?","M","B",null,"R","M","M","M","M","AVR","T","R","M","$","E","?","T","NM"],"character_chosen":"THE_AUTOMATON","items_purchased":["MerchantsRug","bronze:DigitalCarnage","bronze:BuggyMess"],"campfire_rested":0,"item_purchase_floors":[27,27,27],"current_hp_per_floor":[77,72,71,70,70,70,70,70,75,69,69,69,69,69,67,38,82,82,81,74,74,59,59,59,59,57,57,57,36,36,0,0],"gold":194,"neow_bonus":"TEN_PERCENT_HP_BONUS","is_daily":false,"chose_seed":false,"campfire_upgraded":2,"win_rate":0.0,"timestamp":1610939544,"path_taken":["R","M","M","M","M","E","T","R","?","E","M","M","M","?","M","BOSS","R","M","M","?","?","AVR","T","R","M","$","E","?","?","NM"],"items_purchased_type":["Relic","Card","Card"],"build_version":"2020-12-22","purchased_purges":1,"victory":false,"max_hp_per_floor":[77,77,77,77,77,77,77,77,82,82,82,82,82,82,82,82,82,82,82,82,82,82,82,82,82,82,82,82,82,82,82,82],"card_choices":[{"not_picked":["bronze:Iterate","bronze:BitShift"],"picked":"bronze:CutThrough","floor":2},{"not_picked":["bronze:BuggyMess","bronze:ShipIt"],"picked":"bronze:WildBeam","floor":3},{"not_picked":["bronze:CloningBeam","bronze:Frontload"],"picked":"bronze:Boost","floor":4},{"not_picked":["bronze:Philosophize","bronze:Invalidate"],"picked":"bronze:BugBarrage","floor":5},{"not_picked":["bronze:Invalidate","bronze:Backtrace"],"picked":"bronze:Deprecate","floor":6},{"not_picked":["bronze:DelayedSlice","bronze:Break"],"picked":"bronze:WhirlingStrike","floor":10},{"not_picked":["bronze:NullPointer","bronze:Frontload"],"picked":"bronze:Shell","floor":11},{"not_picked":["bronze:Overheat","bronze:Philosophize"],"picked":"bronze:Boost","floor":12},{"not_picked":["bronze:WhirlingStrike","bronze:Backtrace"],"picked":"bronze:ItsAFeature","floor":13},{"not_picked":["bronze:BugBarrage","bronze:BronzeArmor"],"picked":"bronze:Branch","floor":15},{"not_picked":["bronze:HyperBeam","bronze:BurnOut"],"picked":"bronze:HardenedForm","floor":16},{"not_picked":[],"picked":"bronze:DelayedSlice+1","floor":19},{"not_picked":[],"picked":"bronze:Shell+1","floor":20},{"not_picked":["bronze:Turbo"],"picked":"SKIP","floor":21},{"not_picked":[],"picked":"bronze:Branch","floor":22},{"not_picked":[],"picked":"bronze:ChosenStrike+1","floor":26},{"not_picked":[],"picked":"bronze:Virus","floor":27},{"not_picked":["bronze:DigitalCarnage+1"],"picked":"SKIP","floor":28},{"not_picked":[],"picked":"bronze:DonuBeam","floor":29},{"not_picked":[],"picked":"bronze:DecaBeam","floor":29},{"not_picked":[],"picked":"bronze:Philosophize+1","floor":29}],"player_experience":699178,"relics_obtained":[{"floor":6,"key":"Shovel"},{"floor":7,"key":"Peace Pipe"},{"floor":10,"key":"Bottled Lightning"},{"floor":24,"key":"Centennial Puzzle"},{"floor":25,"key":"CeramicFish"},{"floor":28,"key":"Ornamental Fan"},{"floor":30,"key":"Bottled Flame"}],"event_choices":[{"damage_healed":0,"gold_gain":0,"player_choice":"Donut","damage_taken":0,"max_hp_gain":5,"max_hp_loss":0,"event_name":"Big Fish","floor":9,"gold_loss":0},{"damage_healed":0,"gold_gain":0,"player_choice":"Got Potions","damage_taken":0,"max_hp_gain":0,"max_hp_loss":0,"event_name":"Lab","floor":14,"gold_loss":0}],"is_beta":false,"boss_relics":[{"not_picked":["Tiny House","Runic Pyramid"],"picked":"Busted Crown"}],"items_purged_floors":[27],"is_endless":false,"potions_floor_spawned":[4,6,10,15,16,20,26,28],"killed_by":"Nightmare","ascension_level":0}}