{"host":"wogey4gsknv4ot2d","time":1610937081,"event":{"mods":["2.2 Compatiblity","AchievementEnabler","BaseMod","Bestiary","Better Third Choice","Colored Map","Colored Powertips","Googly Eyes","Key Reminder","Minty Spire (QoL Compilation)","Permanent Neow","Rare Cards Sparkle","Relic Stats","StSLib"],"gold_per_floor":[14,14,25,39,39,39,112,137,137,170,197,217,18,36,36,136,136,150,150,65,15,15,15,50,64,64,64,64,64],"floor_reached":28,"language":"ENG","playtime":798,"items_purged":[],"score":281,"play_id":"d1f6abe7-b9d3-4deb-b55e-24580661a17b","local_time":"20210117203121","is_ascension_mode":true,"campfire_choices":[{"data":"Beam Cell","floor":6,"key":"SMITH"},{"floor":15,"key":"REST"},{"data":"Sunder","floor":23,"key":"SMITH"},{"floor":27,"key":"REST"}],"circlet_count":0,"master_deck":["Strike_B","Strike_B","Strike_B","Strike_B","Defend_B","Defend_B","Defend_B","Defend_B","Zap+1","Dualcast","Beam Cell+1","Conserve Battery","Sunder+1","Capacitor","Stack","Capacitor","Static Discharge","Melter","Machine Learning","Skim","Leap","Swift Strike","Regret","Sunder","Steam+1","Cold Snap"],"relics":["Cracked Core","Mango","Cables","Juzu Bracelet","Potion Belt","Bag of Marbles","Odd Mushroom","Oddly Smooth Stone","Busted Crown","Smiling Mask","Shuriken","Bottled Flame"],"acts_visited":["Exordium","TheCity"],"potions_floor_usage":[4,11,12,14,16,16,24],"damage_taken":[{"damage":6,"enemies":"2 Louse","floor":1,"turns":3},{"damage":1,"enemies":"Jaw Worm","floor":3,"turns":2},{"damage":5,"enemies":"Small Slimes","floor":4,"turns":3},{"damage":8,"enemies":"Gremlin Nob","floor":8,"turns":3},{"damage":27,"enemies":"Lagavulin","floor":10,"turns":6},{"damage":12,"enemies":"The Mushroom Lair","floor":11,"turns":3},{"damage":0,"enemies":"Blue Slaver","floor":12,"turns":2},{"damage":6,"enemies":"Large Slime","floor":14,"turns":3},{"damage":32,"enemies":"Hexaghost","floor":16,"turns":7},{"damage":13,"enemies":"3 Byrds","floor":18,"turns":5},{"damage":43,"enemies":"Book of Stabbing","floor":24,"turns":5},{"damage":17,"enemies":"Shell Parasite","floor":25,"turns":5},{"damage":59,"enemies":"Gremlin Leader","floor":28,"turns":4}],"seed_played":"5963029072956650736","potions_obtained":[{"floor":4,"key":"Fruit Juice"},{"floor":10,"key":"ColorlessPotion"},{"floor":11,"key":"DistilledChaos"},{"floor":12,"key":"Explosive Potion"},{"floor":14,"key":"Strength Potion"}],"is_trial":false,"path_per_floor":["M","?","M","M","$","R","T","E","T","E","?","M","$","M","R","B",null,"M","?","?","$","?","R","E","M","T","R","E"],"character_chosen":"DEFECT","items_purchased":["Oddly Smooth Stone","ColorlessPotion","PowerPotion"],"campfire_rested":2,"item_purchase_floors":[13,13,21],"current_hp_per_floor":[83,83,82,82,82,82,82,74,74,47,35,35,35,29,57,25,94,81,81,81,81,81,81,38,21,21,49,0,0],"gold":64,"neow_bonus":"ONE_RARE_RELIC","is_daily":false,"chose_seed":false,"campfire_upgraded":2,"win_rate":0.0,"timestamp":1610937081,"path_taken":["M","?","M","M","$","R","?","E","T","E","?","M","$","M","R","BOSS","M","?","?","?","?","R","E","M","T","R","E"],"items_purchased_type":["Relic","Potion","Potion"],"build_version":"2020-12-22","purchased_purges":0,"victory":false,"max_hp_per_floor":[89,89,89,94,94,94,94,94,94,94,94,94,94,94,94,94,94,94,94,94,94,94,94,94,94,94,94,94,94],"relic_stats":{"Busted Crown":6,"counters":[13,51],"Shuriken":[1],"Juzu Bracelet":0,"Smiling Mask":0,"obtain_stats":[{"Potion Belt":9,"Bottled Flame":26,"Busted Crown":17,"Shuriken":24,"Oddly Smooth Stone":13,"Mango":0,"Juzu Bracelet":8,"Bag of Marbles":10,"Odd Mushroom":11,"Cracked Core":0,"Smiling Mask":20,"Cables":7},{"Potion Belt":4,"Bottled Flame":12,"Busted Crown":9,"Shuriken":11,"Oddly Smooth Stone":7,"Mango":0,"Juzu Bracelet":4,"Bag of Marbles":5,"Odd Mushroom":6,"Cracked Core":0,"Smiling Mask":10,"Cables":3},{"Potion Belt":11,"Bottled Flame":47,"Busted Crown":32,"Shuriken":42,"Oddly Smooth Stone":22,"Mango":0,"Juzu Bracelet":11,"Bag of Marbles":17,"Odd Mushroom":20,"Cracked Core":0,"Smiling Mask":37,"Cables":8}],"Cables":[39,39,0,0,0]},"card_choices":[{"not_picked":["Stack","FTL"],"picked":"Beam Cell","floor":1},{"not_picked":["Sweeping Beam","Redo"],"picked":"Conserve Battery","floor":3},{"not_picked":["Hologram","Streamline"],"picked":"Sunder","floor":4},{"not_picked":["Scrape","Coolheaded"],"picked":"Capacitor","floor":8},{"not_picked":["Compile Driver","Static Discharge"],"picked":"Stack","floor":10},{"not_picked":["Scrape","Stack"],"picked":"Capacitor","floor":11},{"not_picked":["Seek","Gash"],"picked":"Static Discharge","floor":12},{"not_picked":["Redo","Compile Driver"],"picked":"Melter","floor":14},{"not_picked":["Echo Form","Seek"],"picked":"Machine Learning","floor":16},{"not_picked":[],"picked":"Skim","floor":18},{"not_picked":[],"picked":"Steam+1","floor":24},{"not_picked":[],"picked":"Cold Snap","floor":25}],"player_experience":49760,"relics_obtained":[{"floor":7,"key":"Cables"},{"floor":8,"key":"Juzu Bracelet"},{"floor":9,"key":"Potion Belt"},{"floor":10,"key":"Bag of Marbles"},{"floor":11,"key":"Odd Mushroom"},{"floor":24,"key":"Shuriken"},{"floor":26,"key":"Bottled Flame"}],"event_choices":[{"damage_healed":0,"gold_gain":0,"player_choice":"Grow","damage_taken":0,"max_hp_gain":0,"max_hp_loss":0,"event_name":"Living Wall","floor":2,"gold_loss":0,"cards_upgraded":["Zap"]},{"damage_healed":0,"gold_gain":0,"player_choice":"Fought Mushrooms","damage_taken":0,"max_hp_gain":0,"max_hp_loss":0,"event_name":"Mushrooms","floor":11,"gold_loss":0},{"damage_healed":0,"gold_gain":0,"player_choice":"Read","damage_taken":0,"max_hp_gain":0,"max_hp_loss":0,"event_name":"The Library","floor":19,"gold_loss":0,"cards_obtained":["Leap"]},{"damage_healed":0,"gold_gain":0,"player_choice":"Obtained Relic","damage_taken":0,"relics_obtained":["Smiling Mask"],"max_hp_gain":0,"max_hp_loss":0,"event_name":"Addict","floor":20,"gold_loss":85},{"damage_healed":0,"gold_gain":0,"player_choice":"3 cards matched","damage_taken":0,"max_hp_gain":0,"max_hp_loss":0,"event_name":"Match and Keep!","floor":22,"gold_loss":0,"cards_obtained":["Swift Strike","Regret","Sunder"]}],"is_beta":false,"boss_relics":[{"not_picked":["Coffee Dripper","Sozu"],"picked":"Busted Crown"}],"items_purged_floors":[],"is_endless":false,"potions_floor_spawned":[4,10,11,12,14,24],"killed_by":"Gremlin Leader","ascension_level":1}}