{"host":"d66n7ln59ex8canu","time":1610940757,"event":{"mods":["AchievementEnabler","BaseMod","Colored Map","Minty Spire (QoL Compilation)","Quick Restart","StSLib"],"gold_per_floor":[112,125,125,139,36,68,68,68,68,68,84,84,84,84,84,187,187,205,7,18,32,32,32,32],"floor_reached":23,"language":"ENG","playtime":551,"items_purged":[],"score":293,"play_id":"8cfff034-3471-4644-8e78-7e74d5943a8e","local_time":"20210117223237","is_ascension_mode":true,"campfire_choices":[{"data":"Demon Form","floor":8,"key":"SMITH"},{"data":"Inflame","floor":15,"key":"SMITH"}],"circlet_count":0,"master_deck":["AscendersBane","Strike_R","Strike_R","Strike_R","Strike_R","Strike_R","Defend_R","Defend_R+1","Defend_R","Bash","Iron Wave+1","Bloodletting+1","Inflame+1","Shrug It Off+1","Demon Form+1","Twin Strike","Limit Break+1","Whirlwind+1","Shrug It Off+1","Flex+1","Good Instincts+1","Disarm+1","Pummel"],"relics":["Burning Blood","NeowsBlessing","Toxic Egg 2","Pen Nib","Eternal Feather","Coffee Dripper","Paper Frog"],"acts_visited":["Exordium","TheCity"],"potions_floor_usage":[16,16,20,21],"damage_taken":[{"damage":0,"enemies":"Jaw Worm","floor":1,"turns":1},{"damage":0,"enemies":"Small Slimes","floor":2,"turns":2},{"damage":0,"enemies":"Cultist","floor":4,"turns":1},{"damage":34,"enemies":"Gremlin Nob","floor":6,"turns":5},{"damage":4,"enemies":"3 Louse","floor":11,"turns":4},{"damage":31,"enemies":"The Guardian","floor":16,"turns":10},{"damage":49,"enemies":"3 Byrds","floor":18,"turns":6},{"damage":3,"enemies":"2 Thieves","floor":20,"turns":1},{"damage":22,"enemies":"Snake Plant","floor":21,"turns":5},{"damage":9,"enemies":"Gremlin Leader","floor":23,"turns":1}],"seed_played":"6701524316103754629","potions_obtained":[{"floor":11,"key":"Dexterity Potion"},{"floor":14,"key":"Strength Potion"},{"floor":14,"key":"ColorlessPotion"},{"floor":18,"key":"PowerPotion"},{"floor":20,"key":"Block Potion"}],"is_trial":false,"path_per_floor":["M","M","?","M","$","E","?","R","T","?","M","$","?","?","R","B",null,"M","$","M","M","T","E"],"character_chosen":"IRONCLAD","items_purchased":["Inflame","Shrug It Off+1","Shrug It Off+1","Flex+1","Good Instincts+1"],"campfire_rested":0,"item_purchase_floors":[5,5,19,19,19],"current_hp_per_floor":[78,80,68,74,74,46,30,30,30,30,32,32,32,32,41,16,64,21,21,24,8,8,0,0],"gold":32,"neow_bonus":"THREE_ENEMY_KILL","is_daily":false,"chose_seed":false,"campfire_upgraded":2,"win_rate":0.0,"timestamp":1610940757,"path_taken":["M","M","?","M","$","E","?","R","T","?","?","$","?","?","R","BOSS","M","$","M","M","?","E"],"items_purchased_type":["Card","Card","Card","Card","Card"],"build_version":"2020-12-22","purchased_purges":0,"victory":false,"max_hp_per_floor":[80,80,80,80,80,80,80,80,80,80,80,80,80,80,80,80,80,80,80,80,80,80,80,80],"card_choices":[{"not_picked":["Sword Boomerang","Perfected Strike"],"picked":"Iron Wave","floor":1},{"not_picked":["True Grit","Pommel Strike","Perfected Strike"],"picked":"SKIP","floor":2},{"not_picked":["Dropkick","Armaments+1"],"picked":"Bloodletting+1","floor":4},{"not_picked":["Reckless Charge","Wild Strike"],"picked":"Demon Form","floor":6},{"not_picked":["Clash","Thunderclap"],"picked":"Twin Strike","floor":11},{"not_picked":["Demon Form","Immolate"],"picked":"Limit Break+1","floor":16},{"not_picked":["Carnage+1","Warcry+1"],"picked":"Whirlwind+1","floor":18},{"not_picked":["Sword Boomerang","Evolve+1"],"picked":"Disarm+1","floor":20},{"not_picked":["True Grit+1","Fire Breathing"],"picked":"Pummel","floor":21}],"player_experience":328213,"relics_obtained":[{"floor":6,"key":"Pen Nib"},{"floor":9,"key":"Eternal Feather"},{"floor":22,"key":"Paper Frog"}],"event_choices":[{"damage_healed":0,"gold_gain":0,"player_choice":"Success","damage_taken":12,"relics_obtained":["Toxic Egg 2"],"max_hp_gain":0,"max_hp_loss":0,"event_name":"Scrap Ooze","floor":3,"gold_loss":0},{"damage_healed":0,"gold_gain":0,"player_choice":"Entered Light","damage_taken":16,"max_hp_gain":0,"max_hp_loss":0,"event_name":"Shining Light","floor":7,"gold_loss":0,"cards_upgraded":["Iron Wave","Defend_R"]},{"cards_removed":["Defend_R"],"damage_healed":0,"gold_gain":0,"player_choice":"Offered Basic","damage_taken":0,"max_hp_gain":0,"max_hp_loss":0,"event_name":"Bonfire Elementals","floor":10,"gold_loss":0},{"damage_healed":0,"gold_gain":0,"player_choice":"Ignored","damage_taken":0,"max_hp_gain":0,"max_hp_loss":0,"event_name":"Golden Wing","floor":13,"gold_loss":0},{"damage_healed":0,"gold_gain":0,"player_choice":"Got Potions","damage_taken":0,"max_hp_gain":0,"max_hp_loss":0,"event_name":"Lab","floor":14,"gold_loss":0}],"is_beta":false,"boss_relics":[{"not_picked":["Busted Crown","Calling Bell"],"picked":"Coffee Dripper"}],"items_purged_floors":[],"is_endless":false,"potions_floor_spawned":[11,18,20],"killed_by":"Gremlin Leader","ascension_level":11}}