{"host":"1pwde2j81wdvsae3","time":1610944818,"event":{"mods":["BaseMod","Minty Spire (QoL Compilation)","Replay The Spire","Shop Mod","StSLib"],"gold_per_floor":[119,47,66,79,79,79,138,151,151,151,151,172,172,210,210,210,210],"floor_reached":16,"language":"ZHS","playtime":383,"items_purged":[],"score":175,"play_id":"fa651c38-9fc2-4260-8c6f-f2e944083f13","local_time":"20210118124018","is_ascension_mode":true,"campfire_choices":[{"data":"Replay:Many Hands","floor":6.0,"key":"SMITH"},{"floor":11.0,"key":"REST"},{"floor":13.0,"key":"REST"},{"floor":15,"key":"REST"}],"circlet_count":0,"master_deck":["AscendersBane","Strike_R","Strike_R","Strike_R","Strike_R","Defend_R","Defend_R","Defend_R","Defend_R","Bash","Replay:Many Hands+1","Wild Strike","True Grit","Shrug It Off","Twin Strike","Perfected Strike","Life Link","Cleave","Injury","ReplayTheSpireMod:LeadingStrike","Pommel Strike","Warcry"],"relics":["Burning Blood","Ginger","Prayer Wheel","Golden Idol","Replay:Bottled Flurry"],"acts_visited":["Exordium"],"potions_floor_usage":[16],"damage_taken":[{"damage":6.0,"enemies":"Cultist","floor":1.0,"turns":4.0},{"damage":0.0,"enemies":"Small Slimes","floor":3.0,"turns":3.0},{"damage":9.0,"enemies":"2 Louse","floor":4.0,"turns":2.0},{"damage":54.0,"enemies":"Lagavulin Event","floor":7.0,"turns":6.0},{"damage":7.0,"enemies":"2 Fungi Beasts","floor":8.0,"turns":3.0},{"damage":15.0,"enemies":"Large Slime","floor":12.0,"turns":5.0},{"damage":32.0,"enemies":"3 Sentries","floor":14.0,"turns":5.0},{"damage":57,"enemies":"Slime Boss","floor":16,"turns":6}],"seed_played":"7961377187461841733","potions_obtained":[{"floor":1.0,"key":"Fire Potion"},{"floor":4.0,"key":"Elixir"}],"is_trial":false,"path_per_floor":["M","$","M","M","?","R","?","M","T","?","R","M","R","E","R","B"],"character_chosen":"IRONCLAD","items_purchased":["True Grit","Shrug It Off"],"campfire_rested":3,"item_purchase_floors":[2,2],"current_hp_per_floor":[68,68,74,71,71,71,23,22,22,22,44,35,57,31,53,0,0],"gold":210,"neow_bonus":"TRANSFORM_CARD","is_daily":false,"chose_seed":false,"campfire_upgraded":1,"win_rate":0.0,"timestamp":1610944818,"path_taken":["M","?","?","?","?","R","?","M","T","?","R","M","R","E","R","BOSS"],"items_purchased_type":["Card","Card"],"build_version":"2020-12-22","purchased_purges":0,"victory":false,"max_hp_per_floor":[75,75,75,75,75,75,75,75,75,75,75,75,75,75,75,75,75],"card_choices":[{"not_picked":["Uppercut","ReplayTheSpireMod:Strike From Hell"],"picked":"Wild Strike","floor":1.0},{"not_picked":["Bloodletting","Infernal Blade"],"picked":"Twin Strike","floor":3.0},{"not_picked":["Replay:Undeath\u0027s Touch","Pommel Strike"],"picked":"Perfected Strike","floor":4.0},{"not_picked":["Demonic Infusion","Replay:Undeath\u0027s Touch"],"picked":"Life Link","floor":7.0},{"not_picked":["ReplayTheSpireMod:Strike From Hell","Heavy Blade"],"picked":"Cleave","floor":8.0},{"not_picked":["Searing Blow","ReplayTheSpireMod:Strike From Hell"],"picked":"ReplayTheSpireMod:LeadingStrike","floor":12.0},{"not_picked":["Flex","Body Slam"],"picked":"Pommel Strike","floor":12.0},{"not_picked":["Replay:Undeath\u0027s Touch","Entrench"],"picked":"Warcry","floor":14}],"player_experience":223808,"relics_obtained":[{"floor":7.0,"key":"Ginger"},{"floor":9.0,"key":"Prayer Wheel"},{"floor":14,"key":"Replay:Bottled Flurry"}],"event_choices":[{"damage_healed":0.0,"max_hp_gain":0.0,"max_hp_loss":0.0,"gold_gain":0.0,"event_name":"The Cleric","player_choice":"Leave","floor":5.0,"gold_loss":0.0,"damage_taken":0.0},{"damage_healed":0.0,"max_hp_gain":0.0,"max_hp_loss":0.0,"gold_gain":0.0,"event_name":"Dead Adventurer","player_choice":"Searched \u00272\u0027 times","floor":7.0,"gold_loss":0.0,"damage_taken":0.0},{"damage_healed":0.0,"max_hp_gain":0.0,"max_hp_loss":0.0,"gold_gain":0.0,"event_name":"Golden Idol","player_choice":"Take Wound","floor":10.0,"gold_loss":0.0,"damage_taken":0.0,"relics_obtained":["Golden Idol"],"cards_obtained":["Injury"]}],"is_beta":false,"boss_relics":[],"items_purged_floors":[],"is_endless":false,"potions_floor_spawned":[1,4,7],"killed_by":"Slime Boss","ascension_level":15}}