{"host":"oigynbtg272c19pw","time":1610960743,"event":{"mods":["BaseMod","Colored Map","Minty Spire (QoL Compilation)","Relic Stats","Slay the Relics Exporter","StSLib"],"gold_per_floor":[369,369,45,45,63,63,82,82,82,107,127,154,154,154,154,229,229,242,252,252,177,177,177,177],"floor_reached":23,"playtime":988,"items_purged":["Regret"],"score":394,"play_id":"1dc9f751-e701-4f49-8574-ce8b241463fa","local_time":"20210118100543","is_ascension_mode":true,"campfire_choices":[{"data":"Adaptation","floor":6.0,"key":"SMITH"},{"data":"BowlingBash","floor":8.0,"key":"SMITH"},{"floor":13.0,"key":"REST"},{"floor":15.0,"key":"REST"}],"circlet_count":0,"master_deck":["AscendersBane","Strike_P","Strike_P+1","Defend_P","Defend_P+1","Defend_P","Eruption","Vigilance","BowlingBash+1","Adaptation+1","ThirdEye","Blasphemy","Omniscience","LikeWater","Consecrate+1","DeusExMachina","FlurryOfBlows+1","Meditate","BattleHymn"],"relics":["PureWater","Potion Belt","OrangePellets","Molten Egg 2","InkBottle","Nunchaku","Coffee Dripper"],"acts_visited":["Exordium","TheCity"],"potions_floor_usage":[23,23],"damage_taken":[{"damage":0.0,"enemies":"2 Louse","floor":1.0,"turns":5.0},{"damage":7.0,"enemies":"Small Slimes","floor":5.0,"turns":3.0},{"damage":7.0,"enemies":"Cultist","floor":7.0,"turns":6.0},{"damage":8.0,"enemies":"Lagavulin","floor":10.0,"turns":7.0},{"damage":2.0,"enemies":"3 Louse","floor":11.0,"turns":4.0},{"damage":23.0,"enemies":"Gremlin Nob","floor":12.0,"turns":4.0},{"damage":15.0,"enemies":"Slime Boss","floor":16.0,"turns":8.0},{"damage":17.0,"enemies":"Shell Parasite","floor":18.0,"turns":8.0},{"damage":26.0,"enemies":"2 Thieves","floor":19.0,"turns":5.0},{"damage":26,"enemies":"Slavers","floor":23,"turns":1}],"seed_played":"7244699600367454498","potions_obtained":[{"floor":7.0,"key":"Fruit Juice"},{"floor":10.0,"key":"Ambrosia"},{"floor":16.0,"key":"Swift Potion"},{"floor":18.0,"key":"Dexterity Potion"},{"floor":19.0,"key":"BlessingOfTheForge"}],"is_trial":false,"path_per_floor":["M","?","$","?","M","R","M","R","T","E","M","E","R","?","R","B",null,"M","M","?","?","?","E"],"character_chosen":"WATCHER","items_purchased":["OrangePellets","Adaptation"],"campfire_rested":2,"item_purchase_floors":[3,3],"current_hp_per_floor":[61,61,61,61,54,54,47,47,47,39,37,14,32,13,31,16,51,34,8,8,8,8,0,0],"gold":177,"neow_bonus":"TWO_FIFTY_GOLD","is_daily":false,"chose_seed":false,"campfire_upgraded":2,"win_rate":0.0,"timestamp":1610960743,"path_taken":["M","?","$","?","M","R","M","R","T","E","?","E","R","?","R","BOSS","M","M","?","?","?","E"],"items_purchased_type":["Relic","Card"],"build_version":"2020-12-13","purchased_purges":1,"victory":false,"max_hp_per_floor":[62,62,62,62,62,62,62,62,62,62,62,62,62,62,62,62,62,62,62,62,62,62,67,67],"relic_stats":{"OrangePellets":[0],"Nunchaku":[4],"counters":[10,51],"obtain_stats":[{"Potion Belt":2,"OrangePellets":3,"Nunchaku":12,"Molten Egg 2":9,"Coffee Dripper":17,"PureWater":0,"InkBottle":10},{"Potion Belt":1,"OrangePellets":1,"Nunchaku":6,"Molten Egg 2":3,"Coffee Dripper":7,"PureWater":0,"InkBottle":4},{"Potion Belt":5,"OrangePellets":5,"Nunchaku":29,"Molten Egg 2":14,"Coffee Dripper":37,"PureWater":0,"InkBottle":21}],"InkBottle":[9]},"card_choices":[{"not_picked":["ClearTheMind","Halt"],"picked":"BowlingBash","floor":1.0},{"not_picked":["Adaptation","FlurryOfBlows"],"picked":"ThirdEye","floor":5.0},{"not_picked":["JustLucky","PathToVictory"],"picked":"Blasphemy","floor":7.0},{"not_picked":["ThirdEye","FlurryOfBlows+1"],"picked":"Omniscience","floor":10.0},{"not_picked":["InnerPeace","ClearTheMind"],"picked":"LikeWater","floor":11.0},{"not_picked":["ForeignInfluence","Crescendo"],"picked":"Consecrate+1","floor":12.0},{"not_picked":["Brilliance+1","Ragnarok+1"],"picked":"DeusExMachina","floor":16.0},{"not_picked":["EmptyBody","Protect"],"picked":"FlurryOfBlows+1","floor":18.0},{"not_picked":["ForeignInfluence","Evaluate"],"picked":"Meditate","floor":19.0}],"player_experience":1430318,"relics_obtained":[{"floor":9.0,"key":"Molten Egg 2"},{"floor":10.0,"key":"InkBottle"},{"floor":12.0,"key":"Nunchaku"}],"event_choices":[{"damage_healed":0.0,"max_hp_gain":0.0,"max_hp_loss":0.0,"gold_gain":0.0,"event_name":"Big Fish","player_choice":"Box","floor":2.0,"gold_loss":0.0,"damage_taken":0.0,"relics_obtained":["Potion Belt"],"cards_obtained":["Regret"]},{"cards_removed":["Strike_P"],"damage_healed":0.0,"max_hp_gain":0.0,"max_hp_loss":0.0,"gold_gain":0.0,"event_name":"Bonfire Elementals","player_choice":"Offered Basic","floor":4.0,"gold_loss":0.0,"damage_taken":0.0},{"damage_healed":0.0,"max_hp_gain":0.0,"max_hp_loss":0.0,"gold_gain":0.0,"event_name":"Shining Light","player_choice":"Entered Light","floor":14.0,"gold_loss":0.0,"damage_taken":19.0,"cards_upgraded":["Defend_P","Strike_P"]},{"damage_healed":0.0,"max_hp_gain":0.0,"max_hp_loss":0.0,"gold_gain":0.0,"cards_transformed":["Strike_P","Defend_P"],"event_name":"Drug Dealer","player_choice":"Became Test Subject","floor":20.0,"gold_loss":0.0,"damage_taken":0.0,"cards_obtained":["BattleHymn","Blasphemy"]},{"cards_removed":["Blasphemy"],"damage_healed":0.0,"max_hp_gain":0.0,"max_hp_loss":0.0,"gold_gain":0.0,"event_name":"Beggar","player_choice":"Gave Gold","floor":21.0,"gold_loss":75.0,"damage_taken":0.0},{"damage_healed":0,"gold_gain":0,"player_choice":"Leave","damage_taken":0,"max_hp_gain":0,"max_hp_loss":0,"event_name":"FaceTrader","floor":22,"gold_loss":0}],"is_beta":false,"boss_relics":[{"not_picked":["Empty Cage","Calling Bell"],"picked":"Coffee Dripper"}],"items_purged_floors":[3],"is_endless":false,"potions_floor_spawned":[7,10,16,18,19],"killed_by":"Slavers","ascension_level":20}}