{"host":"qhhcmep1unj6mpf7","time":1610987447,"event":{"mods":["2.2 Compatiblity","AchievementEnabler","BaseMod","Colored Map","DeckTracker","Highlight Path","Keyboard Shortcuts","Minty Spire (QoL Compilation)","Permanent Neow","Quick Restart","Random Character Button","StSLib","SuperFastMode","everything is the same but u backflip on backflip"],"gold_per_floor":[118,132,144,9,9,9,20,32,32,11,11,43,43,63,63,164,164,164],"floor_reached":17,"language":"KOR","playtime":749,"items_purged":[],"score":157,"play_id":"7a904e2b-b3bf-4a25-bda7-4bd2e8c5abca","local_time":"20210119013047","is_ascension_mode":false,"campfire_choices":[{"data":"Amplify","floor":6.0,"key":"SMITH"},{"data":"Fusion","floor":11.0,"key":"SMITH"},{"data":"Defragment","floor":13.0,"key":"SMITH"},{"data":"Coolheaded","floor":15.0,"key":"SMITH"}],"circlet_count":0,"master_deck":["Zap","Dualcast","Seek","Barrage","Ball Lightning","Amplify+1","Defragment+1","Fusion+1","Coolheaded+1","Capacitor","Capacitor","Reboot","Rip and Tear","Melter","FTL","Biased Cognition","Redo","Consume","Reprogram"],"relics":["Cracked Core","The Courier","Mummified Hand","War Paint","Pandora\u0027s Box"],"acts_visited":["Exordium","TheCity"],"potions_floor_usage":[],"damage_taken":[{"damage":0.0,"enemies":"2 Louse","floor":1.0,"turns":2.0},{"damage":3.0,"enemies":"Jaw Worm","floor":2.0,"turns":4.0},{"damage":0.0,"enemies":"Cultist","floor":3.0,"turns":2.0},{"damage":2.0,"enemies":"2 Fungi Beasts","floor":7.0,"turns":3.0},{"damage":4.0,"enemies":"Exordium Thugs","floor":8.0,"turns":4.0},{"damage":13.0,"enemies":"3 Sentries","floor":12.0,"turns":7.0},{"damage":0.0,"enemies":"Large Slime","floor":14.0,"turns":4.0},{"damage":14.0,"enemies":"Hexaghost","floor":16.0,"turns":8.0}],"seed_played":"7135702489456868626","potions_obtained":[{"floor":2.0,"key":"SpeedPotion"},{"floor":12.0,"key":"Ancient Potion"},{"floor":14.0,"key":"DuplicationPotion"}],"is_trial":false,"path_per_floor":["M","M","M","$","?","R","M","M","T","$","R","E","R","M","R","B",null],"character_chosen":"DEFECT","items_purchased":["Amplify","Coolheaded"],"campfire_rested":0,"item_purchase_floors":[4,10],"current_hp_per_floor":[75,72,72,72,54,54,52,48,48,48,48,35,35,35,35,21,75,75],"gold":164,"neow_bonus":"TRANSFORM_CARD","is_daily":false,"chose_seed":false,"campfire_upgraded":4,"win_rate":0.0,"timestamp":1610987447,"path_taken":["M","M","M","$","?","R","M","M","T","?","R","E","R","?","R","BOSS"],"items_purchased_type":["Card","Card"],"build_version":"2020-12-22","purchased_purges":0,"victory":false,"max_hp_per_floor":[75,75,75,75,75,75,75,75,75,75,75,75,75,75,75,75,75,75],"card_choices":[{"not_picked":["Turbo","Streamline"],"picked":"Barrage","floor":1.0},{"not_picked":["FTL","Cold Snap"],"picked":"Ball Lightning","floor":2.0},{"not_picked":["Gash","Steam","Hello World"],"picked":"SKIP","floor":3.0},{"not_picked":["Scrape","FTL"],"picked":"Defragment","floor":7.0},{"not_picked":["Sweeping Beam","Seek"],"picked":"Fusion","floor":8.0},{"not_picked":["Rebound","Ball Lightning"],"picked":"Capacitor","floor":12.0},{"not_picked":["Cold Snap","Coolheaded"],"picked":"Capacitor","floor":14.0},{"not_picked":["Thunder Strike","Seek"],"picked":"Reboot","floor":16.0}],"player_experience":318641,"relics_obtained":[{"floor":9.0,"key":"Mummified Hand"},{"floor":12.0,"key":"War Paint"}],"event_choices":[{"damage_healed":0.0,"max_hp_gain":0.0,"max_hp_loss":0.0,"gold_gain":0.0,"event_name":"Scrap Ooze","player_choice":"Success","floor":5.0,"gold_loss":0.0,"damage_taken":18.0,"relics_obtained":["The Courier"]}],"is_beta":false,"boss_relics":[{"not_picked":["Coffee Dripper","Runic Dome"],"picked":"Pandora\u0027s Box"}],"items_purged_floors":[],"is_endless":false,"potions_floor_spawned":[2,12,14],"ascension_level":0}}