{"host":"22s5scuj7mu87reg","time":1610929277,"event":{"mods":["BaseMod","Better Third Choice","Colored Powertips","Dota2Spire","Downfall","Duelist Mod","GungeonMod","Halation","Hubris","Infinite Spire","Koishi","KomeijiMod","Minty Spire (QoL Compilation)","Quick Restart","Replay The Spire","Shop Mod","StSLib","SuperFastMode","The Jungle","The Mystic","The Necromancer","Wandering Minibosses"],"gold_per_floor":[136,61,61,81,98,126,126,151,151,151,163,193,193,204,204,300,300,315,315,315,326,339,339,374,374,374,374,403,403,403,403],"floor_reached":30,"language":"POL","playtime":1290,"items_purged":["theDuelist:Sparks","theDuelist:Sparks"],"score":282,"play_id":"827515ec-f6ae-4da0-816c-70df31d4b918","local_time":"20210118012117","is_ascension_mode":true,"campfire_choices":[{"floor":7,"key":"REST"},{"data":"theDuelist:Invigoration","floor":10,"key":"SMITH"},{"floor":15,"key":"REST"},{"data":"theDuelist:Zektarrow","floor":23,"key":"SMITH"},{"floor":27,"key":"REST"},{"floor":29,"key":"REST"}],"circlet_count":0,"master_deck":["theDuelist:Invigoration","theDuelist:Invigoration+1","theDuelist:Zektarrow+1","theDuelist:Sparks","theDuelist:BugSignal+1","theDuelist:Invigoration+1","theDuelist:CastleWalls","theDuelist:CocoonEvolution","theDuelist:Parasite","theDuelist:MetamorphInsectQueen","theDuelist:CocoonEvolution","theDuelist:PoseidonBeetle","theDuelist:BlazewingButterfly","theDuelist:ManEaterBug","theDuelist:UndergroundArachnid","theDuelist:RelinquishedSpider","theDuelist:InsectQueen","theDuelist:HunterSpider","theDuelist:Grasschopper"],"relics":["theDuelist:MillenniumPuzzle","theDuelist:CardPoolRelic","theDuelist:CardPoolBasicRelic","NeowsBlessing","Boot","Dota2Spire:Dagon","Dota2Spire:OrchidMalevolence","infinitespire:Eraser","theDuelist:CursedHealer","Philosopher\u0027s Stone","Replay:Bottled Snecko","theDuelist:Monsterbox","halation:TwoAmDonut","Red Mask"],"acts_visited":["Exordium","TheCity"],"potions_floor_usage":[6,21,24,24],"damage_taken":[{"damage":0,"enemies":"2 Louse","floor":1,"turns":1},{"damage":0,"enemies":"Cultist","floor":4,"turns":1},{"damage":0,"enemies":"Jaw Worm","floor":5,"turns":1},{"damage":73,"enemies":"Gremlin Nob","floor":6,"turns":6},{"damage":17,"enemies":"Lagavulin","floor":8,"turns":5},{"damage":10,"enemies":"Looter","floor":11,"turns":2},{"damage":4,"enemies":"Gremlin Gang","floor":14,"turns":3},{"damage":16,"enemies":"Hexaghost","floor":16,"turns":7},{"damage":0,"enemies":"Spheric Guardian","floor":18,"turns":1},{"damage":7,"enemies":"2 Thieves","floor":21,"turns":2},{"damage":0,"enemies":"3 Cultists","floor":22,"turns":3},{"damage":65,"enemies":"Slavers","floor":24,"turns":5},{"damage":14,"enemies":"Masked Bandits","floor":28,"turns":4},{"damage":57,"enemies":"Shelled Parasite and Fungi","floor":30,"turns":3}],"seed_played":"8647975568201197404","potions_obtained":[{"floor":1,"key":"Adrenaline Potion"},{"floor":4,"key":"theDuelist:TokenPotion"},{"floor":16,"key":"Explosive Potion"},{"floor":18,"key":"Regen Potion"},{"floor":21,"key":"Fire Potion"}],"is_trial":false,"path_per_floor":["M","$","?","M","M","E","R","E","T","R","M","?","?","M","R","B",null,"M","?","?","M","M","R","E","$","T","R","?","R","M"],"character_chosen":"THE_DUELIST","items_purchased":["theDuelist:Monsterbox"],"campfire_rested":4,"item_purchase_floors":[25],"current_hp_per_floor":[80,80,80,80,80,7,31,14,14,14,4,4,29,25,49,33,80,80,80,80,73,73,73,23,18,18,42,28,52,0,0],"gold":403,"neow_bonus":"THREE_ENEMY_KILL","is_daily":false,"chose_seed":false,"campfire_upgraded":2,"win_rate":0.0,"timestamp":1610929277,"path_taken":["M","$","?","M","?","E","R","E","T","R","M","?","?","?","R","BOSS","M","?","?","M","?","R","E","?","T","R","?","R","M"],"items_purchased_type":["Relic"],"build_version":"2020-12-13","purchased_purges":2,"victory":false,"max_hp_per_floor":[80,80,80,80,80,80,80,80,80,80,80,80,80,80,80,80,80,80,80,80,80,80,80,80,80,80,80,80,80,80,80],"card_choices":[{"not_picked":["theDuelist:EmpressMantis","theDuelist:AtomicFirefly"],"picked":"theDuelist:BugSignal","floor":1},{"not_picked":["theDuelist:ManEaterBug","theDuelist:TornadoDragon","theDuelist:KarakuriSpider"],"picked":"SKIP","floor":4},{"not_picked":["theDuelist:DigitalBug","theDuelist:KarakuriSpider"],"picked":"theDuelist:ArsenalBug","floor":5},{"not_picked":["theDuelist:MareMare","theDuelist:Anteater"],"picked":"theDuelist:HundredFootHorror","floor":6},{"not_picked":["theDuelist:BirdParadise","theDuelist:CrossSwordBeetle"],"picked":"theDuelist:Invigoration","floor":8},{"not_picked":["theDuelist:ReptiliannePoison","theDuelist:RelinquishedSpider"],"picked":"theDuelist:SkullMarkLadybug","floor":11},{"not_picked":["theDuelist:SpiderWeb","theDuelist:MareMare","theDuelist:PinchHopper"],"picked":"SKIP","floor":14},{"not_picked":["theDuelist:PoisonChain","theDuelist:SpiderEgg"],"picked":"theDuelist:Zektarrow","floor":16},{"not_picked":["theDuelist:UndergroundArachnid","theDuelist:CorrosiveScales"],"picked":"theDuelist:DrillBug","floor":18},{"not_picked":["theDuelist:DigitalBug","theDuelist:MotherSpider"],"picked":"theDuelist:Invigoration","floor":21},{"not_picked":["theDuelist:TornadoDragon","theDuelist:MetalArmoredBug"],"picked":"theDuelist:MotherSpider","floor":22},{"not_picked":["theDuelist:AtomicFirefly","theDuelist:RelinquishedSpider"],"picked":"theDuelist:DrillBug","floor":24}],"player_experience":158737,"relics_obtained":[{"floor":6,"key":"Boot"},{"floor":8,"key":"Dota2Spire:Dagon"},{"floor":9,"key":"Dota2Spire:OrchidMalevolence"},{"floor":24,"key":"Replay:Bottled Snecko"},{"floor":26,"key":"halation:TwoAmDonut"},{"floor":28,"key":"Red Mask"}],"event_choices":[{"damage_healed":0,"gold_gain":0,"player_choice":"Upgraded","damage_taken":0,"max_hp_gain":0,"max_hp_loss":0,"event_name":"Upgrade Shrine","floor":3,"gold_loss":0,"cards_upgraded":["theDuelist:BugSignal"]},{"damage_healed":0,"gold_gain":30,"player_choice":"Searched \u00272\u0027 times","damage_taken":0,"relics_obtained":["infinitespire:Eraser"],"max_hp_gain":0,"max_hp_loss":0,"event_name":"Dead Adventurer","floor":12,"gold_loss":0},{"damage_healed":0,"gold_gain":0,"player_choice":"Succumb - +25HP/Cursed Relic","duelist":true,"damage_taken":0,"max_hp_gain":0,"max_hp_loss":0,"event_name":"Tomb of the Nameless","floor":13,"gold_loss":0},{"damage_healed":0,"gold_gain":0,"player_choice":"Traded Castle Walls for Ground Spider","duelist":true,"damage_taken":0,"max_hp_gain":0,"max_hp_loss":0,"event_name":"Card Trader","floor":19,"gold_loss":0},{"damage_healed":0,"gold_gain":0,"player_choice":"Copied","damage_taken":0,"max_hp_gain":0,"max_hp_loss":0,"event_name":"Duplicator","floor":20,"gold_loss":0,"cards_obtained":["theDuelist:Invigoration"]},{"damage_healed":0,"gold_gain":0,"player_choice":"Fought Bandits","damage_taken":0,"max_hp_gain":0,"max_hp_loss":0,"event_name":"Masked Bandits","floor":28,"gold_loss":0}],"is_beta":false,"boss_relics":[{"not_picked":["halation:Risk","SacredBark"],"picked":"Philosopher\u0027s Stone"}],"items_purged_floors":[2,25],"is_endless":false,"potions_floor_spawned":[1,4,16,18,21],"killed_by":"Shelled Parasite and Fungi","ascension_level":2}}