{"host":"ktoxvvst1mwxww91","time":1610962462,"event":{"mods":["BaseMod","Downfall","Hermit","Minty Spire (QoL Compilation)","StSLib","The Blackbeard","The Hierophant","The Mystic","The Necromancer"],"gold_per_floor":[99,118,28,47,47,47,47,32,32,42,74,74,59,87,102,204,204,104,119,137,153,38,38,38,55,55,55,66,80,80,91,102,203,203,103,118,135,147,147,160,210,60,110,210,210,110,110,123,136,136,136,165,8,8,8,8,8],"floor_reached":56,"language":"ENG","playtime":5919,"items_purged":["bronze:Strike","bronze:Strike","bronze:Strike","bronze:ShipIt"],"score":686,"play_id":"3e45c87e-43c1-416e-ac51-cd98eb61ce86","local_time":"20210118103422","is_ascension_mode":false,"campfire_choices":[{"data":"bronze:Replicate","floor":1,"key":"SMITH"},{"data":"bronze:Philosophize","floor":6,"key":"SMITH"},{"floor":18,"key":"RECALL"},{"data":"bronze:Shell","floor":23,"key":"SMITH"},{"data":"bronze:Deprecate","floor":26,"key":"SMITH"},{"data":"bronze:Virus","floor":35,"key":"SMITH"},{"data":"bronze:Format","floor":46,"key":"SMITH"},{"floor":54,"key":"REST"}],"circlet_count":0,"master_deck":["bronze:Defend","bronze:Defend","bronze:Defend","bronze:Defend","bronze:Replicate+1","bronze:Goto","bronze:ChildClass","bronze:Philosophize+1","bronze:CloningBeam","bronze:Frontload","bronze:Branch+1","bronze:Repulsor","bronze:Deprecate+1","bronze:Repair","bronze:MaxOutput+1","bronze:HyperBeam","bronze:Fortify+1","bronze:BronzeOrb+1","bronze:Shell+1","bronze:Shell+1","bronze:WhirlingStrike","Necronomicurse","bronze:DelayedSlice+1","bronze:Iterate","bronze:Virus+1","bronze:DarkDash+1","bronze:Optimize+1","bronze:DelayedSlice+1","expansioncontent:AwakenDeath+1","bronze:Format+1","bronze:ClassDefault+1","bronze:CutThrough+1","bronze:Repulsor+1"],"relics":["bronze:PlatinumCore","Juzu Bracelet","Lizard Tail","Vajra","Guardian:PocketSentry","Frozen Egg 2","Snecko Eye","downfall:HeartBlessingGreen","Bottled Lightning","Necronomicon","downfall:HeartBlessingRed","Whetstone","Torii","White Beast Statue","downfall:HeartBlessingBlue","CaptainsWheel","Oddly Smooth Stone"],"acts_visited":["Exordium","TheCity","TheBeyond","TheEnding"],"potions_floor_usage":[11,13,15,28,30,33,33,33,50,50,55,55],"damage_taken":[{"damage":1,"enemies":"Cultist","floor":2,"turns":3},{"damage":0,"enemies":"downfall:FleeingMerchant","floor":3,"turns":4},{"damage":1,"enemies":"Jaw Worm","floor":4,"turns":3},{"damage":11,"enemies":"downfall:FleeingMerchant","floor":8,"turns":4},{"damage":0,"enemies":"2 Louse","floor":10,"turns":3},{"damage":7,"enemies":"Lagavulin","floor":11,"turns":6},{"damage":0,"enemies":"downfall:FleeingMerchant","floor":13,"turns":4},{"damage":32,"enemies":"Gremlin Nob","floor":14,"turns":6},{"damage":0,"enemies":"Lots of Slimes","floor":15,"turns":5},{"damage":12,"enemies":"WA_ARCHETYPE_RETAIN","floor":16,"turns":8},{"damage":0,"enemies":"Chosen","floor":19,"turns":5},{"damage":1,"enemies":"Shell Parasite","floor":20,"turns":5},{"damage":6,"enemies":"Snecko","floor":21,"turns":4},{"damage":0,"enemies":"downfall:FleeingMerchant","floor":22,"turns":4},{"damage":0,"enemies":"3 Cultists","floor":25,"turns":3},{"damage":6,"enemies":"Chosen and Byrds","floor":28,"turns":2},{"damage":21,"enemies":"Sentry and Sphere","floor":29,"turns":6},{"damage":0,"enemies":"Snake Plant","floor":30,"turns":2},{"damage":14,"enemies":"Centurion and Healer","floor":31,"turns":3},{"damage":0,"enemies":"Shelled Parasite and Fungi","floor":32,"turns":3},{"damage":80,"enemies":"DF_ARCHETYPE_CLAW","floor":33,"turns":14},{"damage":1,"enemies":"Orb Walker","floor":36,"turns":2},{"damage":15,"enemies":"downfall:FleeingMerchant","floor":37,"turns":4},{"damage":0,"enemies":"3 Shapes","floor":38,"turns":2},{"damage":0,"enemies":"Spire Growth","floor":40,"turns":3},{"damage":0,"enemies":"Spire Growth","floor":43,"turns":4},{"damage":0,"enemies":"downfall:LadyInBlue","floor":44,"turns":5},{"damage":0,"enemies":"3 Darklings","floor":48,"turns":2},{"damage":12,"enemies":"Maw","floor":49,"turns":6},{"damage":107,"enemies":"SI_POISON_ARCHETYPE","floor":50,"turns":12},{"damage":68,"enemies":"downfall:CharBossMerchant","floor":52,"turns":8},{"damage":19,"enemies":"downfall:NeowBoss","floor":55,"turns":19},{"damage":38,"enemies":"downfall:NeowBossFinal","floor":56,"turns":5}],"seed_played":"-9022910954655790482","potions_obtained":[{"floor":4,"key":"SpeedPotion"},{"floor":11,"key":"SpeedPotion"},{"floor":14,"key":"AttackPotion"},{"floor":16,"key":"SmokeBomb"},{"floor":21,"key":"DuplicationPotion"},{"floor":28,"key":"GamblersBrew"},{"floor":29,"key":"GamblersBrew"},{"floor":31,"key":"DuplicationPotion"},{"floor":32,"key":"Slimebound:ThreeZeroPotion"},{"floor":40,"key":"GamblersBrew"},{"floor":43,"key":"DuplicationPotion"},{"floor":44,"key":"LiquidBronze"},{"floor":44,"key":"bronze:BuildAFunctionPotion"},{"floor":52,"key":"Energy Potion"}],"is_trial":false,"path_per_floor":["R","M","$","M","?","R","T","$","?","M","E","T","$","E","M","B",null,"R","M","M","M","$","R","T","M","R","?","M","M","M","M","M","B",null,"R","M","$","M","?","M","T","$","?","?","?","R","$","M","M","B",null,"E","$","R","B","B"],"character_chosen":"THE_AUTOMATON","items_purchased":["bronze:Optimize+1","Whetstone","Oddly Smooth Stone"],"campfire_rested":1,"item_purchase_floors":[37,37,53],"current_hp_per_floor":[77,76,76,75,75,75,75,64,64,64,57,57,57,25,32,27,77,77,77,76,71,77,77,77,77,77,61,55,41,41,27,34,7,77,77,76,62,69,69,69,69,69,69,76,76,86,86,86,75,72,87,29,29,55,36,0,0],"gold":8,"neow_bonus":"TEN_PERCENT_HP_BONUS","is_daily":false,"chose_seed":false,"campfire_upgraded":6,"win_rate":0.0,"timestamp":1610962462,"path_taken":["R","M","$","?","?","R","T","?","?","M","E","?","$","E","M","BOSS","R","M","M","M","$","R","T","M","R","?","M","M","M","M","M","BOSS","R","M","$","M","?","M","T","?","?","?","?","R","$","M","M","BOSS","E","$","R","BOSS","BOSS"],"items_purchased_type":["Card","Relic","Relic"],"build_version":"2020-12-22","purchased_purges":4,"victory":false,"max_hp_per_floor":[77,77,77,77,77,77,77,77,77,77,77,77,77,77,77,77,77,77,77,77,77,77,77,77,77,77,77,77,77,77,77,77,77,77,77,77,77,77,77,77,77,77,77,77,77,87,87,87,87,87,87,87,87,87,87,87,87],"card_choices":[{"not_picked":["bronze:BitShift","bronze:Frontload"],"picked":"bronze:ChildClass","floor":2},{"not_picked":["bronze:Allocate","bronze:NullPointer"],"picked":"bronze:Philosophize","floor":3},{"not_picked":["bronze:GetLatest","bronze:BugBarrage"],"picked":"bronze:CloningBeam","floor":4},{"not_picked":["bronze:BuggyMess","bronze:Turbo"],"picked":"bronze:Frontload","floor":8},{"not_picked":["bronze:DigitalCarnage","bronze:RecursiveStrike"],"picked":"bronze:Branch","floor":10},{"not_picked":["bronze:NullPointer","bronze:FineTuning"],"picked":"bronze:Repulsor","floor":11},{"not_picked":["bronze:Allocate","bronze:Branch"],"picked":"bronze:Deprecate","floor":13},{"not_picked":["bronze:Iterate","bronze:AlphaBuild"],"picked":"bronze:Repair","floor":14},{"not_picked":["bronze:ChildClass","bronze:Philosophize"],"picked":"bronze:MaxOutput+1","floor":15},{"not_picked":["bronze:BurnOut","bronze:Format"],"picked":"bronze:HyperBeam","floor":16},{"not_picked":["bronze:DelayedSlice","bronze:Turbo+1"],"picked":"bronze:Fortify","floor":19},{"not_picked":["bronze:ForLoop","bronze:Shield+1"],"picked":"bronze:BronzeOrb+1","floor":20},{"not_picked":["bronze:Branch","bronze:Turbo+1"],"picked":"bronze:Shell","floor":21},{"not_picked":["bronze:ItsAFeature+1","bronze:MaxOutput+1"],"picked":"bronze:Shell+1","floor":22},{"not_picked":["bronze:ClassDefault+1","bronze:ItsAFeature+1"],"picked":"bronze:WhirlingStrike","floor":25},{"not_picked":["bronze:OilSpill","bronze:Safeguard+1"],"picked":"bronze:ShipIt","floor":28},{"not_picked":["bronze:Repulsor+1","bronze:ForceShield"],"picked":"bronze:DelayedSlice+1","floor":29},{"not_picked":["bronze:Allocate+1","bronze:FineTuning+1"],"picked":"bronze:Iterate","floor":31},{"not_picked":["bronze:Turbo","bronze:Branch"],"picked":"bronze:Repulsor+1","floor":32},{"not_picked":["bronze:SpaghettiCode","bronze:RecursiveStrike"],"picked":"bronze:Virus","floor":33},{"not_picked":["bronze:WildBeam+1","bronze:WhirlingStrike+1","bronze:BugBarrage"],"picked":"SKIP","floor":36},{"not_picked":["bronze:ForceShield","bronze:WildBeam"],"picked":"bronze:DarkDash+1","floor":37},{"not_picked":["bronze:BuggyMess","bronze:Backtrace+1"],"picked":"bronze:DelayedSlice+1","floor":38},{"not_picked":["expansioncontent:PolyBeam","expansioncontent:Chronoboost+1"],"picked":"expansioncontent:AwakenDeath+1","floor":39},{"not_picked":["bronze:DelayedSlice","bronze:ItsAFeature+1","bronze:BronzeArmor"],"picked":"SKIP","floor":40},{"not_picked":["bronze:Frontload+1","bronze:Overload"],"picked":"bronze:Format","floor":43},{"not_picked":["bronze:Shell+1","bronze:ItsAFeature+1"],"picked":"bronze:ClassDefault+1","floor":48},{"not_picked":["bronze:ItsAFeature+1","bronze:Deprecate"],"picked":"bronze:CutThrough+1","floor":49},{"not_picked":["bronze:Optimize+1","bronze:ForLoop+1"],"picked":"bronze:Repulsor+1","floor":52}],"player_experience":1145125,"relics_obtained":[{"floor":7,"key":"Juzu Bracelet"},{"floor":9,"key":"Lizard Tail"},{"floor":11,"key":"Vajra"},{"floor":12,"key":"Guardian:PocketSentry"},{"floor":14,"key":"Frozen Egg 2"},{"floor":24,"key":"Bottled Lightning"},{"floor":27,"key":"Necronomicon"},{"floor":43,"key":"Torii"},{"floor":44,"key":"White Beast Statue"},{"floor":52,"key":"CaptainsWheel"}],"event_choices":[{"damage_healed":0,"gold_gain":0,"player_choice":"Relic","damage_taken":0,"max_hp_gain":0,"max_hp_loss":0,"event_name":"Wheel of Change","floor":9,"gold_loss":0},{"cards_removed":["bronze:Repulsor"],"damage_healed":0,"gold_gain":0,"player_choice":"Removed Power","damage_taken":0,"max_hp_gain":0,"max_hp_loss":0,"event_name":"Falling","floor":45,"gold_loss":0}],"is_beta":false,"boss_relics":[{"not_picked":["Black Star","Fusion Hammer"],"picked":"Snecko Eye"},{"not_picked":["Busted Crown","Runic Dome"],"picked":"bronze:PlatinumCore"}],"items_purged_floors":[3,22,37,42],"is_endless":false,"potions_floor_spawned":[4,11,14,16,21,28,29,31,32,40,43,48,49,52],"killed_by":"downfall:NeowBossFinal","ascension_level":0}}