{"host":"s41rn2jhghpwfrvz","time":1610954249,"event":{"mods":["BaseMod","Minty Spire (QoL Compilation)","Quick Restart","Relic Stats","SuperFastMode"],"gold_per_floor":[116,135,150,164,164,190,190,223,223,258,271,138,149,162,162,241,241,260,276,276,201,219,245,245,245,271,271,297,317,348,365,365,436,436,446,446,180,180,197,229,259,273,273,290,302,328,342,372,372,372,372,372,372,49,80,80],"floor_reached":57,"language":"ENG","playtime":1711,"items_purged":["SignatureMove+1","Flame Barrier","Carnage"],"score":3312,"play_id":"3c882bff-8d3c-4ea7-9da8-7beada3340ba","local_time":"20210118091729","daily_mods":["SealedDeck","Diverse","DeadlyEvents"],"is_ascension_mode":true,"campfire_choices":[{"data":"Dark Embrace","floor":7,"key":"SMITH"},{"data":"Acrobatics","floor":15,"key":"SMITH"},{"data":"Backflip","floor":25,"key":"SMITH"},{"data":"Acrobatics","floor":27,"key":"SMITH"},{"data":"Burning Pact","floor":32,"key":"SMITH"},{"floor":49,"key":"RECALL"},{"data":"EmptyMind","floor":53,"key":"SMITH"}],"circlet_count":0,"master_deck":["AscendersBane","EmptyMind+1","Acrobatics+1","Chill","Backstab","Gash","Acrobatics+1","Dark Embrace+1","Gash","Backflip+1","Gash","Prostrate+1","Burning Pact+1","Madness","Madness","Double Tap","Feel No Pain","Reflex"],"relics":["Burning Blood","Vajra","Potion Belt","StrikeDummy","Runic Pyramid","Nilry\u0027s Codex","Toy Ornithopter","Bronze Scales","Ancient Tea Set","Pen Nib","Coffee Dripper","Lantern","Dream Catcher","Smiling Mask","Blood Vial","Bottled Tornado","Strawberry","Sundial","HornCleat"],"acts_visited":["Exordium","TheCity","TheBeyond","TheEnding"],"potions_floor_usage":[8,16,28,28,30,40,56,56,56,56],"damage_taken":[{"damage":0,"enemies":"Cultist","floor":1,"turns":4},{"damage":0,"enemies":"Small Slimes","floor":2,"turns":2},{"damage":0,"enemies":"2 Louse","floor":3,"turns":2},{"damage":8,"enemies":"Large Slime","floor":4,"turns":4},{"damage":24,"enemies":"Lagavulin","floor":6,"turns":6},{"damage":26,"enemies":"3 Sentries","floor":8,"turns":5},{"damage":9,"enemies":"Gremlin Nob","floor":10,"turns":3},{"damage":13,"enemies":"Blue Slaver","floor":11,"turns":3},{"damage":1,"enemies":"3 Louse","floor":13,"turns":3},{"damage":1,"enemies":"Exordium Thugs","floor":14,"turns":3},{"damage":0,"enemies":"The Guardian","floor":16,"turns":9},{"damage":0,"enemies":"Spheric Guardian","floor":18,"turns":2},{"damage":10,"enemies":"Shell Parasite","floor":19,"turns":2},{"damage":0,"enemies":"3 Cultists","floor":22,"turns":3},{"damage":2,"enemies":"Gremlin Leader","floor":23,"turns":4},{"damage":18,"enemies":"Slavers","floor":28,"turns":3},{"damage":2,"enemies":"Chosen and Byrds","floor":29,"turns":5},{"damage":32,"enemies":"Gremlin Leader","floor":30,"turns":3},{"damage":0,"enemies":"Centurion and Healer","floor":31,"turns":3},{"damage":0,"enemies":"Collector","floor":33,"turns":2},{"damage":2,"enemies":"Orb Walker","floor":35,"turns":2},{"damage":0,"enemies":"3 Shapes","floor":39,"turns":2},{"damage":0,"enemies":"Reptomancer","floor":40,"turns":2},{"damage":0,"enemies":"Giant Head","floor":41,"turns":2},{"damage":0,"enemies":"Spire Growth","floor":42,"turns":1},{"damage":18,"enemies":"3 Darklings","floor":44,"turns":3},{"damage":0,"enemies":"Transient","floor":45,"turns":2},{"damage":9,"enemies":"Reptomancer","floor":46,"turns":2},{"damage":0,"enemies":"Maw","floor":47,"turns":3},{"damage":6,"enemies":"Nemesis","floor":48,"turns":3},{"damage":25,"enemies":"Time Eater","floor":50,"turns":3},{"damage":6,"enemies":"Awakened One","floor":51,"turns":3},{"damage":0,"enemies":"Shield and Spear","floor":55,"turns":1},{"damage":4,"enemies":"The Heart","floor":56,"turns":4}],"seed_played":"-5067368389235910889","potions_obtained":[{"floor":2,"key":"ColorlessPotion"},{"floor":6,"key":"EssenceOfSteel"},{"floor":8,"key":"Explosive Potion"},{"floor":10,"key":"Explosive Potion"},{"floor":11,"key":"Weak Potion"},{"floor":19,"key":"Dexterity Potion"},{"floor":23,"key":"Dexterity Potion"},{"floor":29,"key":"Swift Potion"},{"floor":30,"key":"AttackPotion"},{"floor":35,"key":"FairyPotion"},{"floor":39,"key":"Fruit Juice"},{"floor":42,"key":"FearPotion"},{"floor":45,"key":"Dexterity Potion"},{"floor":47,"key":"FearPotion"}],"is_trial":true,"path_per_floor":["M","M","M","M","?","E","R","E","T","E","M","$","M","M","R","B",null,"M","M","?","?","M","E","T","R","T","R","E","M","E","M","R","B",null,"M","?","$","?","M","E","E","M","T","M","M","E","M","E","R","B","B",null,"R","$","E","B",null],"character_chosen":"IRONCLAD","items_purchased":["Gash","Lantern","Sundial"],"campfire_rested":0,"item_purchase_floors":[12,37,54],"current_hp_per_floor":[74,75,75,73,73,55,55,35,35,32,25,25,30,35,35,41,67,73,69,48,48,54,58,58,58,58,58,56,60,39,45,45,51,69,73,59,59,59,65,80,80,80,80,68,76,75,80,87,87,68,70,83,83,83,87,87],"gold":80,"neow_bonus":"","is_daily":false,"chose_seed":false,"campfire_upgraded":6,"win_rate":0.0,"timestamp":1610954249,"path_taken":["M","M","?","M","?","E","R","E","T","?","M","$","M","M","R","BOSS","M","M","?","?","?","E","?","R","T","R","E","?","E","M","R","BOSS","M","?","?","?","M","E","?","M","T","M","M","E","M","E","R","BOSS","BOSS","R","$","E","BOSS"],"items_purchased_type":["Card","Relic","Relic"],"build_version":"2020-12-22","purchased_purges":3,"victory":true,"max_hp_per_floor":[75,75,75,75,75,75,75,75,75,75,75,75,75,75,75,75,75,75,75,75,75,75,75,75,75,75,75,75,75,75,75,75,75,75,75,75,75,75,75,80,80,80,80,80,80,80,80,87,87,87,87,87,87,87,87,87],"relic_stats":{"Blood Vial":10,"Dream Catcher":0,"counters":[34,104],"Sundial":[64],"Bronze Scales":[138],"Pen Nib":[25],"Smiling Mask":75,"obtain_stats":[{"Potion Belt":9,"Lantern":37,"Nilry\u0027s Codex":20,"Vajra":8,"Pen Nib":30,"Bottled Tornado":46,"Ancient Tea Set":28,"Smiling Mask":41,"Burning Blood":0,"Blood Vial":43,"Dream Catcher":40,"HornCleat":55,"Sundial":54,"Bronze Scales":26,"Strawberry":48,"Coffee Dripper":34,"StrikeDummy":10,"Toy Ornithopter":23,"Runic Pyramid":17},{"Potion Belt":6,"Lantern":21,"Nilry\u0027s Codex":13,"Vajra":6,"Pen Nib":18,"Bottled Tornado":28,"Ancient Tea Set":16,"Smiling Mask":24,"Burning Blood":0,"Blood Vial":25,"Dream Catcher":23,"HornCleat":33,"Sundial":32,"Bronze Scales":15,"Strawberry":30,"Coffee Dripper":20,"StrikeDummy":7,"Toy Ornithopter":15,"Runic Pyramid":11},{"Potion Belt":23,"Lantern":73,"Nilry\u0027s Codex":48,"Vajra":23,"Pen Nib":66,"Bottled Tornado":87,"Ancient Tea Set":58,"Smiling Mask":79,"Burning Blood":0,"Blood Vial":80,"Dream Catcher":77,"HornCleat":100,"Sundial":99,"Bronze Scales":55,"Strawberry":93,"Coffee Dripper":71,"StrikeDummy":26,"Toy Ornithopter":55,"Runic Pyramid":44}],"Burning Blood":167,"Toy Ornithopter":24},"card_choices":[{"not_picked":["Leap","Hello World"],"picked":"Acrobatics","floor":1},{"not_picked":["Calculated Gamble","Fasting2","Well Laid Plans"],"picked":"SKIP","floor":2},{"not_picked":["Endless Agony","DeceiveReality","True Grit"],"picked":"SKIP","floor":3},{"not_picked":["Dagger Throw","Poisoned Stab","Seeing Red"],"picked":"SKIP","floor":4},{"not_picked":["Perfected Strike","Leg Sweep"],"picked":"Dark Embrace","floor":6},{"not_picked":["Sucker Punch","Iron Wave"],"picked":"Gash","floor":8},{"not_picked":["Outmaneuver","Fusion","PathToVictory"],"picked":"SKIP","floor":10},{"not_picked":["Coolheaded","Force Field"],"picked":"Backflip","floor":11},{"not_picked":["Conserve Battery","Deflect","FearNoEvil"],"picked":"SKIP","floor":13},{"not_picked":["ConjureBlade","BowlingBash","Flechettes"],"picked":"SKIP","floor":14},{"not_picked":["Barrage","Rip and Tear"],"picked":"Prostrate+1","floor":18},{"not_picked":["Warcry","PathToVictory","Perseverance"],"picked":"SKIP","floor":19},{"not_picked":["Capacitor","Undo","Thunderclap"],"picked":"SKIP","floor":22},{"not_picked":["Leap","Study","Wireheading"],"picked":"SKIP","floor":23},{"not_picked":["Crescendo","Adaptation","Rebound"],"picked":"SKIP","floor":28},{"not_picked":["Weave","Noxious Fumes","Shockwave+1"],"picked":"SKIP","floor":29},{"not_picked":["Redo","Distraction"],"picked":"Burning Pact","floor":30},{"not_picked":["EmptyFist","Footwork","Poisoned Stab+1"],"picked":"SKIP","floor":31},{"not_picked":["Endless Agony","EmptyFist","Iron Wave"],"picked":"SKIP","floor":35},{"not_picked":["FollowUp","Battle Trance","Pray"],"picked":"SKIP","floor":39},{"not_picked":["Thunderclap","Inflame","WheelKick"],"picked":"SKIP","floor":40},{"not_picked":["WheelKick","Weave","Tools of the Trade"],"picked":"SKIP","floor":41},{"not_picked":["Evaluate","Outmaneuver","Anger+1"],"picked":"SKIP","floor":42},{"not_picked":["Reprogram","Expertise","Loop"],"picked":"SKIP","floor":44},{"not_picked":["Conclude","Go for the Eyes+1","CrushJoints"],"picked":"SKIP","floor":45},{"not_picked":["Fission","Storm"],"picked":"Feel No Pain","floor":46},{"not_picked":["Gash","ThirdEye","PiercingWail"],"picked":"SKIP","floor":47},{"not_picked":["Genetic Algorithm+1","Underhanded Strike+1","Amplify"],"picked":"SKIP","floor":48},{"not_picked":["CarveReality","Scrape"],"picked":"Reflex","floor":55}],"player_experience":1782155,"relics_obtained":[{"floor":8,"key":"Vajra"},{"floor":9,"key":"Potion Belt"},{"floor":10,"key":"StrikeDummy"},{"floor":20,"key":"Nilry\u0027s Codex"},{"floor":23,"key":"Toy Ornithopter"},{"floor":26,"key":"Bronze Scales"},{"floor":28,"key":"Ancient Tea Set"},{"floor":30,"key":"Pen Nib"},{"floor":40,"key":"Dream Catcher"},{"floor":41,"key":"Smiling Mask"},{"floor":43,"key":"Blood Vial"},{"floor":46,"key":"Bottled Tornado"},{"floor":48,"key":"Strawberry"},{"floor":55,"key":"HornCleat"}],"event_choices":[{"damage_healed":0,"gold_gain":0,"player_choice":"Forge","damage_taken":0,"max_hp_gain":0,"max_hp_loss":0,"event_name":"Accursed Blacksmith","floor":5,"gold_loss":0,"cards_upgraded":["SignatureMove"]},{"damage_healed":0,"gold_gain":0,"player_choice":"Obtained Book","damage_taken":21,"max_hp_gain":0,"max_hp_loss":0,"event_name":"Cursed Tome","floor":20,"gold_loss":0},{"cards_removed":["Noxious Fumes"],"damage_healed":0,"gold_gain":0,"player_choice":"Gave Gold","damage_taken":0,"max_hp_gain":0,"max_hp_loss":0,"event_name":"Beggar","floor":21,"gold_loss":75},{"damage_healed":0,"gold_gain":0,"player_choice":"Embrace Madness","damage_taken":14,"max_hp_gain":0,"max_hp_loss":0,"event_name":"Winding Halls","floor":36,"gold_loss":0,"cards_obtained":["Madness","Madness"]},{"damage_healed":0,"gold_gain":0,"cards_transformed":["Havoc"],"player_choice":"Transformed","damage_taken":0,"max_hp_gain":0,"max_hp_loss":0,"event_name":"Transmorgrifier","floor":38,"gold_loss":0,"cards_obtained":["Double Tap"]}],"is_beta":false,"boss_relics":[{"not_picked":["Calling Bell","Runic Cube"],"picked":"Runic Pyramid"},{"not_picked":["Runic Dome","Mark of Pain"],"picked":"Coffee Dripper"}],"items_purged_floors":[12,37,54],"is_endless":false,"potions_floor_spawned":[2,6,8,10,11,19,23,29,30,35,39,42,45,46,47],"ascension_level":20}}