{"host":"lb27wy21808d043q","time":1610995437,"event":{"mods":["AchievementEnabler","BaseMod","BetterRewards","Clockwork Mod","Colored Map","Conspire","Curses Come First","Halation","Highlight Path","Hubris","Infinite Spire","Marisa????????","Minty Spire (QoL Compilation)","Replay The Spire","StSLib","The Bug Knight","The Servant 0.9.4","Yuri Mod"],"gold_per_floor":[19,30,30,105,121,121,152,166,166,199,199,270,270,294,294,294,294],"floor_reached":16,"language":"ENG","playtime":1495,"items_purged":[],"score":125,"play_id":"456b4562-cac1-4203-9a54-eb8e8913ca8d","local_time":"20210118194357","is_ascension_mode":false,"campfire_choices":[{"data":"HollowMod:CycloneSlash","floor":6,"key":"SMITH"},{"data":"HollowMod:ChannelNail","floor":11,"key":"SMITH"},{"floor":13,"key":"REST"}],"circlet_count":0,"master_deck":["HollowMod:NailStrikeStart","HollowMod:NailStrikeStart","HollowMod:NailStrikeStart","HollowMod:NailStrikeStart","HollowMod:QuickDashStart","HollowMod:QuickDashStart","HollowMod:QuickDashStart","HollowMod:QuickDashStart","HollowMod:FocusHealStart","HollowMod:PogoStrike","HollowMod:CycloneSlash+1","HollowMod:SoulVessel","HollowMod:VengefulSpirit","HollowMod:ChannelNail+1","HollowMod:DreamGate+1","HollowMod:GoodIntentions","HollowMod:SoulStrike","HollowMod:SoulSplash"],"relics":["HollowMod:VesselMask","hubris:MedicalManual","Golden Idol","infinitespire:ShieldingShard","hubris:TenFootPole","Replay:Rubber Ducky"],"acts_visited":["Exordium"],"potions_floor_usage":[7,10,12],"damage_taken":[{"damage":0,"enemies":"Small Slimes","floor":1,"turns":2},{"damage":1,"enemies":"Jaw Worm","floor":2,"turns":3},{"damage":6,"enemies":"conspire:RoseBush","floor":5,"turns":5},{"damage":0,"enemies":"HollowMod:MossKnight","floor":7,"turns":7},{"damage":0,"enemies":"2 Fungi Beasts","floor":8,"turns":3},{"damage":13,"enemies":"conspire:MimicChest","floor":10,"turns":7},{"damage":45,"enemies":"Lagavulin Event","floor":12,"turns":13},{"damage":2,"enemies":"Looter","floor":14,"turns":2},{"damage":59,"enemies":"Hexaghost","floor":16,"turns":16}],"seed_played":"-5720880047045260232","potions_obtained":[{"floor":5,"key":"Dexterity Potion"},{"floor":7,"key":"Weak Potion"},{"floor":10,"key":"Dexterity Potion"}],"is_trial":false,"path_per_floor":["M","M","?","?","M","R","E","M","T","?","R","?","R","M","R_BF","B"],"character_chosen":"THE_BUGKNIGHT","items_purchased":[],"campfire_rested":1,"item_purchase_floors":[],"current_hp_per_floor":[75,74,69,58,58,58,68,68,68,55,55,10,30,28,48,0,0],"gold":294,"neow_bonus":"ONE_RARE_RELIC","is_daily":false,"chose_seed":false,"campfire_upgraded":2,"win_rate":0.0,"timestamp":1610995437,"path_taken":["M","M","?","?","M","R","E","?","T","?","R","?","R","M","R_BF","BOSS"],"items_purchased_type":[],"build_version":"2020-12-22","purchased_purges":0,"victory":false,"max_hp_per_floor":[75,75,69,69,69,69,69,69,69,69,69,69,69,69,69,69,69],"card_choices":[{"not_picked":["HollowMod:InfectedAttack","HollowMod:LifebloodCocoon"],"picked":"HollowMod:CycloneSlash","floor":1},{"not_picked":["HollowMod:NewGlowingWomb","HollowMod:LifebloodCocoon"],"picked":"HollowMod:SoulVessel","floor":2},{"not_picked":["HollowMod:LifebloodCocoon","HollowMod:CycloneSlash"],"picked":"HollowMod:VengefulSpirit","floor":5},{"not_picked":["HollowMod:SiblingsShadow","HollowMod:NewJinnsSoul"],"picked":"HollowMod:ChannelNail","floor":7},{"not_picked":["HollowMod:CornifersMapStart","HollowMod:HuntersJournal"],"picked":"HollowMod:DreamGate","floor":8},{"not_picked":["HollowMod:Hiveblood","HollowMod:HeavyBlow"],"picked":"HollowMod:GoodIntentions","floor":10},{"not_picked":["HollowMod:InfectedCysts","HollowMod:DescendingDark"],"picked":"HollowMod:SoulStrike","floor":12},{"not_picked":["HollowMod:CycloneSlash","HollowMod:NewLittleFool"],"picked":"HollowMod:SoulSplash","floor":14}],"player_experience":25411,"relics_obtained":[{"floor":7,"key":"infinitespire:ShieldingShard"},{"floor":10,"key":"hubris:TenFootPole"},{"floor":12,"key":"Replay:Rubber Ducky"}],"event_choices":[{"damage_healed":0,"gold_gain":0,"player_choice":"Lose Max HP","damage_taken":0,"relics_obtained":["Golden Idol"],"max_hp_gain":0,"max_hp_loss":6,"event_name":"Golden Idol","floor":3,"gold_loss":0},{"damage_healed":0,"gold_gain":75,"player_choice":"Gather Gold","damage_taken":11,"max_hp_gain":0,"max_hp_loss":0,"event_name":"World of Goop","floor":4,"gold_loss":0},{"damage_healed":0,"gold_gain":0,"player_choice":"Searched \u00272\u0027 times","damage_taken":0,"max_hp_gain":0,"max_hp_loss":0,"event_name":"Dead Adventurer","floor":12,"gold_loss":0}],"is_beta":false,"boss_relics":[],"items_purged_floors":[],"is_endless":false,"potions_floor_spawned":[5,7,10],"killed_by":"Hexaghost","ascension_level":0}}