{"host":"u9h06qdlnp3wgzsw","time":1610991755,"event":{"mods":["BaseMod","Downfall","Hermit","Minty Spire (QoL Compilation)","Rare Cards Sparkle","Shop Mod","StSLib","The Disciple","The Hierophant","The Servant 0.9.4"],"gold_per_floor":[117,117,42,62,75,110,110,121,121,121,41,51,51,51,51,148,148,166,91,91,10,23,23,23],"floor_reached":23,"language":"ENG","playtime":1713,"items_purged":["Decay"],"score":189,"play_id":"c3b496a3-2a6f-4e13-bdb9-15195e5df0b2","local_time":"20210118124235","is_ascension_mode":false,"campfire_choices":[{"floor":7,"key":"REST"},{"floor":10,"key":"REST"},{"floor":13,"key":"REST"},{"data":"LockedPlans","floor":15,"key":"SMITH"}],"circlet_count":0,"master_deck":["Strike_Br","Strike_Br","Strike_Br","Strike_Br","Defend_Br","Defend_Br","Defend_Br","Defend_Br","SecondHand","PatternShift","LockedMercury","LockedCalendar","LockedThread","LockedScales","PrimeTime","LockedPlans+1","Flay","LockedWarPaint","OverTime","Echoward+1","LockedTurtyl","PrimeTime"],"relics":["Chronometer","Blue Candle","Nunchaku","Toxic Egg 2","SlaversCollar"],"acts_visited":["Exordium","TheCity"],"potions_floor_usage":[6,18],"damage_taken":[{"damage":0,"enemies":"Small Slimes","floor":1,"turns":4},{"damage":9,"enemies":"2 Louse","floor":4,"turns":3},{"damage":6,"enemies":"Cultist","floor":5,"turns":5},{"damage":37,"enemies":"Lagavulin","floor":6,"turns":8},{"damage":44,"enemies":"Gremlin Gang","floor":8,"turns":5},{"damage":10,"enemies":"Looter","floor":12,"turns":4},{"damage":30,"enemies":"The Guardian","floor":16,"turns":18},{"damage":9,"enemies":"Chosen","floor":18,"turns":7},{"damage":25,"enemies":"Spheric Guardian","floor":22,"turns":8},{"damage":46,"enemies":"Gremlin Leader","floor":23,"turns":5}],"seed_played":"-7896586577027697903","potions_obtained":[{"floor":5,"key":"SteroidPotion"},{"floor":16,"key":"AttackPotion"}],"is_trial":false,"path_per_floor":["M","?","$","M","M","E","R","M","T","R","$","M","R","?","R","B",null,"M","?","?","$","M","E"],"character_chosen":"CHRONO_CLASS","items_purchased":["Flay","LockedTurtyl"],"campfire_rested":3,"item_purchase_floors":[11,21],"current_hp_per_floor":[71,76,76,67,61,24,46,2,2,24,24,14,36,55,55,25,76,67,67,67,67,42,0,0],"gold":23,"neow_bonus":"TEN_PERCENT_HP_BONUS","is_daily":false,"chose_seed":false,"campfire_upgraded":1,"win_rate":0.0,"timestamp":1610991755,"path_taken":["M","?","$","M","M","E","R","M","T","R","$","M","R","?","R","BOSS","M","?","?","$","M","E"],"items_purchased_type":["Card","Card"],"build_version":"2020-12-22","purchased_purges":1,"victory":false,"max_hp_per_floor":[71,76,76,76,76,76,76,76,76,76,76,76,76,76,76,76,76,76,76,73,73,73,73,73],"card_choices":[{"not_picked":["Engulf","LockedScales"],"picked":"LockedMercury","floor":1},{"not_picked":["PrimeTime","LockedScales"],"picked":"LockedThread","floor":4},{"not_picked":["PrimeTime","HandsUpB"],"picked":"LockedScales","floor":5},{"not_picked":["LockedMawBank","BlueShift"],"picked":"PrimeTime","floor":6},{"not_picked":["Goo","LockedMercury"],"picked":"LockedPlans","floor":8},{"not_picked":["ReapSow","LockedMawBank"],"picked":"LockedWarPaint","floor":12},{"not_picked":["LockedFlame","LockedBell"],"picked":"OverTime","floor":16},{"not_picked":["AlternateTimeline+1","Cuckoo+1"],"picked":"Echoward+1","floor":18},{"not_picked":["BlueShift+1","LockedMedicine+1"],"picked":"PrimeTime","floor":22}],"player_experience":813386,"relics_obtained":[{"floor":6,"key":"Nunchaku"},{"floor":9,"key":"Toxic Egg 2"}],"event_choices":[{"damage_healed":19,"gold_gain":0,"player_choice":"Healed and dodged fight","damage_taken":0,"max_hp_gain":0,"max_hp_loss":0,"event_name":"Mushrooms","floor":14,"gold_loss":0,"cards_obtained":["Parasite"]},{"cards_removed":["downfall:Haunted"],"damage_healed":0,"gold_gain":0,"player_choice":"Gave Gold","damage_taken":0,"max_hp_gain":0,"max_hp_loss":0,"event_name":"Beggar","floor":19,"gold_loss":75},{"cards_removed":["Parasite","Clumsy"],"damage_healed":0,"gold_gain":0,"player_choice":"Removed Curses","damage_taken":0,"max_hp_gain":0,"max_hp_loss":0,"event_name":"Fountain of Cleansing","floor":20,"gold_loss":0}],"is_beta":false,"boss_relics":[{"not_picked":["Ectoplasm","Busted Crown"],"picked":"SlaversCollar"}],"items_purged_floors":[3],"is_endless":false,"potions_floor_spawned":[5,16],"killed_by":"Gremlin Leader","ascension_level":0}}