{"host":"78gzzqthv4qrbzd5","time":1610932889,"event":{"mods":["BaseMod","Hermit","Jorbs\u0027s Wanderer Trilogy","Marisa????????","Minty Spire (QoL Compilation)","StSLib","The Bug Knight","The Cursed","The Hierophant","The Jungle","The Senshi","The Witch"],"gold_per_floor":[112,124,138,70,81,114,134,151,199,218,145,145,145,177,177,278,278,298,309,309,325,342,342,19,19,19,19,34,49,66,85,85,186,186,186,186],"floor_reached":35,"language":"ENG","playtime":3378,"items_purged":[],"score":425,"play_id":"362765d9-66b9-467a-b613-f0060feb4385","local_time":"20210117202129","is_ascension_mode":false,"campfire_choices":[{"floor":12,"key":"REST"},{"floor":15,"key":"REST"},{"floor":23,"key":"REST"},{"data":"hermit:EternalForm","floor":25,"key":"SMITH"},{"floor":32,"key":"REST"}],"circlet_count":0,"master_deck":["hermit:Defend_Hermit","hermit:Defend_Hermit","hermit:Defend_Hermit","hermit:Defend_Hermit","hermit:Snapshot","hermit:Covet","hermit:BodyArmor","hermit:WideOpen","hermit:FlashPowder","hermit:GhostlyPresence","hermit:BigShot","hermit:EternalForm+1","hermit:Misfire","hermit:TrackingShot","hermit:FatalDesire","hermit:NoHoldsBarred","hermit:Gambit","hermit:HeroicBravado","hermit:Manifest","Madness","hermit:Snipe","hermit:Reprieve","hermit:GoldenBullet","hermit:DeadMansHand+1","hermit:ShadowCloak","hermit:NoHoldsBarred","hermit:NoHoldsBarred+1","hermit:HeroicBravado","hermit:LowProfile+1","hermit:HeroicBravado+1","hermit:TakeCover+1"],"relics":["hermit:Momento","Question Card","Boot","Darkstone Periapt","hermit:DentedPlate","White Beast Statue","Eternal Feather","Astrolabe"],"acts_visited":["Exordium","TheCity","TheBeyond"],"potions_floor_usage":[16,22,29,29,30,31,33],"damage_taken":[{"damage":1,"enemies":"Cultist","floor":1,"turns":3},{"damage":0,"enemies":"2 Louse","floor":2,"turns":3},{"damage":0,"enemies":"Small Slimes","floor":3,"turns":3},{"damage":3,"enemies":"Red Slaver","floor":5,"turns":4},{"damage":16,"enemies":"3 Sentries","floor":6,"turns":13},{"damage":10,"enemies":"Exordium Wildlife","floor":7,"turns":7},{"damage":1,"enemies":"Blue Slaver","floor":8,"turns":4},{"damage":11,"enemies":"Large Slime","floor":10,"turns":7},{"damage":9,"enemies":"Gremlin Nob","floor":14,"turns":4},{"damage":12,"enemies":"Slime Boss","floor":16,"turns":8},{"damage":25,"enemies":"Shell Parasite","floor":18,"turns":8},{"damage":5,"enemies":"Chosen","floor":19,"turns":5},{"damage":17,"enemies":"Shelled Parasite and Fungi","floor":21,"turns":10},{"damage":35,"enemies":"Sentry and Sphere","floor":22,"turns":7},{"damage":21,"enemies":"Centurion and Healer","floor":28,"turns":7},{"damage":30,"enemies":"Shelled Parasite and Fungi","floor":29,"turns":11},{"damage":32,"enemies":"Snake Plant","floor":30,"turns":4},{"damage":10,"enemies":"Snecko","floor":31,"turns":6},{"damage":131,"enemies":"Automaton","floor":33,"turns":18},{"damage":16,"enemies":"3 Shapes","floor":35,"turns":3}],"seed_played":"-3180947952093639763","potions_obtained":[{"floor":3,"key":"DuplicationPotion"},{"floor":5,"key":"hermit:Tonic"},{"floor":14,"key":"BlessingOfTheForge"},{"floor":16,"key":"Dexterity Potion"},{"floor":19,"key":"BlessingOfTheForge"},{"floor":21,"key":"SkillPotion"},{"floor":28,"key":"DuplicationPotion"},{"floor":29,"key":"FairyPotion"},{"floor":30,"key":"SkillPotion"},{"floor":31,"key":"Ancient Potion"},{"floor":33,"key":"Energy Potion"}],"is_trial":false,"path_per_floor":["M","M","M","$","M","E","M","M","T","M","$","R","?","E","R","B",null,"M","M","?","M","M","R","$","R","T","$","M","M","M","M","R","B",null,"M"],"character_chosen":"HERMIT","items_purchased":["hermit:GhostlyPresence","hermit:NoHoldsBarred","hermit:ShadowCloak","White Beast Statue"],"campfire_rested":4,"item_purchase_floors":[4,11,24,24],"current_hp_per_floor":[81,81,81,81,78,62,52,51,51,40,40,64,64,55,79,67,99,74,69,69,68,37,71,71,71,71,71,62,52,20,26,78,7,7,0,0],"gold":186,"neow_bonus":"TEN_PERCENT_HP_BONUS","is_daily":false,"chose_seed":false,"campfire_upgraded":1,"win_rate":0.0,"timestamp":1610932889,"path_taken":["M","M","M","?","M","E","M","M","T","M","$","R","?","E","R","BOSS","M","M","?","M","M","R","$","R","T","$","M","M","M","M","R","BOSS","M"],"items_purchased_type":["Card","Card","Card","Relic"],"build_version":"2020-12-22","purchased_purges":0,"victory":false,"max_hp_per_floor":[82,82,82,82,82,82,82,82,82,82,82,82,82,82,82,82,114,114,114,114,114,114,114,114,114,114,114,114,114,114,114,114,114,114,114,114],"card_choices":[{"not_picked":["hermit:Misfire","hermit:Desperado"],"picked":"hermit:BodyArmor","floor":1},{"not_picked":["hermit:Quickdraw","hermit:Headshot"],"picked":"hermit:WideOpen","floor":2},{"not_picked":["hermit:Snipe","hermit:Feint"],"picked":"hermit:FlashPowder","floor":3},{"not_picked":["hermit:Feint","hermit:Vantage"],"picked":"hermit:BigShot","floor":5},{"not_picked":["hermit:Ricochet","hermit:Virtue"],"picked":"hermit:EternalForm","floor":6},{"not_picked":["hermit:WideOpen","hermit:Desperado","hermit:Quickdraw"],"picked":"hermit:Misfire","floor":7},{"not_picked":["hermit:Maintenance","hermit:Dive","hermit:Vantage"],"picked":"hermit:TrackingShot","floor":8},{"not_picked":["hermit:LowProfile","hermit:Dive","hermit:Headshot"],"picked":"hermit:FatalDesire","floor":10},{"not_picked":["hermit:Quickdraw","hermit:SprayPray","hermit:TrackingShot"],"picked":"hermit:Gambit","floor":14},{"not_picked":["hermit:Reprieve","hermit:HighNoon","hermit:Adapt"],"picked":"hermit:HeroicBravado","floor":16},{"not_picked":["hermit:Desperado","hermit:Ricochet","hermit:FullyLoaded+1"],"picked":"hermit:Manifest","floor":18},{"not_picked":["hermit:Snipe","hermit:HighCaliber","hermit:Cheat","hermit:Coalescence+1"],"picked":"SKIP","floor":19},{"not_picked":["hermit:Glare","hermit:Horror","hermit:Snipe"],"picked":"hermit:GoldenBullet","floor":21},{"not_picked":["hermit:Enervate","hermit:Glare","hermit:Scavenge"],"picked":"hermit:DeadMansHand+1","floor":22},{"not_picked":["hermit:ShadowCloak","hermit:CalledShot","hermit:Dive","hermit:Midnight+1"],"picked":"SKIP","floor":28},{"not_picked":["hermit:BodyArmor","hermit:CalledShot","hermit:Feint"],"picked":"hermit:NoHoldsBarred","floor":29},{"not_picked":["hermit:SprayPray","hermit:EyeOfTheStorm+1","hermit:Misfire","hermit:Snipe"],"picked":"SKIP","floor":30},{"not_picked":["hermit:HighCaliber+1","hermit:Feint","hermit:Gambit"],"picked":"hermit:NoHoldsBarred+1","floor":31},{"not_picked":["hermit:FinalCanter","hermit:Roughhouse","hermit:HighNoon"],"picked":"hermit:HeroicBravado","floor":33}],"player_experience":146877,"relics_obtained":[{"floor":6,"key":"Question Card"},{"floor":9,"key":"Boot"},{"floor":14,"key":"Darkstone Periapt"},{"floor":26,"key":"Eternal Feather"}],"event_choices":[{"cards_removed":["hermit:Strike_Hermit"],"damage_healed":0,"gold_gain":0,"player_choice":"Card Removal","damage_taken":0,"max_hp_gain":0,"max_hp_loss":0,"event_name":"Wheel of Change","floor":13,"gold_loss":0},{"damage_healed":0,"gold_gain":0,"player_choice":"3 cards matched","damage_taken":0,"max_hp_gain":0,"max_hp_loss":0,"event_name":"Match and Keep!","floor":20,"gold_loss":0,"cards_obtained":["Madness","hermit:Snipe","hermit:Reprieve"]}],"is_beta":false,"boss_relics":[{"not_picked":["Fusion Hammer","Ectoplasm"],"picked":"hermit:DentedPlate"},{"not_picked":["Busted Crown","Coffee Dripper"],"picked":"Astrolabe"}],"items_purged_floors":[],"is_endless":false,"potions_floor_spawned":[3,5,14,16,19,21,28,29,30,31,33],"killed_by":"3 Shapes","ascension_level":0}}