{"host":"3ykswgue17e1ycc2","time":1610980651,"event":{"mods":["BaseMod","Colored Powertips","Dark Map","Downfall","Minty Spire (QoL Compilation)","Quick Restart","Rare Cards Sparkle","StSLib"],"gold_per_floor":[99,118,134,134,134,152,152,152,185,198,108,139,139,150,164,164,164,164],"floor_reached":16,"language":"ENG","playtime":976,"items_purged":["Pain"],"score":118,"play_id":"70323b80-bb03-425d-9e28-4a393bfa10da","local_time":"20210118213731","is_ascension_mode":true,"campfire_choices":[{"data":"Guardian:TwinSlam","floor":1,"key":"SMITH"},{"data":"Guardian:CurlUp","floor":8,"key":"SMITH"},{"floor":13,"key":"REST"}],"circlet_count":0,"master_deck":["Guardian:Strike_Guardian","Guardian:Strike_Guardian","Guardian:Strike_Guardian","Guardian:Strike_Guardian","Guardian:Defend_Guardian","Guardian:Defend_Guardian","Guardian:Defend_Guardian","Guardian:Defend_Guardian","Guardian:CurlUp+1","Guardian:TwinSlam+1","Guardian:RollAttack","Guardian:PrimingBeam","Guardian:ArmoredProtocol","Guardian:Orbwalk","Guardian:ShieldCharger","Guardian:Gem_Cyan"],"relics":["Guardian:ModeShifter","WarpedTongs","Gambling Chip","Dream Catcher","Juzu Bracelet"],"acts_visited":["Exordium"],"potions_floor_usage":[16],"damage_taken":[{"damage":1,"enemies":"Cultist","floor":2,"turns":3},{"damage":1,"enemies":"2 Louse","floor":3,"turns":2},{"damage":14,"enemies":"Jaw Worm","floor":6,"turns":2},{"damage":19,"enemies":"Lagavulin","floor":9,"turns":6},{"damage":2,"enemies":"Blue Slaver","floor":10,"turns":3},{"damage":2,"enemies":"downfall:FleeingMerchant","floor":11,"turns":4},{"damage":8,"enemies":"3 Sentries","floor":12,"turns":5},{"damage":12,"enemies":"3 Louse","floor":14,"turns":3},{"damage":13,"enemies":"Lots of Slimes","floor":15,"turns":4},{"damage":45,"enemies":"IC_STATUS_ARCHETYPE","floor":16,"turns":13}],"seed_played":"-6381131122951696460","potions_obtained":[{"floor":3,"key":"SkillPotion"},{"floor":6,"key":"Swift Potion"},{"floor":9,"key":"EssenceOfSteel"}],"is_trial":false,"path_per_floor":["R","M","M","?","?","M","T","R","E","M","$","E","R","M","M","B"],"character_chosen":"GUARDIAN","items_purchased":[],"campfire_rested":1,"item_purchase_floors":[],"current_hp_per_floor":[80,79,78,78,78,64,64,64,45,43,41,33,57,45,32,0,0,0],"gold":164,"neow_bonus":"THREE_CARDS","is_daily":false,"chose_seed":false,"campfire_upgraded":2,"win_rate":0.0,"timestamp":1610980651,"path_taken":["R","M","M","?","?","M","T","R","E","M","$","E","R","M","M","BOSS"],"items_purchased_type":[],"build_version":"2020-12-22","purchased_purges":1,"victory":false,"max_hp_per_floor":[80,80,80,80,80,80,80,80,80,80,80,80,80,80,80,80,80,80],"card_choices":[{"not_picked":["Guardian:VentSteam","Guardian:Gem_Lightblue"],"picked":"Guardian:RollAttack","floor":0},{"not_picked":["Guardian:Suspension","Guardian:Preprogram"],"picked":"Guardian:PrimingBeam","floor":2},{"not_picked":["Guardian:Gem_Lightblue","Guardian:Harden"],"picked":"Guardian:Gem_Red","floor":3},{"not_picked":["Guardian:RefractedBeam","Guardian:ChargeCore"],"picked":"Guardian:ArmoredProtocol","floor":6},{"not_picked":["Guardian:Recover","Guardian:BronzeOrb","Guardian:GemFire"],"picked":"SKIP","floor":9},{"not_picked":["Guardian:RollAttack","Guardian:PrismaticBarrier"],"picked":"Guardian:Orbwalk","floor":10},{"not_picked":["Guardian:DecasProtection","Guardian:BronzeOrb","Guardian:Suspension"],"picked":"SKIP","floor":11},{"not_picked":["Guardian:Gem_Cyan","Guardian:Suspension","Guardian:PrismaticBarrier"],"picked":"SKIP","floor":12},{"not_picked":["Guardian:PrimingBeam","Guardian:Gem_Cyan"],"picked":"Guardian:ShieldCharger","floor":13},{"not_picked":["Guardian:TemporalShield","Guardian:Suspension","Guardian:FastForward"],"picked":"SKIP","floor":14},{"not_picked":["Guardian:TimeBomb","Guardian:Repulse"],"picked":"Guardian:Gem_Cyan","floor":15}],"player_experience":416243,"relics_obtained":[{"floor":7,"key":"Gambling Chip"},{"floor":9,"key":"Dream Catcher"},{"floor":12,"key":"Juzu Bracelet"}],"event_choices":[],"is_beta":false,"boss_relics":[],"items_purged_floors":[11],"is_endless":false,"potions_floor_spawned":[3,6,9,14],"killed_by":"IC_STATUS_ARCHETYPE","ascension_level":1}}