{"host":"pletss163z7s8pvv","time":1610931068,"event":{"mods":["AchievementEnabler","BaseMod","CapriCore","Colored Map","Colored Powertips","Duelist Mod","GifTheSpireLib","Minty Spire (QoL Compilation)","StS++","StSLib"],"gold_per_floor":[140,155,170,185,200,230,230,260,260,275,11,26,26,41,41,41,41],"floor_reached":16,"language":"ENG","playtime":1327,"items_purged":[],"score":141,"play_id":"b40912cc-8dc5-401f-bc9f-e7fa4e549c31","local_time":"20210117185108","daily_mods":["Draft","Green Cards","Lethality"],"is_ascension_mode":false,"campfire_choices":[{"data":"theDuelist:SwordDeepSeated","floor":7,"key":"SMITH"},{"floor":13,"key":"REST"},{"floor":15,"key":"REST"}],"circlet_count":0,"master_deck":["theDuelist:BeaverWarrior","theDuelist:BeaverWarrior","theDuelist:CastleWalls","theDuelist:CastleWalls","theDuelist:FinalFlame","theDuelist:GiantSoldier","theDuelist:GiantSoldier","theDuelist:ScrapFactory","theDuelist:Sparks","theDuelist:Sparks","theDuelist:SparkBlaster","theDuelist:PowerWall","theDuelist:Hinotama","theDuelist:FluteKuriboh","theDuelist:SwordDeepSeated+1","theDuelist:ScrapFactory","theDuelist:FairyBox","theDuelist:PowerWall","theDuelist:ElectromagneticShield","theDuelist:SangaEarth","theDuelist:FluteKuriboh","theDuelist:PowerKaishin","theDuelist:SpiritHarp","theDuelist:Tuningware","theDuelist:EgoBoost","theDuelist:KamionTimelord","theDuelist:FusionWeapon","theDuelist:PotDichotomy","theDuelist:FluteKuriboh","theDuelist:HappyLover","theDuelist:BigFire","theDuelist:RainbowKuriboh","theDuelist:Eva","theDuelist:WingedKuribohLv10","theDuelist:Electrowhip","theDuelist:Tuningware","theDuelist:RainbowNeos"],"relics":["theDuelist:MillenniumPuzzle","theDuelist:CardPoolRelic","theDuelist:CardPoolBasicRelic","theDuelist:BoosterPackPoolRelic","theDuelist:CardPoolAddRelic","theDuelist:CardPoolMinusRelic","theDuelist:CardPoolSaveRelic","theDuelist:CardPoolOptionsRelic","Bag of Marbles","Snake Skull","theDuelist:ZoneToken","Membership Card"],"acts_visited":["Exordium"],"potions_floor_usage":[16,16,16],"damage_taken":[{"damage":0,"enemies":"Cultist","floor":1,"turns":3},{"damage":0,"enemies":"2 Louse","floor":2,"turns":1},{"damage":0,"enemies":"Small Slimes","floor":3,"turns":1},{"damage":0,"enemies":"Blue Slaver","floor":4,"turns":1},{"damage":4,"enemies":"Looter","floor":5,"turns":3},{"damage":16,"enemies":"Lagavulin","floor":6,"turns":4},{"damage":26,"enemies":"Gremlin Nob","floor":8,"turns":4},{"damage":0,"enemies":"3 Louse","floor":10,"turns":4},{"damage":0,"enemies":"Gremlin Gang","floor":12,"turns":4},{"damage":4,"enemies":"Looter","floor":14,"turns":2},{"damage":86,"enemies":"Slime Boss","floor":16,"turns":12}],"seed_played":"-1283480827410872575","potions_obtained":[{"floor":1,"key":"theDuelist:WaterBottle"},{"floor":2,"key":"BlessingOfTheForge"},{"floor":4,"key":"theDuelist:EarthBottle"},{"floor":10,"key":"theDuelist:DestructPotionPot"}],"is_trial":false,"path_per_floor":["M","M","M","M","M","E","R","E","T","M","$","M","R","M","R","B"],"character_chosen":"THE_DUELIST","items_purchased":["Membership Card","theDuelist:WingedKuribohLv10","theDuelist:Electrowhip"],"campfire_rested":2,"item_purchase_floors":[11,11,11],"current_hp_per_floor":[80,80,80,80,76,60,60,34,34,34,34,34,58,54,78,0,0],"gold":41,"neow_bonus":"","is_daily":true,"chose_seed":false,"campfire_upgraded":1,"win_rate":0.0,"timestamp":1610931068,"path_taken":["M","M","M","M","M","E","R","E","T","?","$","M","R","M","R","BOSS"],"items_purchased_type":["Relic","Card","Card"],"build_version":"2020-12-22","purchased_purges":0,"victory":false,"max_hp_per_floor":[80,80,80,80,80,80,80,80,80,80,80,80,80,80,80,88,88],"card_choices":[{"not_picked":["theDuelist:AfterTheStorm","theDuelist:StarBlast"],"picked":"theDuelist:SparkBlaster","floor":0},{"not_picked":["theDuelist:FrontierWiseman","theDuelist:BigKoala"],"picked":"theDuelist:PowerWall","floor":0},{"not_picked":["theDuelist:RainbowNeos","theDuelist:BigKoala"],"picked":"theDuelist:Hinotama","floor":0},{"not_picked":["theDuelist:WormApocalypse","theDuelist:AfterTheStorm"],"picked":"theDuelist:FluteKuriboh","floor":0},{"not_picked":["theDuelist:ImperialOrder","theDuelist:Tuningware"],"picked":"theDuelist:SwordDeepSeated","floor":0},{"not_picked":["theDuelist:Predaponics","theDuelist:MythicalBeast"],"picked":"theDuelist:ScrapFactory","floor":0},{"not_picked":["theDuelist:ScrapFactory","theDuelist:InfernoFireBlast"],"picked":"theDuelist:FairyBox","floor":0},{"not_picked":["theDuelist:ScrapFactory","theDuelist:SwordDeepSeated"],"picked":"theDuelist:PowerWall","floor":0},{"not_picked":["theDuelist:MeteorDestruction","theDuelist:FairyBox"],"picked":"theDuelist:ElectromagneticShield","floor":0},{"not_picked":["theDuelist:Tuningware","theDuelist:CoreBlaster"],"picked":"theDuelist:SangaEarth","floor":0},{"not_picked":["theDuelist:BlackPendant","theDuelist:Eva"],"picked":"theDuelist:FluteKuriboh","floor":0},{"not_picked":["theDuelist:SpiralSpearStrike","theDuelist:SwordDeepSeated"],"picked":"theDuelist:PowerKaishin","floor":0},{"not_picked":["theDuelist:DarkBurningAttack","theDuelist:Eva"],"picked":"theDuelist:SpiritHarp","floor":0},{"not_picked":["theDuelist:SilverApples","theDuelist:MeteorDestruction"],"picked":"theDuelist:Tuningware","floor":0},{"not_picked":["theDuelist:LightningVortex","theDuelist:Invigoration"],"picked":"theDuelist:EgoBoost","floor":0},{"not_picked":["theDuelist:WhiteMagicalHat","theDuelist:SpiritHarp","theDuelist:SangaEarth","theDuelist:FrontierWiseman"],"picked":"theDuelist:KamionTimelord","floor":1},{"not_picked":["theDuelist:GravityBlaster","theDuelist:DeltaAttacker","theDuelist:DarkFactory","theDuelist:VenomShot"],"picked":"theDuelist:FusionWeapon","floor":2},{"not_picked":["theDuelist:Hinotama","theDuelist:RedHeadedOni","theDuelist:GemElephant","theDuelist:EarthGiant"],"picked":"theDuelist:PotDichotomy","floor":3},{"not_picked":["theDuelist:CoreBlaster","theDuelist:CombinationAttack","theDuelist:Downbeat","theDuelist:PotDuality"],"picked":"theDuelist:FluteKuriboh","floor":4},{"not_picked":["theDuelist:SangaEarth","theDuelist:FrontierWiseman","theDuelist:RainbowNeos","theDuelist:Eva"],"picked":"theDuelist:HappyLover","floor":5},{"not_picked":["theDuelist:MeteorDestruction","theDuelist:Invigoration","theDuelist:AfterTheStorm","theDuelist:PreventRat"],"picked":"theDuelist:BigFire","floor":6},{"not_picked":["theDuelist:RainbowNeos","theDuelist:KamionTimelord","theDuelist:Eva","theDuelist:RainbowOverdragon"],"picked":"theDuelist:RainbowKuriboh","floor":8},{"not_picked":["theDuelist:CoreBlaster","theDuelist:PowerKaishin","theDuelist:MeteorDestruction","theDuelist:BattleFootballer"],"picked":"theDuelist:Eva","floor":10},{"not_picked":["theDuelist:BigFire","theDuelist:OnslaughtFireKings","theDuelist:Hinotama","theDuelist:CoreBlaster"],"picked":"theDuelist:Tuningware","floor":12},{"not_picked":["theDuelist:BigFire","theDuelist:FluteKuriboh","theDuelist:Downbeat","theDuelist:VendreadCharge"],"picked":"theDuelist:RainbowNeos","floor":14}],"player_experience":422090,"relics_obtained":[{"floor":6,"key":"Bag of Marbles"},{"floor":8,"key":"Snake Skull"},{"floor":9,"key":"theDuelist:ZoneToken"}],"event_choices":[],"is_beta":false,"boss_relics":[],"items_purged_floors":[],"is_endless":false,"potions_floor_spawned":[1,2,4,10,12],"killed_by":"Slime Boss","ascension_level":0}}