{"host":"i7jfea87xc8lz16p","time":1610968466,"event":{"mods":["AchievementEnabler","BaseMod","Colored Powertips","Minty Spire (QoL Compilation)","Relic Stats"],"gold_per_floor":[363,383,102,102,21,54,54,1,75,94,109,139,139,164,164,235,235,255,266,284,58,69,69,100,100,100,100,100],"floor_reached":27,"language":"ENG","playtime":909,"items_purged":["Strike_B","Parasite"],"score":582,"play_id":"b4591e51-637e-4edd-9a2e-ece9b13d84d3","local_time":"20210118121426","is_ascension_mode":true,"campfire_choices":[{"data":"Barrage","floor":7,"key":"SMITH"},{"floor":13,"key":"REST"},{"data":"Sweeping Beam","floor":15,"key":"SMITH"},{"floor":23,"key":"REST"}],"circlet_count":0,"master_deck":["AscendersBane","Strike_B+1","Strike_B+1","Defend_B+1","Defend_B+1","Defend_B+1","Defend_B+1","Zap","Dualcast","Ball Lightning","Sweeping Beam+1","Electrodynamics","Conserve Battery","Barrage+1","Coolheaded","Core Surge+1","Ball Lightning+1","Beam Cell+1","Biased Cognition","Glacier","Undo","Capacitor","Cold Snap+1"],"relics":["Cracked Core","Molten Egg 2","Sundial","Odd Mushroom","MealTicket","Velvet Choker","Happy Flower","Emotion Chip"],"acts_visited":["Exordium","TheCity"],"potions_floor_usage":[6,10,11,14,16,22],"damage_taken":[{"damage":7,"enemies":"Small Slimes","floor":1,"turns":3},{"damage":1,"enemies":"Cultist","floor":2,"turns":3},{"damage":21,"enemies":"Lagavulin","floor":6,"turns":5},{"damage":0,"enemies":"Jaw Worm","floor":10,"turns":3},{"damage":0,"enemies":"Looter","floor":11,"turns":2},{"damage":8,"enemies":"The Mushroom Lair","floor":12,"turns":4},{"damage":3,"enemies":"3 Sentries","floor":14,"turns":4},{"damage":0,"enemies":"Slime Boss","floor":16,"turns":5},{"damage":26,"enemies":"2 Thieves","floor":18,"turns":3},{"damage":9,"enemies":"3 Byrds","floor":19,"turns":4},{"damage":13,"enemies":"Sentry and Sphere","floor":20,"turns":5},{"damage":25,"enemies":"Centurion and Healer","floor":22,"turns":7},{"damage":15,"enemies":"Gremlin Leader","floor":24,"turns":6},{"damage":28,"enemies":"Slavers","floor":27,"turns":2}],"seed_played":"-2760044891859329273","potions_obtained":[{"floor":1,"key":"Strength Potion"},{"floor":10,"key":"SneckoOil"},{"floor":12,"key":"DistilledChaos"},{"floor":14,"key":"SpeedPotion"},{"floor":16,"key":"Ancient Potion"}],"is_trial":false,"path_per_floor":["M","M","$","?","$","E","R","$","T","M","M","?","R","E","R","B",null,"M","M","M","$","M","R","E","?","T","E"],"character_chosen":"DEFECT","items_purchased":["Electrodynamics","Conserve Battery","Coolheaded","Fire Potion","SkillPotion","Capacitor","Regen Potion"],"campfire_rested":2,"item_purchase_floors":[3,3,5,5,8,21,21],"current_hp_per_floor":[57,56,56,56,56,35,35,35,35,35,35,27,48,45,45,45,65,39,30,17,32,22,42,27,27,27,0,0],"gold":100,"neow_bonus":"TWO_FIFTY_GOLD","is_daily":false,"chose_seed":false,"campfire_upgraded":2,"win_rate":0.0,"timestamp":1610968466,"path_taken":["M","M","$","?","$","E","R","?","T","M","?","?","R","E","R","BOSS","M","M","M","$","M","R","E","?","T","E"],"items_purchased_type":["Card","Card","Card","Potion","Potion","Card","Potion"],"build_version":"2020-12-22","purchased_purges":2,"victory":false,"max_hp_per_floor":[71,71,71,71,71,71,71,71,71,71,71,71,71,71,71,71,71,71,71,71,68,68,68,68,68,68,68,68],"relic_stats":{"Emotion Chip":[1,1,0,0,0],"Happy Flower":[0],"counters":[14,56],"Sundial":[4],"MealTicket":15,"obtain_stats":[{"Emotion Chip":26,"Happy Flower":24,"Sundial":9,"Velvet Choker":17,"Molten Egg 2":6,"MealTicket":14,"Odd Mushroom":12,"Cracked Core":0},{"Emotion Chip":13,"Happy Flower":13,"Sundial":3,"Velvet Choker":8,"Molten Egg 2":3,"MealTicket":7,"Odd Mushroom":6,"Cracked Core":0},{"Emotion Chip":54,"Happy Flower":54,"Sundial":11,"Velvet Choker":29,"Molten Egg 2":11,"MealTicket":24,"Odd Mushroom":20,"Cracked Core":0}]},"card_choices":[{"not_picked":["Streamline","Hologram"],"picked":"Ball Lightning","floor":1},{"not_picked":["Redo","Streamline"],"picked":"Sweeping Beam","floor":2},{"not_picked":["Turbo","Reprogram","Barrage+1"],"picked":"SKIP","floor":6},{"not_picked":["Barrage+1","Double Energy"],"picked":"Core Surge+1","floor":10},{"not_picked":["Heatsinks","Gash+1"],"picked":"Ball Lightning+1","floor":11},{"not_picked":["Tempest","Barrage+1"],"picked":"Beam Cell+1","floor":12},{"not_picked":["Tempest","Streamline+1","Go for the Eyes+1"],"picked":"SKIP","floor":14},{"not_picked":["Fission","Echo Form"],"picked":"Biased Cognition","floor":16},{"not_picked":["Stack+1","Leap"],"picked":"Glacier","floor":18},{"not_picked":["Ball Lightning+1","Beam Cell+1","Compile Driver+1"],"picked":"SKIP","floor":19},{"not_picked":["Skim","Leap"],"picked":"Undo","floor":20},{"not_picked":["Conserve Battery","Beam Cell+1"],"picked":"Cold Snap+1","floor":22},{"not_picked":["Beam Cell+1","Auto Shields","Hologram"],"picked":"SKIP","floor":24}],"player_experience":1806153,"relics_obtained":[{"floor":6,"key":"Molten Egg 2"},{"floor":9,"key":"Sundial"},{"floor":12,"key":"Odd Mushroom"},{"floor":14,"key":"MealTicket"},{"floor":24,"key":"Happy Flower"},{"floor":26,"key":"Emotion Chip"}],"event_choices":[{"damage_healed":0,"gold_gain":0,"cards_transformed":["Strike_B"],"player_choice":"Transformed","damage_taken":0,"max_hp_gain":0,"max_hp_loss":0,"event_name":"Transmorgrifier","floor":4,"gold_loss":0,"cards_obtained":["Barrage"]},{"damage_healed":0,"gold_gain":0,"player_choice":"Fought Mushrooms","damage_taken":0,"max_hp_gain":0,"max_hp_loss":0,"event_name":"Mushrooms","floor":12,"gold_loss":0},{"damage_healed":0,"gold_gain":0,"player_choice":"Simplicity","damage_taken":0,"max_hp_gain":0,"max_hp_loss":0,"event_name":"Back to Basics","floor":25,"gold_loss":0,"cards_upgraded":["Strike_B","Strike_B","Defend_B","Defend_B","Defend_B","Defend_B"]}],"is_beta":false,"boss_relics":[{"not_picked":["Fusion Hammer","Black Star"],"picked":"Velvet Choker"}],"items_purged_floors":[3,21],"is_endless":false,"potions_floor_spawned":[1,10,12,14,16,19,20],"killed_by":"Slavers","ascension_level":20}}