{"host":"8d3fefv2347kqkpz","time":1610997740,"event":{"mods":["100% Spire Juice","AchievementEnabler","Act Like it!","Aspiration","BaseMod","Better Vampires","Colored Map","Colored Powertips","Conspire","GifTheSpireLib","Highlight Path","Mimic Mod","Minty Spire (QoL Compilation)","Quick Restart","Reimu£®≤©¿ˆ¡È√Œ£©","Relic Stats","Remilia£®¿Ÿ√◊¿Ú—«£©","Replay The Spire","Spicy Shops","StSLib","The Gatherer","The Jungle","The Senshi","The Servant 0.9.4","Waifu the Spire","vexMod"],"gold_per_floor":[118,20,20,39,39,72,88,88,136,152,171,171,171],"floor_reached":12,"language":"ZHS","playtime":436,"items_purged":["Strike_B"],"score":80,"play_id":"fb4f5883-3742-4b0f-a9e2-ce754224c954","local_time":"20210119032220","is_ascension_mode":false,"campfire_choices":[{"data":"Reprogram","floor":8,"key":"SMITH"}],"circlet_count":0,"master_deck":["Strike_B","Strike_B","Strike_B","Defend_B+1","Defend_B+1","Defend_B","Defend_B","Zap","Dualcast","Leap","Streamline","Gash","Zap","Panacea","Reprogram+1","Leap"],"relics":["Cracked Core","Ring of Hypnosis","vexMod:MemoryStick","War Paint"],"acts_visited":["Exordium"],"potions_floor_usage":[],"damage_taken":[{"damage":1,"enemies":"Cultist","floor":1,"turns":4},{"damage":2,"enemies":"Small Slimes","floor":4,"turns":3},{"damage":26,"enemies":"3 Sentries","floor":6,"turns":7},{"damage":1,"enemies":"Jaw Worm","floor":7,"turns":3},{"damage":22,"enemies":"Exordium Wildlife","floor":10,"turns":5},{"damage":0,"enemies":"Blue Slaver","floor":11,"turns":4},{"damage":0,"enemies":"Lagavulin","floor":12,"turns":2}],"seed_played":"-6729297741077026801","potions_obtained":[{"floor":4,"key":"AttackPotion"},{"floor":6,"key":"Dexterity Potion"},{"floor":10,"key":"Dexterity Potion"}],"is_trial":false,"path_per_floor":["M","$","?","M","?","E","M","R","T","M","M","E"],"character_chosen":"DEFECT","items_purchased":["Streamline"],"campfire_rested":0,"item_purchase_floors":[2],"current_hp_per_floor":[81,81,81,79,79,53,52,52,52,30,30,30,30],"gold":171,"neow_bonus":"TEN_PERCENT_HP_BONUS","is_daily":false,"chose_seed":false,"campfire_upgraded":1,"win_rate":0.0,"timestamp":1610997740,"path_taken":["M","$","?","M","?","E","?","R","T","?","?","E"],"items_purchased_type":["Card"],"build_version":"2020-12-22","purchased_purges":1,"victory":false,"max_hp_per_floor":[82,82,82,82,82,82,82,82,82,82,82,82,82],"relic_stats":{"counters":[7,28],"War Paint":["Defend_B","Defend_B"],"obtain_stats":[{"vexMod:MemoryStick":6,"Ring of Hypnosis":3,"War Paint":9,"Cracked Core":0},{"vexMod:MemoryStick":3,"Ring of Hypnosis":1,"War Paint":4,"Cracked Core":0},{"vexMod:MemoryStick":14,"Ring of Hypnosis":4,"War Paint":17,"Cracked Core":0}]},"card_choices":[{"not_picked":["Ball Lightning","Crystallizer"],"picked":"Leap","floor":1},{"not_picked":["Tempest","Ball Lightning"],"picked":"Gash","floor":4},{"not_picked":["Undo","conspire:Rain"],"picked":"Reprogram","floor":6},{"not_picked":["Doom and Gloom","Coolheaded","Genetic Algorithm"],"picked":"SKIP","floor":7},{"not_picked":["Stack","Rainbow"],"picked":"Leap","floor":10},{"not_picked":["Panic Button","conspire:SharedLibrary","Capacitor"],"picked":"SKIP","floor":11}],"player_experience":98501,"relics_obtained":[{"floor":3,"key":"Ring of Hypnosis"},{"floor":6,"key":"vexMod:MemoryStick"},{"floor":9,"key":"War Paint"}],"event_choices":[{"damage_healed":0,"gold_gain":0,"player_choice":"2 cards matched","damage_taken":0,"max_hp_gain":0,"max_hp_loss":0,"event_name":"Match and Keep!","floor":5,"gold_loss":0,"cards_obtained":["Zap","Panacea"]}],"is_beta":false,"boss_relics":[],"items_purged_floors":[2],"is_endless":false,"potions_floor_spawned":[4,6,10],"killed_by":"Lagavulin","ascension_level":0}}