{"host":"cw25u8qal1h0d7ia","time":1610984624,"event":{"mods":["BaseMod","Downfall","Minty Spire (QoL Compilation)","StSLib"],"gold_per_floor":[99,119,119,119,130,189,189,18,32,64,83,117,17,35,45,146,146,146,146,146,146,173,186,209,221,259,281,293,333,345,345],"floor_reached":30,"language":"ENG","playtime":2714,"items_purged":[],"score":331,"play_id":"28ee03a5-a619-44ab-a231-2d7646feab02","local_time":"20210118164344","is_ascension_mode":true,"campfire_choices":[{"data":"bronze:Goto","floor":1,"key":"SMITH"},{"data":"bronze:Terminator","floor":13,"key":"SMITH"},{"data":"bronze:Verify","floor":18,"key":"SMITH"},{"data":"bronze:TinkerersToolbox","floor":25,"key":"SMITH"},{"data":"bronze:Constructor","floor":28,"key":"SMITH"}],"circlet_count":0,"master_deck":["bronze:Strike","bronze:Strike","bronze:Strike+1","bronze:Defend","bronze:Defend","bronze:Defend+1","bronze:Defend","bronze:Replicate","bronze:Goto+1","bronze:Shell","bronze:Deprecate+1","downfall:Malfunctioning","bronze:Constructor+1","bronze:Invalidate","bronze:TinkerersToolbox+1","bronze:Terminator+1","bronze:NullPointer","bronze:Verify+1","Writhe","Injury","bronze:BitShift+1","Decay","bronze:Constructor+1","bronze:ChosenStrike+1"],"relics":["bronze:BronzeCore","Kunai","CaptainsWheel","Sling","Incense Burner","Dream Catcher","downfall:HeartBlessingGreen","Cursed Key","Pantograph","Potion Belt","MawBank","Ornamental Fan","Smiling Mask"],"acts_visited":["Exordium","TheCity"],"potions_floor_usage":[12,12,14,16,16,16,29],"damage_taken":[{"damage":0,"enemies":"Small Slimes","floor":2,"turns":3},{"damage":4,"enemies":"2 Louse","floor":5,"turns":4},{"damage":27,"enemies":"Lagavulin Event","floor":6,"turns":10},{"damage":0,"enemies":"downfall:FleeingMerchant","floor":8,"turns":4},{"damage":0,"enemies":"Jaw Worm","floor":9,"turns":3},{"damage":8,"enemies":"Lagavulin","floor":10,"turns":6},{"damage":0,"enemies":"Blue Slaver","floor":11,"turns":4},{"damage":0,"enemies":"Gremlin Nob","floor":12,"turns":5},{"damage":0,"enemies":"3 Louse","floor":14,"turns":2},{"damage":0,"enemies":"Lots of Slimes","floor":15,"turns":5},{"damage":16,"enemies":"IC_STATUS_ARCHETYPE","floor":16,"turns":13},{"damage":0,"enemies":"Chosen","floor":19,"turns":1},{"damage":2,"enemies":"Spheric Guardian","floor":23,"turns":6},{"damage":3,"enemies":"Book of Stabbing","floor":26,"turns":6},{"damage":13,"enemies":"Snake Plant","floor":27,"turns":7},{"damage":50,"enemies":"Slavers","floor":29,"turns":13},{"damage":2,"enemies":"Snecko","floor":30,"turns":2}],"seed_played":"7432523299869323966","potions_obtained":[{"floor":10,"key":"Dexterity Potion"},{"floor":11,"key":"EntropicBrew"},{"floor":12,"key":"Fire Potion"},{"floor":14,"key":"Weak Potion"},{"floor":26,"key":"FearPotion"},{"floor":29,"key":"LiquidBronze"}],"is_trial":false,"path_per_floor":["R","M","?","?","M","?","T","$","M","E","M","E","R","M","M","B",null,"R","M","?","?","T","M","T","R","E","M","R","E","M"],"character_chosen":"THE_AUTOMATON","items_purchased":["Sling"],"campfire_rested":0,"item_purchase_floors":[8],"current_hp_per_floor":[70,70,70,70,66,39,39,39,39,31,31,31,31,31,31,15,70,70,70,70,70,70,68,68,68,65,52,52,2,0,0],"gold":345,"neow_bonus":"TRANSFORM_CARD","is_daily":false,"chose_seed":false,"campfire_upgraded":5,"win_rate":0.0,"timestamp":1610984624,"path_taken":["R","M","?","?","M","?","T","$","M","E","?","E","R","M","M","BOSS","R","M","?","?","?","?","T","R","E","M","R","E","M"],"items_purchased_type":["Relic"],"build_version":"2020-12-22","purchased_purges":0,"victory":false,"max_hp_per_floor":[70,70,70,70,70,70,70,70,70,70,70,70,70,70,70,70,70,70,70,70,70,70,70,70,70,70,70,70,70,70,70],"card_choices":[{"not_picked":["bronze:Branch","bronze:Iterate"],"picked":"bronze:Deprecate","floor":2},{"not_picked":["bronze:GetLatest","bronze:ChosenStrike"],"picked":"bronze:Constructor","floor":5},{"not_picked":["bronze:ItsAFeature","bronze:Shield"],"picked":"bronze:Invalidate","floor":6},{"not_picked":["bronze:GetLatest","bronze:Safeguard"],"picked":"bronze:TinkerersToolbox","floor":8},{"not_picked":["bronze:BitShift","bronze:DelayedGuard"],"picked":"bronze:Terminator","floor":9},{"not_picked":["bronze:Deprecate","bronze:Terminator","bronze:CleanCode"],"picked":"SKIP","floor":10},{"not_picked":["bronze:MaxOutput","bronze:CutThrough","bronze:Terminator"],"picked":"SKIP","floor":11},{"not_picked":["bronze:RecursiveStrike","bronze:Return","bronze:FineTuning"],"picked":"SKIP","floor":12},{"not_picked":["bronze:WildBeam","bronze:CutThrough"],"picked":"bronze:NullPointer","floor":14},{"not_picked":["bronze:BitShift","bronze:OilSpill","bronze:BuggyMess"],"picked":"SKIP","floor":15},{"not_picked":["bronze:Mutator","bronze:ThunderWave"],"picked":"bronze:Verify","floor":16},{"not_picked":["bronze:Shell","bronze:WhirlingStrike+1","bronze:Constructor"],"picked":"SKIP","floor":19},{"not_picked":["bronze:Shell","bronze:DelayedGuard"],"picked":"bronze:BitShift+1","floor":23},{"not_picked":["bronze:Turbo","bronze:Fortify+1","bronze:MaxOutput"],"picked":"SKIP","floor":26},{"not_picked":["bronze:ForLoop","bronze:MaxOutput"],"picked":"bronze:Constructor+1","floor":27},{"not_picked":["bronze:NullPointer","bronze:Return"],"picked":"bronze:ChosenStrike+1","floor":29}],"player_experience":592072,"relics_obtained":[{"floor":6,"key":"Kunai"},{"floor":7,"key":"CaptainsWheel"},{"floor":10,"key":"Incense Burner"},{"floor":12,"key":"Dream Catcher"},{"floor":22,"key":"Potion Belt"},{"floor":24,"key":"MawBank"},{"floor":26,"key":"Ornamental Fan"},{"floor":29,"key":"Smiling Mask"}],"event_choices":[],"is_beta":false,"boss_relics":[{"not_picked":["Sozu","Pandora\u0027s Box"],"picked":"Cursed Key"}],"items_purged_floors":[],"is_endless":false,"potions_floor_spawned":[10,11,12,14,26,29],"killed_by":"Snecko","ascension_level":2}}