{"host":"7vyuhf36gh5rmcz2","time":1610953615,"event":{"mods":["AchievementEnabler","BaseMod","Highlight Path","Minty Spire (QoL Compilation)","StSLib"],"gold_per_floor":[211,62,81,95,95,95,125,137,191,191,202,216,70,85,85,85,85],"floor_reached":16,"language":"ENG","playtime":1516,"items_purged":["Strike_B"],"score":156,"play_id":"0ce0f9fd-e4d9-4497-bfff-196ab38cd33a","local_time":"20210118070655","is_ascension_mode":true,"campfire_choices":[{"data":"Coolheaded","floor":6,"key":"SMITH"},{"floor":10,"key":"REST"},{"floor":15,"key":"REST"}],"circlet_count":0,"master_deck":["AscendersBane","Strike_B","Strike_B","Strike_B","Defend_B","Defend_B","Defend_B","Defend_B","Zap","Dualcast","Steam","Conserve Battery","Sweeping Beam","Coolheaded+1","Reboot","Heatsinks","Conserve Battery","All For One","Burning Pact"],"relics":["Cracked Core","Question Card","Juzu Bracelet","PrismaticShard"],"acts_visited":["Exordium"],"potions_floor_usage":[7,7,12],"damage_taken":[{"damage":3,"enemies":"Jaw Worm","floor":1,"turns":4},{"damage":0,"enemies":"Cultist","floor":3,"turns":4},{"damage":3,"enemies":"Small Slimes","floor":4,"turns":3},{"damage":57,"enemies":"Gremlin Nob","floor":7,"turns":7},{"damage":7,"enemies":"2 Fungi Beasts","floor":8,"turns":3},{"damage":1,"enemies":"Blue Slaver","floor":11,"turns":4},{"damage":7,"enemies":"Gremlin Gang","floor":12,"turns":4},{"damage":8,"enemies":"2 Fungi Beasts","floor":14,"turns":4},{"damage":52,"enemies":"The Guardian","floor":16,"turns":17}],"seed_played":"8448685343197394539","potions_obtained":[{"floor":3,"key":"Weak Potion"},{"floor":4,"key":"Ancient Potion"},{"floor":8,"key":"LiquidBronze"}],"is_trial":false,"path_per_floor":["M","$","M","M","?","R","E","M","T","R","M","M","$","M","R","B"],"character_chosen":"DEFECT","items_purchased":["Conserve Battery","Sweeping Beam","PrismaticShard"],"campfire_rested":2,"item_purchase_floors":[2,2,13],"current_hp_per_floor":[65,65,65,62,75,75,18,11,11,33,32,25,25,17,39,0,0],"gold":85,"neow_bonus":"HUNDRED_GOLD","is_daily":false,"chose_seed":false,"campfire_upgraded":1,"win_rate":0.0,"timestamp":1610953615,"path_taken":["M","$","M","M","?","R","E","M","T","R","M","M","$","M","R","BOSS"],"items_purchased_type":["Card","Card","Relic"],"build_version":"2020-12-22","purchased_purges":1,"victory":false,"max_hp_per_floor":[75,75,75,75,75,75,75,75,75,75,75,75,75,75,75,75,75],"card_choices":[{"not_picked":["Stack","Go for the Eyes"],"picked":"Steam","floor":1},{"not_picked":["Blizzard","Storm"],"picked":"Coolheaded","floor":3},{"not_picked":["Turbo","Sweeping Beam"],"picked":"Reboot","floor":4},{"not_picked":["Blizzard","Compile Driver","Gash"],"picked":"SKIP","floor":7},{"not_picked":["Ball Lightning","Storm","Hello World"],"picked":"Heatsinks","floor":8},{"not_picked":["Rebound","Gash","Sunder"],"picked":"Conserve Battery","floor":11},{"not_picked":["Reinforced Body","Defragment","Stack"],"picked":"All For One","floor":12},{"not_picked":["Concentrate","Steam","Redo"],"picked":"Burning Pact","floor":14}],"player_experience":518382,"relics_obtained":[{"floor":7,"key":"Question Card"},{"floor":9,"key":"Juzu Bracelet"}],"event_choices":[{"damage_healed":13,"gold_gain":0,"player_choice":"Full Heal","damage_taken":0,"max_hp_gain":0,"max_hp_loss":0,"event_name":"Wheel of Change","floor":5,"gold_loss":0}],"is_beta":false,"boss_relics":[],"items_purged_floors":[2],"is_endless":false,"potions_floor_spawned":[3,4,8],"killed_by":"The Guardian","ascension_level":10}}