{"host":"5ezk7t18wcb10u1o","time":1610975166,"event":{"mods":["BaseMod","Bestiary","Colored Powertips","Minty Spire (QoL Compilation)","Relic Sorter"],"gold_per_floor":[109,34,49,49,62,62,91,91,116,129,129,139,139,158,158,236,286,306,306,326,9,9,9,9,9,9,29,41,41,41,59,59,59,59],"floor_reached":33,"language":"ENG","playtime":1666,"items_purged":["Defend_B","Strike_B"],"score":534,"play_id":"eda0207e-8f6b-4bb7-82e1-ea4e4e1cb5c0","local_time":"20210118130606","is_ascension_mode":true,"campfire_choices":[{"floor":6.0,"key":"REST"},{"floor":8.0,"key":"REST"},{"floor":11.0,"key":"REST"},{"data":"Go for the Eyes","floor":15.0,"key":"SMITH"},{"floor":23.0,"key":"REST"},{"data":"Fusion","floor":25.0,"key":"SMITH"},{"floor":32,"key":"REST"}],"circlet_count":0,"master_deck":["AscendersBane","Strike_B","Defend_B","Defend_B+1","Zap","Dualcast","Self Repair","Fusion+1","Gash","Genetic Algorithm","Beam Cell","Go for the Eyes+1","All For One","Sweeping Beam","Defragment","Redo+1","Apotheosis","Gash","Scrape","Gash+1"],"relics":["Cracked Core","Oddly Smooth Stone","Bag of Preparation","Boot","Tiny House","MutagenicStrength","Meat on the Bone","Question Card"],"acts_visited":["Exordium","TheCity"],"potions_floor_usage":[30,33,33],"damage_taken":[{"damage":2.0,"enemies":"2 Louse","floor":1.0,"turns":2.0},{"damage":9.0,"enemies":"Jaw Worm","floor":3.0,"turns":4.0},{"damage":6.0,"enemies":"Cultist","floor":5.0,"turns":3.0},{"damage":16.0,"enemies":"Lagavulin","floor":7.0,"turns":5.0},{"damage":34.0,"enemies":"Large Slime","floor":10.0,"turns":5.0},{"damage":32.0,"enemies":"Exordium Thugs","floor":12.0,"turns":4.0},{"damage":9.0,"enemies":"Blue Slaver","floor":14.0,"turns":3.0},{"damage":46.0,"enemies":"The Guardian","floor":16.0,"turns":13.0},{"damage":33.0,"enemies":"Shell Parasite","floor":18.0,"turns":6.0},{"damage":24.0,"enemies":"2 Thieves","floor":20.0,"turns":4.0},{"damage":18.0,"enemies":"Cultist and Chosen","floor":27.0,"turns":5.0},{"damage":18.0,"enemies":"Snake Plant","floor":28.0,"turns":3.0},{"damage":0,"enemies":"Slavers","floor":30,"turns":2},{"damage":15,"enemies":"Centurion and Healer","floor":31,"turns":3},{"damage":77,"enemies":"Automaton","floor":33,"turns":6}],"seed_played":"-4776944735214679642","potions_obtained":[{"floor":1.0,"key":"SmokeBomb"},{"floor":5.0,"key":"AttackPotion"},{"floor":12.0,"key":"SpeedPotion"},{"floor":17.0,"key":"Explosive Potion"},{"floor":18.0,"key":"Regen Potion"},{"floor":28.0,"key":"LiquidMemories"},{"floor":31,"key":"LiquidBronze"}],"is_trial":false,"path_per_floor":["M","$","M","?","M","R","E","R","T","M","R","M","?","M","R","B",null,"M","?","M","$","?","R","T","R","T","M","M","$","E","M","R","B"],"character_chosen":"DEFECT","items_purchased":["Apotheosis"],"campfire_rested":5,"item_purchase_floors":[21],"current_hp_per_floor":[44,44,42,24,25,46,37,58,58,31,52,27,81,72,72,33,74,48,48,43,43,43,68,68,68,68,57,51,51,61,46,71,0,0],"gold":59,"neow_bonus":"REMOVE_TWO","is_daily":false,"chose_seed":false,"campfire_upgraded":2,"win_rate":0.0,"timestamp":1610975166,"path_taken":["M","$","M","?","M","R","E","R","T","M","R","M","?","?","R","BOSS","M","?","M","?","?","R","?","R","T","?","M","?","E","M","R","BOSS"],"items_purchased_type":["Card"],"build_version":"2020-12-22","purchased_purges":2,"victory":false,"max_hp_per_floor":[71,71,71,71,71,71,71,71,71,71,71,71,81,81,81,81,86,86,86,86,86,86,86,86,86,86,86,86,86,86,86,86,86,86],"card_choices":[{"not_picked":["Tempest","Hologram"],"picked":"Self Repair","floor":1.0},{"not_picked":["Hologram","Lockon"],"picked":"Fusion","floor":3.0},{"not_picked":["Cold Snap","Rip and Tear"],"picked":"Gash","floor":5.0},{"not_picked":["Ball Lightning","Coolheaded"],"picked":"Genetic Algorithm","floor":7.0},{"not_picked":["Barrage","Recycle"],"picked":"Echo Form","floor":10.0},{"not_picked":["Ball Lightning","Leap"],"picked":"Beam Cell","floor":12.0},{"not_picked":["Hologram","Chaos"],"picked":"Go for the Eyes","floor":14.0},{"not_picked":["Hyperbeam","Reboot"],"picked":"All For One","floor":16.0},{"not_picked":["Hello World","Barrage"],"picked":"Sweeping Beam","floor":17.0},{"not_picked":["Coolheaded","Beam Cell"],"picked":"Defragment","floor":18.0},{"not_picked":["Storm","Defragment"],"picked":"Redo+1","floor":20.0},{"not_picked":["Turbo","White Noise","Ball Lightning"],"picked":"Gash","floor":27.0},{"not_picked":["Sunder","Sweeping Beam+1","Beam Cell"],"picked":"Scrape","floor":28.0},{"not_picked":["Turbo","Blizzard","Rainbow"],"picked":"Gash+1","floor":31}],"player_experience":1140143,"relics_obtained":[{"floor":7.0,"key":"Bag of Preparation"},{"floor":9.0,"key":"Boot"},{"floor":24.0,"key":"Meat on the Bone"},{"floor":26.0,"key":"Question Card"}],"event_choices":[{"damage_healed":0.0,"max_hp_gain":0.0,"max_hp_loss":0.0,"gold_gain":0.0,"event_name":"Scrap Ooze","player_choice":"Success","floor":4.0,"gold_loss":0.0,"damage_taken":18.0,"relics_obtained":["Oddly Smooth Stone"]},{"cards_removed":["Echo Form"],"damage_healed":44.0,"max_hp_gain":10.0,"max_hp_loss":0.0,"gold_gain":0.0,"event_name":"Bonfire Elementals","player_choice":"Offered Rare","floor":13.0,"gold_loss":0.0,"damage_taken":0.0},{"cards_removed":["Strike_B"],"damage_healed":0.0,"max_hp_gain":0.0,"max_hp_loss":0.0,"gold_gain":0.0,"event_name":"Purifier","player_choice":"Purged","floor":19.0,"gold_loss":0.0,"damage_taken":0.0},{"damage_healed":0.0,"max_hp_gain":0.0,"max_hp_loss":0.0,"gold_gain":0.0,"event_name":"Drug Dealer","player_choice":"Inject Mutagens","floor":22.0,"gold_loss":0.0,"damage_taken":0.0,"relics_obtained":["MutagenicStrength"]}],"is_beta":false,"boss_relics":[{"not_picked":["Coffee Dripper","Velvet Choker"],"picked":"Tiny House"}],"items_purged_floors":[2,21],"is_endless":false,"potions_floor_spawned":[1,5,12,18,28,31],"killed_by":"Automaton","ascension_level":20}}