{"host":"y3h3n3f7seyagppx","time":1610940129,"event":{"mods":["AlwaysNeverKeys","BaseMod","Better Vampires","Colored Powertips","DeckTracker","Emptier Cage","Minty Spire (QoL Compilation)","Permanent Neow","Quick Restart","Rare Cards Sparkle","Relic Sorter","Relic Stats","StSLib","Transform Curses"],"gold_per_floor":[120,115,132,88,45,63,91,91,126,150,176,48,59,73,89,89,162,162,174,174,194,27,36,79,79,119,143,143,154,174,174,203,203,285,285,304,304,313,1312,1113,1113,1157,1174,1198,1229,1229,1265,464,507,507,507,507,507,507,34,75,75],"floor_reached":57,"language":"ENG","playtime":8387,"items_purged":["Strike_G","Strike_G+1","Flying Knee"],"score":3113,"play_id":"632a4990-85dc-42ad-a789-534d28a1e525","local_time":"20210117222209","is_ascension_mode":true,"campfire_choices":[{"data":"Neutralize","floor":7.0,"key":"SMITH"},{"floor":15.0,"key":"REST"},{"floor":27.0,"key":"REST"},{"data":"Footwork","floor":32.0,"key":"SMITH"},{"data":"Wraith Form v2","floor":40.0,"key":"SMITH"},{"data":"Wraith Form v2","floor":49,"key":"SMITH"},{"data":"Catalyst","floor":53,"key":"SMITH"}],"circlet_count":0,"master_deck":["AscendersBane","Defend_G+1","Defend_G+1","Defend_G+1","Defend_G+1","Defend_G+1","Survivor","Neutralize+1","Footwork+1","Noxious Fumes","Noxious Fumes","Quick Slash","Dodge and Roll","Leg Sweep","Corpse Explosion+1","Night Terror+1","Corpse Explosion+1","PiercingWail+1","Backstab","RitualDagger","PiercingWail","Backflip","Wraith Form v2+1","Master of Strategy","Wraith Form v2+1","Backflip","Burst","Catalyst+1","Master of Strategy","Calculated Gamble","Doppelganger","PiercingWail"],"relics":["Ring of the Snake","Bag of Preparation","Regal Pillow","Orichalcum","Ancient Tea Set","White Beast Statue","Astrolabe","CeramicFish","War Paint","Tingsha","Smiling Mask","MealTicket","Omamori","Eternal Feather","Coffee Dripper","DollysMirror","Pear","Art of War","Bottled Lightning","Nunchaku","Mummified Hand","Sundial","Incense Burner","OrangePellets","Blood Vial"],"acts_visited":["Exordium","TheCity","TheBeyond","TheEnding"],"potions_floor_usage":[51,56,56],"damage_taken":[{"damage":1.0,"enemies":"Cultist","floor":1.0,"turns":4.0},{"damage":4.0,"enemies":"Small Slimes","floor":2.0,"turns":7.0},{"damage":7.0,"enemies":"2 Louse","floor":5.0,"turns":3.0},{"damage":8.0,"enemies":"3 Sentries","floor":6.0,"turns":7.0},{"damage":37.0,"enemies":"Gremlin Nob","floor":8.0,"turns":5.0},{"damage":0.0,"enemies":"Lagavulin","floor":10.0,"turns":8.0},{"damage":0.0,"enemies":"Blue Slaver","floor":12.0,"turns":5.0},{"damage":0.0,"enemies":"Exordium Thugs","floor":13.0,"turns":4.0},{"damage":0.0,"enemies":"Exordium Wildlife","floor":14.0,"turns":6.0},{"damage":12.0,"enemies":"Hexaghost","floor":16.0,"turns":10.0},{"damage":0.0,"enemies":"3 Byrds","floor":18.0,"turns":2.0},{"damage":0.0,"enemies":"Chosen","floor":20.0,"turns":5.0},{"damage":34.0,"enemies":"Book of Stabbing","floor":23.0,"turns":5.0},{"damage":5.0,"enemies":"Slavers","floor":25.0,"turns":3.0},{"damage":7.0,"enemies":"Shelled Parasite and Fungi","floor":28.0,"turns":6.0},{"damage":4.0,"enemies":"Centurion and Healer","floor":29.0,"turns":6.0},{"damage":18.0,"enemies":"Gremlin Leader","floor":31.0,"turns":9.0},{"damage":7.0,"enemies":"Champ","floor":33.0,"turns":16.0},{"damage":8.0,"enemies":"3 Darklings","floor":35.0,"turns":4.0},{"damage":15.0,"enemies":"Reptomancer","floor":41.0,"turns":10.0},{"damage":3.0,"enemies":"3 Shapes","floor":42.0,"turns":5.0},{"damage":0.0,"enemies":"Giant Head","floor":44.0,"turns":12.0},{"damage":1,"enemies":"Reptomancer","floor":46,"turns":8},{"damage":0,"enemies":"Nemesis","floor":48,"turns":7},{"damage":16,"enemies":"Donu and Deca","floor":50,"turns":9},{"damage":37,"enemies":"Time Eater","floor":51,"turns":18},{"damage":0,"enemies":"Shield and Spear","floor":55,"turns":5},{"damage":7,"enemies":"The Heart","floor":56,"turns":9}],"seed_played":"7925281385813371520","potions_obtained":[{"floor":1.0,"key":"PowerPotion"},{"floor":8.0,"key":"AttackPotion"},{"floor":10.0,"key":"EssenceOfSteel"},{"floor":12.0,"key":"Block Potion"},{"floor":14.0,"key":"CunningPotion"},{"floor":16.0,"key":"Explosive Potion"},{"floor":18.0,"key":"SteroidPotion"},{"floor":20.0,"key":"CunningPotion"},{"floor":23.0,"key":"FearPotion"},{"floor":25.0,"key":"Dexterity Potion"},{"floor":28.0,"key":"DuplicationPotion"},{"floor":29.0,"key":"Explosive Potion"},{"floor":31.0,"key":"CunningPotion"},{"floor":33.0,"key":"SteroidPotion"},{"floor":35.0,"key":"Regen Potion"},{"floor":41.0,"key":"SpeedPotion"},{"floor":42.0,"key":"CunningPotion"},{"floor":44.0,"key":"DuplicationPotion"},{"floor":46,"key":"Poison Potion"},{"floor":55,"key":"EssenceOfSteel"}],"is_trial":false,"path_per_floor":["M","M","$","$","M","E","R","E","T","E","$","M","M","M","R","B",null,"M","?","M","$","?","E","?","E","T","R","M","M","T","E","R","B",null,"M","?","?","?","$","R","E","M","T","E","?","E","$","E","R","B","B",null,"R","$","E","B",null],"character_chosen":"THE_SILENT","items_purchased":["Noxious Fumes","Noxious Fumes","SkillPotion","War Paint","DollysMirror","Mummified Hand","Catalyst","GhostInAJar","Master of Strategy","Calculated Gamble","Incense Burner","OrangePellets"],"campfire_rested":2,"item_purchase_floors":[3,4,11,21,39,47,47,47,47,47,54,54],"current_hp_per_floor":[18,58,54,54,54,47,39,39,2,2,2,2,2,2,2,36,24,56,56,56,56,56,50,16,16,11,11,45,38,34,34,16,28,21,55,47,47,47,47,62,66,76,73,73,73,72,71,72,72,72,56,19,59,72,72,72,65],"gold":75,"neow_bonus":"RANDOM_COMMON_RELIC","is_daily":false,"chose_seed":false,"campfire_upgraded":5,"win_rate":0.0,"timestamp":1610940129,"path_taken":["M","M","?","$","M","E","R","E","T","E","?","M","M","M","R","BOSS","M","?","M","?","?","E","?","E","T","R","M","?","?","E","R","BOSS","M","?","?","?","$","R","E","M","T","E","?","E","$","E","R","BOSS","BOSS","R","$","E","BOSS"],"items_purchased_type":["Card","Card","Potion","Relic","Relic","Relic","Card","Potion","Card","Card","Relic","Relic"],"build_version":"2020-12-22","purchased_purges":3,"victory":true,"max_hp_per_floor":[80,66,66,66,66,66,66,66,66,66,66,66,66,66,66,66,66,66,66,66,66,66,66,66,66,66,66,66,66,66,66,66,66,66,66,66,66,66,66,66,66,76,76,76,76,72,72,72,72,72,72,72,72,72,72,72,72],"relic_stats":{"Regal Pillow":30,"counters":[28,198],"Astrolabe":["Night Terror","Corpse Explosion","PiercingWail"],"CeramicFish":126,"Tingsha":[60],"Eternal Feather":29,"Bag of Preparation":[56],"Orichalcum":[384],"War Paint":["Defend_G","Corpse Explosion"],"Smiling Mask":125,"Blood Vial":0,"OrangePellets":[2],"Nunchaku":[2],"Mummified Hand":[41],"Sundial":[6],"MealTicket":16,"Art of War":[35],"obtain_stats":[{"Regal Pillow":6,"CeramicFish":19,"Bag of Preparation":0,"Incense Burner":54,"Ancient Tea Set":9,"Smiling Mask":25,"Blood Vial":55,"Nunchaku":46,"DollysMirror":39,"Mummified Hand":47,"Sundial":48,"MealTicket":26,"Ring of the Snake":0,"Pear":41,"Astrolabe":17,"Tingsha":23,"Eternal Feather":31,"Omamori":30,"Orichalcum":8,"War Paint":21,"White Beast Statue":10,"OrangePellets":54,"Coffee Dripper":34,"Art of War":43,"Bottled Lightning":44},{"Regal Pillow":4,"CeramicFish":11,"Bag of Preparation":0,"Incense Burner":26,"Ancient Tea Set":5,"Smiling Mask":14,"Blood Vial":27,"Nunchaku":23,"DollysMirror":19,"Mummified Hand":23,"Sundial":24,"MealTicket":14,"Ring of the Snake":0,"Pear":20,"Astrolabe":10,"Tingsha":13,"Eternal Feather":17,"Omamori":16,"Orichalcum":5,"War Paint":12,"White Beast Statue":6,"OrangePellets":26,"Coffee Dripper":18,"Art of War":21,"Bottled Lightning":22},{"Regal Pillow":21,"CeramicFish":61,"Bag of Preparation":0,"Incense Burner":184,"Ancient Tea Set":26,"Smiling Mask":74,"Blood Vial":189,"Nunchaku":150,"DollysMirror":115,"Mummified Hand":150,"Sundial":157,"MealTicket":74,"Ring of the Snake":0,"Pear":125,"Astrolabe":59,"Tingsha":71,"Eternal Feather":95,"Omamori":86,"Orichalcum":26,"War Paint":66,"White Beast Statue":34,"OrangePellets":184,"Coffee Dripper":111,"Art of War":130,"Bottled Lightning":142}],"Ring of the Snake":[56]},"card_choices":[{"not_picked":["Prepared","Sucker Punch"],"picked":"Footwork","floor":1.0},{"not_picked":["Sucker Punch","Underhanded Strike"],"picked":"Flying Knee","floor":2.0},{"not_picked":["Crippling Poison","Infinite Blades"],"picked":"Quick Slash","floor":5.0},{"not_picked":["Blur","Deflect"],"picked":"Dodge and Roll","floor":6.0},{"not_picked":["Blade Dance","Caltrops"],"picked":"Leg Sweep","floor":8.0},{"not_picked":["Dagger Throw","Outmaneuver","Blade Dance"],"picked":"SKIP","floor":10.0},{"not_picked":["Dagger Throw","Outmaneuver","Well Laid Plans"],"picked":"SKIP","floor":12.0},{"not_picked":["Blade Dance","Underhanded Strike","Slice"],"picked":"SKIP","floor":13.0},{"not_picked":["Night Terror","Underhanded Strike","Concentrate"],"picked":"SKIP","floor":14.0},{"not_picked":["Night Terror","Malaise"],"picked":"Corpse Explosion","floor":16.0},{"not_picked":["Deadly Poison","Caltrops","Quick Slash"],"picked":"SKIP","floor":18.0},{"not_picked":["Finisher","Noxious Fumes+1"],"picked":"Backstab","floor":20.0},{"not_picked":["Predator","Infinite Blades"],"picked":"PiercingWail","floor":23.0},{"not_picked":["Bane","Calculated Gamble"],"picked":"Backflip","floor":25.0},{"not_picked":["Setup+1","Slice+1","Endless Agony"],"picked":"SKIP","floor":28.0},{"not_picked":["Setup+1","Slice+1","Endless Agony"],"picked":"SKIP","floor":28.0},{"not_picked":["Setup+1","Slice+1","Endless Agony"],"picked":"SKIP","floor":28.0},{"not_picked":["Caltrops","Quick Slash","Flying Knee"],"picked":"SKIP","floor":29.0},{"not_picked":["Sucker Punch","Dodge and Roll","Underhanded Strike"],"picked":"SKIP","floor":31.0},{"not_picked":["Sucker Punch","Dodge and Roll","Underhanded Strike"],"picked":"SKIP","floor":31.0},{"not_picked":["Glass Knife","Storm of Steel"],"picked":"Wraith Form v2","floor":33.0},{"not_picked":["Acrobatics","Infinite Blades","Leg Sweep+1"],"picked":"SKIP","floor":35.0},{"not_picked":["Madness","Blind"],"picked":"Master of Strategy","floor":37.0},{"not_picked":["Underhanded Strike","Riddle With Holes"],"picked":"Backflip","floor":41.0},{"not_picked":["Outmaneuver","PiercingWail","Dagger Throw"],"picked":"SKIP","floor":42.0},{"not_picked":["Underhanded Strike","Slice+1","Blade Dance"],"picked":"SKIP","floor":44.0},{"not_picked":["Skewer","Bane"],"picked":"Burst","floor":46},{"not_picked":["Dagger Throw","Cloak And Dagger+1"],"picked":"Doppelganger","floor":48},{"not_picked":["Skewer","Deadly Poison+1"],"picked":"PiercingWail","floor":55}],"player_experience":21175588,"relics_obtained":[{"floor":6.0,"key":"Regal Pillow"},{"floor":8.0,"key":"Orichalcum"},{"floor":9.0,"key":"Ancient Tea Set"},{"floor":10.0,"key":"White Beast Statue"},{"floor":19.0,"key":"CeramicFish"},{"floor":23.0,"key":"Tingsha"},{"floor":25.0,"key":"Smiling Mask"},{"floor":26.0,"key":"MealTicket"},{"floor":30.0,"key":"Omamori"},{"floor":31.0,"key":"Eternal Feather"},{"floor":41.0,"key":"Pear"},{"floor":43.0,"key":"Art of War"},{"floor":44.0,"key":"Bottled Lightning"},{"floor":46,"key":"Nunchaku"},{"floor":48,"key":"Sundial"},{"floor":55,"key":"Blood Vial"}],"event_choices":[{"damage_healed":0.0,"max_hp_gain":0.0,"max_hp_loss":0.0,"gold_gain":0.0,"event_name":"Wheel of Change","player_choice":"Relic","floor":19.0,"gold_loss":0.0,"damage_taken":0.0},{"damage_healed":0.0,"max_hp_gain":0.0,"max_hp_loss":0.0,"gold_gain":0.0,"event_name":"Nest","player_choice":"Joined the Cult","floor":22.0,"gold_loss":0.0,"damage_taken":6.0,"cards_obtained":["RitualDagger"]},{"damage_healed":0.0,"max_hp_gain":0.0,"max_hp_loss":0.0,"gold_gain":0.0,"event_name":"Back to Basics","player_choice":"Simplicity","floor":24.0,"gold_loss":0.0,"damage_taken":0.0,"cards_upgraded":["Strike_G","Defend_G","Defend_G","Defend_G","Defend_G"]},{"damage_healed":0.0,"max_hp_gain":0.0,"max_hp_loss":0.0,"gold_gain":0.0,"event_name":"Tomb of Lord Red Mask","player_choice":"Ignored","floor":36.0,"gold_loss":0.0,"damage_taken":0.0},{"damage_healed":0.0,"max_hp_gain":0.0,"max_hp_loss":0.0,"gold_gain":0.0,"event_name":"SensoryStone","player_choice":"Memory 1","floor":37.0,"gold_loss":0.0,"damage_taken":0.0},{"damage_healed":0.0,"max_hp_gain":0.0,"max_hp_loss":0.0,"gold_gain":999.0,"event_name":"MindBloom","player_choice":"Gold","floor":38.0,"gold_loss":0.0,"damage_taken":0.0,"cards_obtained":["Normality","Normality"]},{"damage_healed":0.0,"max_hp_gain":0.0,"max_hp_loss":4.0,"gold_gain":0.0,"event_name":"Winding Halls","player_choice":"Max HP","floor":45.0,"gold_loss":0.0,"damage_taken":0.0}],"is_beta":false,"boss_relics":[{"not_picked":["Empty Cage","HoveringKite"],"picked":"Astrolabe"},{"not_picked":["Runic Pyramid","Calling Bell"],"picked":"Coffee Dripper"}],"items_purged_floors":[11,39,47],"is_endless":false,"potions_floor_spawned":[1,8,10,12,13,14,16,18,20,23,25,28,29,31,33,35,41,42,44,46,48,55],"ascension_level":20}}