{"host":"f5gffvlv6a66yqkd","time":1610990023,"event":{"mods":["2.2 Compatiblity","Alarm Clock","BaseMod","Colored Map","Custom Start","DeckTracker","Keyboard Shortcuts","Minty Spire (QoL Compilation)","Permanent Neow","Quick Restart","Relic Stats","StSLib","SuperFastMode"],"gold_per_floor":[116,126,146,146,191,191,207,226,226,67,67,67,90,103,103,103,103],"floor_reached":16,"language":"KOR","playtime":347,"items_purged":["Defend_G"],"score":188,"play_id":"d73972b0-420f-4c52-9a34-0f5a202d6458","local_time":"20210119021343","is_ascension_mode":true,"campfire_choices":[{"data":"Tactician","floor":6.0,"key":"SMITH"},{"floor":12.0,"key":"REST"},{"data":"Predator","floor":15.0,"key":"SMITH"}],"circlet_count":0,"master_deck":["AscendersBane","Strike_G","Strike_G","Strike_G","Strike_G","Strike_G","Defend_G","Defend_G","Defend_G","Defend_G","Survivor","Neutralize","Reflex","Tactician+1","Underhanded Strike","Predator+1","Dagger Spray","Prepared","Poisoned Stab","Dash","PiercingWail"],"relics":["Ring of the Snake","Happy Flower","Regal Pillow","Sundial","Golden Idol"],"acts_visited":["Exordium"],"potions_floor_usage":[16,16],"damage_taken":[{"damage":14.0,"enemies":"Jaw Worm","floor":1.0,"turns":6.0},{"damage":4.0,"enemies":"Small Slimes","floor":2.0,"turns":3.0},{"damage":14.0,"enemies":"Cultist","floor":3.0,"turns":6.0},{"damage":4.0,"enemies":"3 Louse","floor":7.0,"turns":4.0},{"damage":11.0,"enemies":"Blue Slaver","floor":8.0,"turns":6.0},{"damage":3.0,"enemies":"Looter","floor":13.0,"turns":2.0},{"damage":3.0,"enemies":"Exordium Wildlife","floor":14.0,"turns":4.0},{"damage":66,"enemies":"Slime Boss","floor":16,"turns":8}],"seed_played":"-1485426449152712943","potions_obtained":[{"floor":2.0,"key":"BlessingOfTheForge"},{"floor":3.0,"key":"Regen Potion"},{"floor":8.0,"key":"Block Potion"},{"floor":14.0,"key":"DuplicationPotion"}],"is_trial":false,"path_per_floor":["M","M","M","?","T","R","M","M","T","$","?","R","M","M","R","B"],"character_chosen":"THE_SILENT","items_purchased":["Prepared","Poisoned Stab"],"campfire_rested":1,"item_purchase_floors":[10,10],"current_hp_per_floor":[45,41,27,32,32,32,28,17,17,17,17,51,48,45,45,0,0],"gold":103,"neow_bonus":"RANDOM_COMMON_RELIC","is_daily":false,"chose_seed":false,"campfire_upgraded":2,"win_rate":0.0,"timestamp":1610990023,"path_taken":["M","M","M","?","?","R","M","M","T","?","?","R","M","M","R","BOSS"],"items_purchased_type":["Card","Card"],"build_version":"2020-12-22","purchased_purges":1,"victory":false,"max_hp_per_floor":[66,66,66,71,71,71,71,71,71,71,64,64,64,64,64,64,64],"relic_stats":{"Regal Pillow":15,"Happy Flower":[13],"counters":[8,39],"Sundial":[2],"Golden Idol":8,"obtain_stats":[{"Regal Pillow":5,"Happy Flower":0,"Sundial":9,"Golden Idol":11,"Ring of the Snake":0},{"Regal Pillow":3,"Happy Flower":0,"Sundial":5,"Golden Idol":5,"Ring of the Snake":0},{"Regal Pillow":15,"Happy Flower":0,"Sundial":25,"Golden Idol":25,"Ring of the Snake":0}],"Ring of the Snake":[16]},"card_choices":[{"not_picked":["Backflip","Noxious Fumes"],"picked":"Reflex","floor":1.0},{"not_picked":["Blade Dance","Outmaneuver"],"picked":"Tactician","floor":2.0},{"not_picked":["Bane","Deflect"],"picked":"Underhanded Strike","floor":3.0},{"not_picked":["Sucker Punch","Distraction"],"picked":"Predator","floor":7.0},{"not_picked":["Sucker Punch","Deflect"],"picked":"Dagger Spray","floor":8.0},{"not_picked":["Deadly Poison","Dagger Spray"],"picked":"Dash","floor":13.0},{"not_picked":["Flying Knee","Bane"],"picked":"PiercingWail","floor":14.0}],"player_experience":1593543,"relics_obtained":[{"floor":5.0,"key":"Regal Pillow"},{"floor":9.0,"key":"Sundial"}],"event_choices":[{"damage_healed":0.0,"max_hp_gain":5.0,"max_hp_loss":0.0,"gold_gain":0.0,"event_name":"Big Fish","player_choice":"Donut","floor":4.0,"gold_loss":0.0,"damage_taken":0.0},{"damage_healed":0.0,"max_hp_gain":0.0,"max_hp_loss":7.0,"gold_gain":0.0,"event_name":"Golden Idol","player_choice":"Lose Max HP","floor":11.0,"gold_loss":0.0,"damage_taken":0.0,"relics_obtained":["Golden Idol"]}],"is_beta":false,"boss_relics":[],"items_purged_floors":[10],"is_endless":false,"potions_floor_spawned":[2,3,8,14],"killed_by":"Slime Boss","ascension_level":20}}