{"host":"roe9nkkmmup0vnjm","time":1610932467,"event":{"mods":["BaseMod","Colored Map","Downfall","Minty Spire (QoL Compilation)","StSLib"],"gold_per_floor":[99,116,129,144,157,157,157,174,174,174,274,296,296,316,340,437,437,437,458,476,491,491,491,491,491],"floor_reached":23,"language":"ENG","playtime":2266,"items_purged":[],"score":212,"play_id":"c65d8b91-bde7-48b8-b901-5649ae1c0c69","local_time":"20210117201427","is_ascension_mode":false,"campfire_choices":[{"data":"hexamod:Float","floor":1,"key":"SMITH"},{"data":"hexamod:Again","floor":6,"key":"SMITH"},{"data":"hexamod:Hexaguard","floor":10,"key":"SMITH"},{"data":"hexamod:Again","floor":18,"key":"SMITH"}],"circlet_count":0,"master_deck":["hexamod:Strike","hexamod:Strike+1","hexamod:Strike","hexamod:Strike","hexamod:Defend+1","hexamod:Defend","hexamod:Defend","hexamod:Defend","hexamod:Sear","hexamod:Float+1","hexamod:FourthSeal","hexamod:Hexaguard","hexamod:ThirdSeal","hexamod:Hexaguard+1","hexamod:Again+1","hexamod:SecondSeal","hexamod:HauntingEcho","hexamod:GhostOfSpirePast","hexamod:GhostOfSpirePast","hexamod:Again+1","hexamod:SoulSteal","hexamod:ThirdSeal","hexamod:GhostOfSpirePast","hexamod:SixthSeal","hexamod:GhostOfSpirePresent+1","hexamod:FastForward+1","hexamod:NightmareGuise+1","hexamod:Hexaguard","hexamod:Rewind+1","hexamod:DynamicBlow+1","hexamod:FastForward","hexamod:Rewind","hexamod:Haunt","Pride"],"relics":["hexamod:SpiritBrand","InkBottle","Sundial","Runic Dome","hexamod:InflammatoryLetter"],"acts_visited":["Exordium","TheCity"],"potions_floor_usage":[4,8,14,14,14,16,16,16,20,23],"damage_taken":[{"damage":1,"enemies":"Cultist","floor":2,"turns":3},{"damage":0,"enemies":"2 Louse","floor":3,"turns":3},{"damage":3,"enemies":"Small Slimes","floor":4,"turns":3},{"damage":1,"enemies":"2 Fungi Beasts","floor":5,"turns":5},{"damage":2,"enemies":"Blue Slaver","floor":8,"turns":5},{"damage":7,"enemies":"Exordium Wildlife","floor":12,"turns":6},{"damage":2,"enemies":"3 Louse","floor":14,"turns":3},{"damage":0,"enemies":"Large Slime","floor":15,"turns":4},{"damage":20,"enemies":"IC_STATUS_ARCHETYPE","floor":16,"turns":9},{"damage":21,"enemies":"Shell Parasite","floor":19,"turns":8},{"damage":67,"enemies":"Chosen","floor":20,"turns":12},{"damage":10,"enemies":"Shelled Parasite and Fungi","floor":21,"turns":5},{"damage":51,"enemies":"Chosen and Byrds","floor":23,"turns":4}],"seed_played":"-4688248529999087940","potions_obtained":[{"floor":3,"key":"SkillPotion"},{"floor":3,"key":"Fire Potion"},{"floor":4,"key":"Fruit Juice"},{"floor":5,"key":"AttackPotion"},{"floor":8,"key":"Fruit Juice"},{"floor":12,"key":"hexamod:InfernoChargePotion"},{"floor":14,"key":"Ancient Potion"},{"floor":14,"key":"ColorlessPotion"},{"floor":15,"key":"CultistPotion"},{"floor":15,"key":"Fire Potion"},{"floor":16,"key":"GamblersBrew"},{"floor":19,"key":"FairyPotion"},{"floor":20,"key":"Block Potion"},{"floor":21,"key":"LiquidMemories"}],"is_trial":false,"path_per_floor":["R","M","M","M","M","R","T","M","T","R","?","M","?","M","M","B",null,"R","M","M","M","?","M"],"character_chosen":"THE_SPIRIT","items_purchased":[],"campfire_rested":0,"item_purchase_floors":[],"current_hp_per_floor":[77,76,76,78,77,77,77,80,80,80,80,73,78,76,76,56,92,92,71,4,27,27,0,0,0],"gold":491,"neow_bonus":"TEN_PERCENT_HP_BONUS","is_daily":false,"chose_seed":false,"campfire_upgraded":4,"win_rate":0.0,"timestamp":1610932467,"path_taken":["R","M","M","?","M","R","T","M","?","R","?","M","?","M","M","BOSS","R","M","M","M","?","M"],"items_purchased_type":[],"build_version":"2020-12-22","purchased_purges":0,"victory":false,"max_hp_per_floor":[77,77,77,82,82,82,82,87,87,87,87,87,92,92,92,92,92,92,92,92,92,92,92,92,92],"card_choices":[{"not_picked":["hexamod:NightmareGuise","hexamod:HauntingEcho"],"picked":"hexamod:FourthSeal","floor":2},{"not_picked":["hexamod:PhantomCloak","hexamod:SpectersWail"],"picked":"hexamod:Hexaguard","floor":3},{"not_picked":["hexamod:ChargedBarrage","hexamod:ShieldOfDarkness"],"picked":"hexamod:ThirdSeal","floor":4},{"not_picked":["hexamod:NightmareStrike","hexamod:Firestarter"],"picked":"hexamod:Hexaguard","floor":5},{"not_picked":["hexamod:GhostLash","hexamod:NightmareStrike"],"picked":"hexamod:Again","floor":5},{"not_picked":["hexamod:ChargedBarrage","hexamod:Firestarter"],"picked":"hexamod:SecondSeal","floor":8},{"not_picked":["hexamod:NightmareGuise","hexamod:PhantomCloak"],"picked":"hexamod:HauntingEcho","floor":8},{"not_picked":["hexamod:SwordOfDarkness","hexamod:GhostOfSpirePresent"],"picked":"hexamod:GhostOfSpirePast","floor":12},{"not_picked":["hexamod:FourthSeal","hexamod:SkipABeat"],"picked":"hexamod:GhostOfSpirePast","floor":12},{"not_picked":["hexamod:HauntingEcho","hexamod:SpectersWail"],"picked":"hexamod:Again","floor":14},{"not_picked":["hexamod:HauntingEcho","hexamod:NightmareStrike"],"picked":"hexamod:SoulSteal","floor":14},{"not_picked":["hexamod:SecondSeal","hexamod:SwordOfDarkness"],"picked":"hexamod:ThirdSeal","floor":15},{"not_picked":["hexamod:GhostOfSpireFuture","hexamod:HeatMetal"],"picked":"hexamod:GhostOfSpirePast","floor":15},{"not_picked":["hexamod:HexaLevel","hexamod:WildfireWeapon"],"picked":"hexamod:SixthSeal","floor":16},{"not_picked":["hexamod:TurnItUp","hexamod:ParanormalForm"],"picked":"hexamod:GhostOfSpirePresent","floor":16},{"not_picked":["hexamod:SpectersWail","hexamod:HauntingEcho"],"picked":"hexamod:FastForward+1","floor":19},{"not_picked":["hexamod:ShieldOfDarkness","hexamod:HauntingEcho"],"picked":"hexamod:NightmareGuise+1","floor":19},{"not_picked":["hexamod:Incineration","hexamod:ThermalTransfer+1"],"picked":"hexamod:Hexaguard","floor":19},{"not_picked":["hexamod:RainOfEmbers","hexamod:BacktrackSmack+1"],"picked":"hexamod:Rewind+1","floor":20},{"not_picked":["hexamod:SpectersWail","hexamod:SecondSeal"],"picked":"hexamod:DynamicBlow+1","floor":20},{"not_picked":["hexamod:SpectralAdrenaline","hexamod:HauntingEcho","hexamod:GhostflameBarrier"],"picked":"SKIP","floor":20},{"not_picked":["hexamod:WildfireWeapon","hexamod:SecondSeal"],"picked":"hexamod:FastForward","floor":21},{"not_picked":["hexamod:NightmareGuise","hexamod:HeatMetal"],"picked":"hexamod:Rewind","floor":21},{"not_picked":["hexamod:SpectersWail","hexamod:SwordOfDarkness"],"picked":"hexamod:Haunt","floor":21}],"player_experience":269987,"relics_obtained":[{"floor":7,"key":"InkBottle"},{"floor":9,"key":"Sundial"}],"event_choices":[{"damage_healed":0,"gold_gain":0,"player_choice":"Donut","damage_taken":0,"max_hp_gain":5,"max_hp_loss":0,"event_name":"Big Fish","floor":13,"gold_loss":0},{"damage_healed":0,"gold_gain":0,"player_choice":"Stole Relic","damage_taken":0,"relics_obtained":["hexamod:InflammatoryLetter"],"max_hp_gain":0,"max_hp_loss":0,"event_name":"Addict","floor":22,"gold_loss":0,"cards_obtained":["Pride"]}],"is_beta":false,"boss_relics":[{"not_picked":["Sozu","Busted Crown"],"picked":"Runic Dome"}],"items_purged_floors":[],"is_endless":false,"potions_floor_spawned":[3,14,15,16,21],"killed_by":"Chosen and Byrds","ascension_level":0}}