{"host":"8i4doyxqctgl5qb0","time":1610935834,"event":{"mods":["AchievementEnabler","BaseMod","Block Reminder","Colored Powertips","Minty Spire (QoL Compilation)","Permanent Neow","Potion Indicator Mod","Rare Cards Sparkle","StSLib","SuperFastMode","The Jungle"],"gold_per_floor":[117,192,202,219,219,246,246,265,265,265,298,310,310,324,324,427,427,438,25,45,45,45,45,76,76,76,76,31,42,42,59,59,157,157,171,171,190,21,33,33,59,59,59,29,44,59,19,19,19,19,19],"floor_reached":50,"language":"ZHS","playtime":1382,"items_purged":["Strike_G"],"score":761,"play_id":"a05b8bcc-2684-4554-aecd-a8f515843025","local_time":"20210118101034","is_ascension_mode":true,"campfire_choices":[{"floor":7.0,"key":"REST"},{"floor":13.0,"key":"REST"},{"floor":15.0,"key":"REST"},{"data":"Footwork","floor":23.0,"key":"SMITH"},{"floor":25.0,"key":"REST"},{"data":"Neutralize","floor":30.0,"key":"SMITH"},{"data":"Slice","floor":32.0,"key":"SMITH"},{"data":"Distraction","floor":40.0,"key":"SMITH"},{"data":"Crippling Poison","floor":42.0,"key":"SMITH"},{"floor":49.0,"key":"REST"}],"circlet_count":0,"master_deck":["Defend_G+1","Defend_G+1","Defend_G+1","Defend_G+1","Defend_G+1","Survivor","Neutralize+1","Distraction+1","Leg Sweep","Footwork+1","Sucker Punch","Noxious Fumes+1","Caltrops+1","Corpse Explosion","Backflip+1","Mayhem+1","Bane","Bite","Bite","Bite","Bite","Bite","Wraith Form v2+1","Footwork+1","Deadly Poison","Flechettes+1","Slice+1","Corpse Explosion","CurseOfTheBell","Terror+1","Crippling Poison+1","Sucker Punch+1","Poisoned Stab+1","Well Laid Plans+1","Slice+1","Bouncing Flask"],"relics":["Ring of the Snake","NeowsBlessing","Strawberry","Frozen Egg 2","Ice Cream","WristBlade","Membership Card","WingedGreaves","PreservedInsect","HornCleat","Calling Bell","Smiling Mask","Gremlin Horn","Ginger","Sundial","Lee\u0027s Waffle","Snake Skull","Incense Burner","Omamori"],"acts_visited":["Exordium","TheCity","TheBeyond"],"potions_floor_usage":[],"damage_taken":[{"damage":0.0,"enemies":"Small Slimes","floor":1.0,"turns":1.0},{"damage":0.0,"enemies":"Cultist","floor":3.0,"turns":1.0},{"damage":0.0,"enemies":"2 Louse","floor":4.0,"turns":1.0},{"damage":7.0,"enemies":"Lagavulin","floor":6.0,"turns":10.0},{"damage":0.0,"enemies":"Blue Slaver","floor":8.0,"turns":7.0},{"damage":44.0,"enemies":"Gremlin Nob","floor":11.0,"turns":6.0},{"damage":8.0,"enemies":"Exordium Wildlife","floor":12.0,"turns":4.0},{"damage":2.0,"enemies":"Red Slaver","floor":14.0,"turns":6.0},{"damage":6.0,"enemies":"The Guardian","floor":16.0,"turns":10.0},{"damage":5.0,"enemies":"Chosen","floor":18.0,"turns":6.0},{"damage":7.0,"enemies":"Shell Parasite","floor":20.0,"turns":7.0},{"damage":0.0,"enemies":"Snake Plant","floor":21.0,"turns":1.0},{"damage":30.0,"enemies":"Book of Stabbing","floor":24.0,"turns":7.0},{"damage":4.0,"enemies":"3 Cultists","floor":29.0,"turns":4.0},{"damage":7.0,"enemies":"Snecko","floor":31.0,"turns":7.0},{"damage":44.0,"enemies":"Automaton","floor":33.0,"turns":9.0},{"damage":28.0,"enemies":"3 Darklings","floor":35.0,"turns":4.0},{"damage":19.0,"enemies":"Orb Walker","floor":37.0,"turns":4.0},{"damage":15.0,"enemies":"3 Darklings","floor":39.0,"turns":3.0},{"damage":9.0,"enemies":"Nemesis","floor":41.0,"turns":7.0},{"damage":38.0,"enemies":"Writhing Mass","floor":45.0,"turns":7.0},{"damage":22.0,"enemies":"Spire Growth","floor":46.0,"turns":6.0},{"damage":23,"enemies":"Donu and Deca","floor":50,"turns":3}],"seed_played":"5412349060962361876","potions_obtained":[{"floor":4.0,"key":"PowerPotion"},{"floor":6.0,"key":"SmokeBomb"},{"floor":11.0,"key":"GamblersBrew"},{"floor":12.0,"key":"Fruit Juice"},{"floor":16.0,"key":"LiquidMemories"},{"floor":24.0,"key":"Swift Potion"},{"floor":29.0,"key":"Poison Potion"},{"floor":37.0,"key":"FearPotion"},{"floor":44.0,"key":"Strength Potion"},{"floor":44.0,"key":"LiquidBronze"}],"is_trial":false,"path_per_floor":["M","?","M","M","?","E","R","M","T","?","E","M","R","M","R","B",null,"M","$","M","M","?","R","E","R","T","?","$","M","R","M","R","B",null,"M","T","M","$","M","R","E","R","T","?","M","M","$","?","R","B"],"character_chosen":"THE_SILENT","items_purchased":["Membership Card","WingedGreaves","Mayhem+1","Footwork+1","Deadly Poison","Lee\u0027s Waffle","Crippling Poison","Snake Skull","Bouncing Flask"],"campfire_rested":5,"item_purchase_floors":[19,19,19,28,28,38,38,38,47],"current_hp_per_floor":[63,56,56,56,42,42,65,65,65,58,14,11,35,33,57,51,74,69,69,62,62,57,57,31,48,48,48,48,48,48,55,55,25,49,25,25,8,64,49,49,50,50,50,50,20,4,4,4,23,0,0],"gold":19,"neow_bonus":"THREE_ENEMY_KILL","is_daily":false,"chose_seed":false,"campfire_upgraded":5,"win_rate":0.0,"timestamp":1610935834,"path_taken":["M","?","M","?","?","E","R","M","T","?","E","M","R","M","R","BOSS","M","$","M","M","?","R","E","R","T","?","?","M","R","?","R","BOSS","M","?","M","$","?","R","E","R","T","?","M","?","?","?","R","BOSS"],"items_purchased_type":["Relic","Relic","Card","Card","Card","Relic","Card","Relic","Card"],"build_version":"2020-12-22","purchased_purges":1,"victory":false,"max_hp_per_floor":[70,70,70,70,70,77,77,77,77,77,77,82,82,82,82,82,82,82,82,82,82,57,57,57,57,57,57,57,57,57,57,57,57,57,57,57,57,64,64,64,64,64,64,64,64,64,64,64,64,64,64],"card_choices":[{"not_picked":["Dodge and Roll","Escape Plan","Quick Slash"],"picked":"SKIP","floor":1.0},{"not_picked":["Backstab","Riddle With Holes"],"picked":"Distraction","floor":3.0},{"not_picked":["Prepared","Blade Dance"],"picked":"Leg Sweep","floor":4.0},{"not_picked":["Crippling Poison","Sucker Punch"],"picked":"Deadly Poison","floor":6.0},{"not_picked":["Poisoned Stab","Setup"],"picked":"Footwork","floor":8.0},{"not_picked":["Blur","Slice"],"picked":"Sucker Punch","floor":11.0},{"not_picked":["Bouncing Flask","All Out Attack"],"picked":"Noxious Fumes+1","floor":12.0},{"not_picked":["Outmaneuver","Sucker Punch"],"picked":"Caltrops+1","floor":14.0},{"not_picked":["Storm of Steel","Phantasmal Killer"],"picked":"Corpse Explosion","floor":16.0},{"not_picked":["Accuracy+1","PiercingWail"],"picked":"Backflip+1","floor":18.0},{"not_picked":["Underhanded Strike+1","Masterful Stab+1"],"picked":"Bane","floor":20.0},{"not_picked":["Quick Slash","Underhanded Strike+1"],"picked":"Wraith Form v2+1","floor":24.0},{"not_picked":["Sucker Punch","Bane"],"picked":"Flechettes+1","floor":29.0},{"not_picked":["Dash+1","Distraction"],"picked":"Slice","floor":31.0},{"not_picked":["Tools of the Trade+1","Wraith Form v2+1"],"picked":"Corpse Explosion","floor":33.0},{"not_picked":["All Out Attack+1","Flying Knee","Finisher"],"picked":"SKIP","floor":35.0},{"not_picked":["Outmaneuver+1","Tactician"],"picked":"Terror+1","floor":37.0},{"not_picked":["Choke","Dagger Throw"],"picked":"Sucker Punch+1","floor":39.0},{"not_picked":["Eviscerate","Crippling Poison"],"picked":"Poisoned Stab+1","floor":41.0},{"not_picked":["Backflip","PiercingWail"],"picked":"Well Laid Plans+1","floor":45.0},{"not_picked":["Dagger Throw","Reflex"],"picked":"Slice+1","floor":46.0}],"player_experience":161515,"relics_obtained":[{"floor":6.0,"key":"Strawberry"},{"floor":9.0,"key":"Frozen Egg 2"},{"floor":11.0,"key":"Ice Cream"},{"floor":24.0,"key":"PreservedInsect"},{"floor":26.0,"key":"HornCleat"},{"floor":34.0,"key":"Smiling Mask"},{"floor":34.0,"key":"Gremlin Horn"},{"floor":34.0,"key":"Ginger"},{"floor":36.0,"key":"Sundial"},{"floor":41.0,"key":"Incense Burner"},{"floor":43.0,"key":"Omamori"}],"event_choices":[{"damage_healed":0.0,"max_hp_gain":0.0,"max_hp_loss":0.0,"gold_gain":75.0,"event_name":"FaceTrader","player_choice":"Touch","floor":2.0,"gold_loss":0.0,"damage_taken":7.0},{"damage_healed":0.0,"max_hp_gain":0.0,"max_hp_loss":0.0,"gold_gain":0.0,"event_name":"Shining Light","player_choice":"Entered Light","floor":5.0,"gold_loss":0.0,"damage_taken":14.0,"cards_upgraded":["Defend_G","Defend_G"]},{"cards_removed":["Strike_G"],"damage_healed":0.0,"max_hp_gain":0.0,"max_hp_loss":0.0,"gold_gain":0.0,"event_name":"Golden Wing","player_choice":"Card Removal","floor":10.0,"gold_loss":0.0,"damage_taken":7.0},{"damage_healed":0.0,"max_hp_gain":0.0,"max_hp_loss":25.0,"gold_gain":0.0,"event_name":"Vampires","player_choice":"Became a vampire","floor":22.0,"gold_loss":0.0,"damage_taken":0.0,"cards_obtained":["Bite","Bite","Bite","Bite","Bite"]},{"damage_healed":0.0,"max_hp_gain":0.0,"max_hp_loss":0.0,"gold_gain":0.0,"event_name":"Back to Basics","player_choice":"Simplicity","floor":27.0,"gold_loss":0.0,"damage_taken":0.0,"cards_upgraded":["Defend_G","Defend_G","Defend_G"]},{"damage_healed":0.0,"max_hp_gain":0.0,"max_hp_loss":0.0,"gold_gain":0.0,"event_name":"The Woman in Blue","player_choice":"Bought 2 Potions","floor":44.0,"gold_loss":0.0,"damage_taken":0.0},{"cards_removed":["Deadly Poison"],"damage_healed":0.0,"max_hp_gain":0.0,"max_hp_loss":0.0,"gold_gain":0.0,"event_name":"Falling","player_choice":"Removed Skill","floor":48.0,"gold_loss":0.0,"damage_taken":0.0}],"is_beta":false,"boss_relics":[{"not_picked":["HoveringKite","Runic Dome"],"picked":"WristBlade"},{"not_picked":["Sozu","Tiny House"],"picked":"Calling Bell"}],"items_purged_floors":[19],"is_endless":false,"potions_floor_spawned":[4,6,11,12,16,24,29,37],"killed_by":"Donu and Deca","ascension_level":7}}