{"host":"cjhtzh7tp54jdfyv","time":1610945014,"event":{"mods":["AchievementEnabler","BaseMod","Colored Map","Colored Powertips","Curses Come First","DeckTracker","Filter the Spire","Minty Spire (QoL Compilation)","RNG Fix","Relic Sorter","Relic Stats","StSLib","UnlockEverythingMod","ojb\u0027s Better Paths Mod","ojb\u0027s Info Mod"],"gold_per_floor":[115,130,142,157,157,157,185,185,209,220,254,254,279,37,37,111,111,130,144,47,58,78,97,97,123,123,123,150,180,92,119,119,192,192,211,211,211,86,133,161,11,30,30,40,40,67,92,92,92,92,92,92,92,92,118,118],"floor_reached":57,"language":"ENG","playtime":6286,"items_purged":["Defend_P","Conclude+1","FollowUp","JustLucky"],"score":3376,"play_id":"d01d8109-a4bb-4d82-b785-a30a23c06160","local_time":"20210117234334","is_ascension_mode":true,"campfire_choices":[{"data":"Eruption","floor":6.0,"key":"SMITH"},{"data":"Conclude","floor":8.0,"key":"SMITH"},{"data":"Wallop","floor":12.0,"key":"SMITH"},{"data":"Vigilance","floor":15.0,"key":"SMITH"},{"data":"Enlightenment","floor":24.0,"key":"SMITH"},{"data":"Adaptation","floor":32.0,"key":"SMITH"},{"data":"Scrawl","floor":45.0,"key":"SMITH"},{"floor":49.0,"key":"RECALL"},{"data":"1","floor":53,"key":"LIFT"}],"circlet_count":0,"master_deck":["AscendersBane","Eruption+1","Vigilance+1","Tantrum","Wallop+1","Scrawl+1","Adaptation+1","Prostrate+1","Enlightenment+1","InnerPeace+1","Adaptation+1","Scrawl+1","Secret Technique"],"relics":["Empty Cage","Incense Burner","Happy Flower","Centennial Puzzle","Orichalcum","Toy Ornithopter","Astrolabe","Thread and Needle","Lizard Tail","MawBank","Pocketwatch","Sozu","StoneCalendar","Oddly Smooth Stone","Dream Catcher","Girya","Strawberry"],"acts_visited":["Exordium","TheCity","TheBeyond","TheEnding"],"potions_floor_usage":[],"damage_taken":[{"damage":1.0,"enemies":"Cultist","floor":1.0,"turns":4.0},{"damage":9.0,"enemies":"2 Louse","floor":2.0,"turns":3.0},{"damage":2.0,"enemies":"Jaw Worm","floor":3.0,"turns":3.0},{"damage":0.0,"enemies":"3 Louse","floor":4.0,"turns":2.0},{"damage":14.0,"enemies":"Lagavulin","floor":7.0,"turns":6.0},{"damage":0.0,"enemies":"Gremlin Gang","floor":10.0,"turns":4.0},{"damage":1.0,"enemies":"Gremlin Nob","floor":11.0,"turns":3.0},{"damage":0.0,"enemies":"3 Sentries","floor":13.0,"turns":1.0},{"damage":6.0,"enemies":"The Guardian","floor":16.0,"turns":6.0},{"damage":0.0,"enemies":"Spheric Guardian","floor":18.0,"turns":2.0},{"damage":0.0,"enemies":"3 Byrds","floor":19.0,"turns":6.0},{"damage":15.0,"enemies":"Shelled Parasite and Fungi","floor":21.0,"turns":3.0},{"damage":0.0,"enemies":"Cultist and Chosen","floor":22.0,"turns":3.0},{"damage":0.0,"enemies":"3 Cultists","floor":23.0,"turns":3.0},{"damage":20.0,"enemies":"Slavers","floor":25.0,"turns":3.0},{"damage":0.0,"enemies":"Book of Stabbing","floor":28.0,"turns":3.0},{"damage":0.0,"enemies":"Centurion and Healer","floor":29.0,"turns":3.0},{"damage":5.0,"enemies":"Gremlin Leader","floor":31.0,"turns":7.0},{"damage":0.0,"enemies":"Champ","floor":33.0,"turns":6.0},{"damage":0.0,"enemies":"Orb Walker","floor":35.0,"turns":2.0},{"damage":0.0,"enemies":"2 Orb Walkers","floor":39.0,"turns":1.0},{"damage":0.0,"enemies":"Reptomancer","floor":40.0,"turns":1.0},{"damage":0.0,"enemies":"3 Shapes","floor":42.0,"turns":1.0},{"damage":0.0,"enemies":"Writhing Mass","floor":44.0,"turns":1.0},{"damage":0.0,"enemies":"Nemesis","floor":46.0,"turns":1.0},{"damage":0.0,"enemies":"Mind Bloom Boss Battle","floor":47.0,"turns":1.0},{"damage":0.0,"enemies":"Awakened One","floor":50.0,"turns":4.0},{"damage":0.0,"enemies":"Time Eater","floor":51.0,"turns":8.0},{"damage":0,"enemies":"Shield and Spear","floor":55,"turns":3},{"damage":4,"enemies":"The Heart","floor":56,"turns":5}],"seed_played":"7851858602950288422","potions_obtained":[{"floor":3.0,"key":"SkillPotion"},{"floor":10.0,"key":"BlessingOfTheForge"},{"floor":11.0,"key":"BottledMiracle"}],"is_trial":false,"path_per_floor":["M","M","M","M","?","R","E","R","T","M","E","R","E","$","R","B",null,"M","M","$","M","M","M","R","E","T","?","E","M","$","E","R","B",null,"M","?","?","$","?","E","$","M","T","M","R","E","?","?","R","B","B",null,"R","$","E","B",null],"character_chosen":"WATCHER","items_purchased":["Happy Flower","Enlightenment"],"campfire_rested":0,"item_purchase_floors":[14,20],"current_hp_per_floor":[60,51,49,49,42,42,28,28,28,28,27,27,27,27,27,21,56,56,56,56,41,41,41,41,21,21,21,21,21,21,16,16,16,55,55,55,45,45,45,45,45,45,45,45,45,45,45,45,45,45,45,60,60,60,67,63],"gold":118,"neow_bonus":"BOSS_RELIC","is_daily":false,"chose_seed":false,"campfire_upgraded":7,"win_rate":0.0,"timestamp":1610945014,"path_taken":["M","M","M","M","?","R","E","R","T","?","E","R","E","?","R","BOSS","M","M","$","M","M","M","R","E","T","?","E","M","$","E","R","BOSS","M","?","?","$","?","E","$","M","T","M","R","E","?","?","R","BOSS","BOSS","R","$","E","BOSS"],"items_purchased_type":["Relic","Card"],"build_version":"2020-12-22","purchased_purges":4,"victory":true,"max_hp_per_floor":[68,68,68,68,68,68,68,68,68,68,68,68,68,68,68,68,68,68,68,68,68,68,68,68,68,68,68,68,68,68,68,68,68,68,68,65,65,65,65,65,65,65,65,65,65,65,65,65,65,65,65,65,65,65,72,72],"relic_stats":{"Happy Flower":[24],"counters":[30,99],"Astrolabe":["Scrawl","Adaptation","Prostrate"],"StoneCalendar":[52],"Orichalcum":[54],"MawBank":24,"Sozu":4,"Centennial Puzzle":[17],"Lizard Tail":0,"Dream Catcher":0,"obtain_stats":[{"Girya":47,"Happy Flower":14,"Astrolabe":17,"Oddly Smooth Stone":40,"Thread and Needle":25,"StoneCalendar":39,"Incense Burner":7,"Orichalcum":11,"Empty Cage":0,"MawBank":28,"Sozu":34,"Centennial Puzzle":9,"Lizard Tail":26,"Dream Catcher":46,"Strawberry":55,"PureWater":0,"Toy Ornithopter":13,"Pocketwatch":31},{"Girya":26,"Happy Flower":8,"Astrolabe":9,"Oddly Smooth Stone":22,"Thread and Needle":15,"StoneCalendar":21,"Incense Burner":5,"Orichalcum":7,"Empty Cage":0,"MawBank":16,"Sozu":19,"Centennial Puzzle":5,"Lizard Tail":15,"Dream Catcher":25,"Strawberry":29,"PureWater":0,"Toy Ornithopter":8,"Pocketwatch":18},{"Girya":79,"Happy Flower":26,"Astrolabe":32,"Oddly Smooth Stone":75,"Thread and Needle":52,"StoneCalendar":74,"Incense Burner":18,"Orichalcum":25,"Empty Cage":0,"MawBank":55,"Sozu":71,"Centennial Puzzle":18,"Lizard Tail":52,"Dream Catcher":78,"Strawberry":94,"PureWater":0,"Toy Ornithopter":26,"Pocketwatch":65}],"Toy Ornithopter":0,"Pocketwatch":[5]},"card_choices":[{"not_picked":["ThirdEye","Study","Fasting2"],"picked":"SKIP","floor":1.0},{"not_picked":["Weave","FlyingSleeves"],"picked":"CutThroughFate","floor":2.0},{"not_picked":["SashWhip","PathToVictory"],"picked":"Conclude","floor":3.0},{"not_picked":["FollowUp","FlyingSleeves"],"picked":"Tantrum","floor":4.0},{"not_picked":["Crescendo","DevaForm"],"picked":"FollowUp","floor":7.0},{"not_picked":["EmptyBody","ClearTheMind"],"picked":"Wallop","floor":10.0},{"not_picked":["Prostrate","ThirdEye","Alpha"],"picked":"SKIP","floor":11.0},{"not_picked":["WreathOfFlame","Judgement"],"picked":"JustLucky","floor":13.0},{"not_picked":["Indignation","Meditate","Consecrate"],"picked":"SKIP","floor":18.0},{"not_picked":["Crescendo","Tantrum","JustLucky"],"picked":"SKIP","floor":19.0},{"not_picked":["Worship","Halt","Prostrate"],"picked":"SKIP","floor":21.0},{"not_picked":["Crescendo","ClearTheMind"],"picked":"InnerPeace+1","floor":22.0},{"not_picked":["PathToVictory+1","CrushJoints+1","Vengeance"],"picked":"SKIP","floor":23.0},{"not_picked":["Crescendo+1","Brilliance"],"picked":"Adaptation","floor":25.0},{"not_picked":["Swivel","TalkToTheHand","FlyingSleeves"],"picked":"SKIP","floor":28.0},{"not_picked":["ReachHeaven","Study","JustLucky"],"picked":"SKIP","floor":29.0},{"not_picked":["CutThroughFate+1","Consecrate","PathToVictory"],"picked":"SKIP","floor":31.0},{"not_picked":["DeusExMachina","Blasphemy"],"picked":"Scrawl","floor":33.0},{"not_picked":["Protect","Wireheading","BattleHymn+1"],"picked":"SKIP","floor":35.0},{"not_picked":["Impatience","Forethought"],"picked":"Secret Technique","floor":37.0},{"not_picked":["FollowUp","TalkToTheHand+1","Crescendo+1"],"picked":"SKIP","floor":40.0},{"not_picked":["FollowUp","TalkToTheHand+1","Crescendo+1"],"picked":"SKIP","floor":40.0},{"not_picked":["Protect","ClearTheMind","EmptyBody+1"],"picked":"SKIP","floor":42.0},{"not_picked":["Swivel","CrushJoints+1","MasterReality"],"picked":"SKIP","floor":44.0},{"not_picked":["Meditate+1","BowlingBash","CutThroughFate"],"picked":"SKIP","floor":46.0},{"not_picked":["WindmillStrike+1","Consecrate","Tantrum"],"picked":"SKIP","floor":55}],"player_experience":4406906,"relics_obtained":[{"floor":7.0,"key":"Incense Burner"},{"floor":9.0,"key":"Centennial Puzzle"},{"floor":11.0,"key":"Orichalcum"},{"floor":13.0,"key":"Toy Ornithopter"},{"floor":25.0,"key":"Thread and Needle"},{"floor":26.0,"key":"Lizard Tail"},{"floor":28.0,"key":"MawBank"},{"floor":31.0,"key":"Pocketwatch"},{"floor":39.0,"key":"StoneCalendar"},{"floor":40.0,"key":"Oddly Smooth Stone"},{"floor":46.0,"key":"Dream Catcher"},{"floor":47.0,"key":"Girya"},{"floor":55,"key":"Strawberry"}],"event_choices":[{"cards_removed":["Defend_P"],"damage_healed":0.0,"max_hp_gain":0.0,"max_hp_loss":0.0,"gold_gain":0.0,"event_name":"Golden Wing","player_choice":"Card Removal","floor":5.0,"gold_loss":0.0,"damage_taken":7.0},{"cards_removed":["Strike_P"],"damage_healed":0.0,"max_hp_gain":0.0,"max_hp_loss":0.0,"gold_gain":0.0,"event_name":"Back to Basics","player_choice":"Elegance","floor":27.0,"gold_loss":0.0,"damage_taken":0.0},{"damage_healed":0.0,"max_hp_gain":0.0,"max_hp_loss":3.0,"gold_gain":0.0,"event_name":"Winding Halls","player_choice":"Max HP","floor":36.0,"gold_loss":0.0,"damage_taken":0.0},{"damage_healed":0.0,"max_hp_gain":0.0,"max_hp_loss":0.0,"gold_gain":0.0,"event_name":"SensoryStone","player_choice":"Memory 3","floor":37.0,"gold_loss":0.0,"damage_taken":10.0},{"damage_healed":0.0,"max_hp_gain":0.0,"max_hp_loss":0.0,"gold_gain":0.0,"event_name":"Mysterious Sphere","player_choice":"Fight","floor":39.0,"gold_loss":0.0,"damage_taken":0.0},{"damage_healed":0.0,"max_hp_gain":0.0,"max_hp_loss":0.0,"gold_gain":0.0,"event_name":"MindBloom","player_choice":"Fight","floor":47.0,"gold_loss":0.0,"damage_taken":0.0},{"cards_removed":["CutThroughFate"],"damage_healed":0.0,"max_hp_gain":0.0,"max_hp_loss":0.0,"gold_gain":0.0,"event_name":"Falling","player_choice":"Removed Attack","floor":48.0,"gold_loss":0.0,"damage_taken":0.0}],"is_beta":false,"boss_relics":[{"not_picked":["Pandora\u0027s Box","Tiny House"],"picked":"Astrolabe"},{"not_picked":["Cursed Key","Snecko Eye"],"picked":"Sozu"}],"items_purged_floors":[14,30,38,41],"is_endless":false,"potions_floor_spawned":[3,10,11,13,19,22,28,31,33,35,42,47,55],"ascension_level":20}}