{"host":"oi6p1guiqfwwvxym","time":1610928219,"event":{"mods":["BaseMod","Colored Map","Minty Spire (QoL Compilation)"],"gold_per_floor":[113,127,147,147,147,178,178,204,204,204,224,16,32,46,46,119,119,134,18,29,29,48,48,48],"floor_reached":23,"language":"ENG","playtime":1456,"items_purged":[],"score":376,"play_id":"3ef32112-f9e1-41f7-8c83-e914227e3b03","local_time":"20210117160339","is_ascension_mode":true,"campfire_choices":[{"data":"Shockwave","floor":7,"key":"SMITH"},{"floor":10,"key":"REST"},{"data":"Demon Form","floor":15,"key":"SMITH"}],"circlet_count":0,"master_deck":["AscendersBane","Strike_R","Strike_R","Strike_R","Defend_R","Defend_R","Defend_R","Bash","Bloodletting+1","Carnage+1","Exhume+1","Pommel Strike","Armaments","Shockwave+1","Shrug It Off+1","Havoc+1","Demon Form+1","Metallicize","Uppercut","Double Tap+1","Heavy Blade+1","Warcry+1","Shrug It Off+1","Feel No Pain"],"relics":["Astrolabe","Toxic Egg 2","Meat on the Bone","Bag of Marbles","Matryoshka","Membership Card","Sozu","PreservedInsect"],"acts_visited":["Exordium","TheCity"],"potions_floor_usage":[6,16,16],"damage_taken":[{"damage":1,"enemies":"2 Louse","floor":1,"turns":3},{"damage":0,"enemies":"Cultist","floor":2,"turns":3},{"damage":5,"enemies":"Small Slimes","floor":3,"turns":2},{"damage":15,"enemies":"3 Sentries","floor":6,"turns":8},{"damage":22,"enemies":"Gremlin Nob","floor":8,"turns":4},{"damage":19,"enemies":"Exordium Thugs","floor":11,"turns":4},{"damage":3,"enemies":"Large Slime","floor":13,"turns":3},{"damage":7,"enemies":"2 Fungi Beasts","floor":14,"turns":4},{"damage":12,"enemies":"Hexaghost","floor":16,"turns":7},{"damage":33,"enemies":"Chosen","floor":18,"turns":8},{"damage":23,"enemies":"Shell Parasite","floor":20,"turns":5},{"damage":23,"enemies":"Chosen and Byrds","floor":22,"turns":6},{"damage":27,"enemies":"Gremlin Leader","floor":23,"turns":4}],"seed_played":"-1959758202174701764","potions_obtained":[{"floor":5,"key":"Explosive Potion"},{"floor":5,"key":"ElixirPotion"},{"floor":6,"key":"Ancient Potion"},{"floor":13,"key":"EssenceOfSteel"},{"floor":14,"key":"Regen Potion"}],"is_trial":false,"path_per_floor":["M","M","M","?","?","E","R","E","T","R","M","$","M","M","R","B",null,"M","$","M","?","M","E"],"character_chosen":"IRONCLAD","items_purchased":["Membership Card","Metallicize","Warcry+1","PreservedInsect"],"campfire_rested":1,"item_purchase_floors":[12,12,19,19],"current_hp_per_floor":[67,67,62,51,51,36,36,26,26,48,41,41,38,43,43,46,68,47,47,36,36,25,0,0],"gold":48,"neow_bonus":"BOSS_RELIC","is_daily":false,"chose_seed":false,"campfire_upgraded":2,"win_rate":0.0,"timestamp":1610928219,"path_taken":["M","M","M","?","?","E","R","E","T","R","?","$","M","M","R","BOSS","M","$","M","?","M","E"],"items_purchased_type":["Relic","Card","Card","Relic"],"build_version":"2020-12-22","purchased_purges":0,"victory":false,"max_hp_per_floor":[75,75,75,75,75,75,75,75,75,75,75,75,75,75,75,75,75,75,75,75,75,75,75,75],"card_choices":[{"not_picked":["Heavy Blade","Burning Pact"],"picked":"Pommel Strike","floor":1},{"not_picked":["Twin Strike","Entrench"],"picked":"Armaments","floor":2},{"not_picked":["Heavy Blade","Sentinel"],"picked":"Shockwave","floor":3},{"not_picked":["Perfected Strike","Wild Strike"],"picked":"Shrug It Off+1","floor":6},{"not_picked":["Combust","Rage+1"],"picked":"Havoc+1","floor":8},{"not_picked":["Cleave","Armaments+1"],"picked":"Demon Form","floor":11},{"not_picked":["Anger","Searing Blow","Clash"],"picked":"SKIP","floor":13},{"not_picked":["Anger","Dark Embrace"],"picked":"Uppercut","floor":14},{"not_picked":["Barricade","Bludgeon"],"picked":"Double Tap+1","floor":16},{"not_picked":["Twin Strike","Anger"],"picked":"Heavy Blade+1","floor":18},{"not_picked":["True Grit+1","Body Slam"],"picked":"Shrug It Off+1","floor":20},{"not_picked":["Evolve","Iron Wave+1"],"picked":"Feel No Pain","floor":22}],"player_experience":366049,"relics_obtained":[{"floor":6,"key":"Meat on the Bone"},{"floor":8,"key":"Bag of Marbles"},{"floor":9,"key":"Matryoshka"}],"event_choices":[{"damage_healed":0,"gold_gain":0,"player_choice":"Success","damage_taken":11,"relics_obtained":["Toxic Egg 2"],"max_hp_gain":0,"max_hp_loss":0,"event_name":"Scrap Ooze","floor":4,"gold_loss":0},{"damage_healed":0,"gold_gain":0,"player_choice":"Got Potions","damage_taken":0,"max_hp_gain":0,"max_hp_loss":0,"event_name":"Lab","floor":5,"gold_loss":0},{"damage_healed":0,"gold_gain":0,"player_choice":"0 cards matched","damage_taken":0,"max_hp_gain":0,"max_hp_loss":0,"event_name":"Match and Keep!","floor":21,"gold_loss":0,"cards_obtained":[]}],"is_beta":false,"boss_relics":[{"not_picked":["Velvet Choker","Cursed Key"],"picked":"Sozu"}],"items_purged_floors":[],"is_endless":false,"potions_floor_spawned":[6,13,14,22],"killed_by":"Gremlin Leader","ascension_level":17}}