{"host":"rl5ku05escnl5kxo","time":1610931650,"event":{"mods":["Act Like it!","BaseMod","Minty Spire (QoL Compilation)","StSLib","The Bug Knight"],"gold_per_floor":[117,133,109,109,122,122,155,174,199,199,216,236,236,252,252,351,401,326,326,326],"floor_reached":19,"language":"ENG","playtime":1247,"items_purged":[],"score":194,"play_id":"1d74ba3a-90b2-44bb-b6a1-ef73a73ff5f3","local_time":"20210117170050","is_ascension_mode":false,"campfire_choices":[{"data":"HollowMod:PerfectDash","floor":6,"key":"SMITH"},{"data":"HollowMod:HowlingWraiths","floor":10,"key":"SMITH"},{"data":"HollowMod:LifebloodCocoon","floor":13,"key":"SMITH"},{"floor":15,"key":"REST"}],"circlet_count":0,"master_deck":["HollowMod:NailStrikeStart+1","HollowMod:NailStrikeStart","HollowMod:NailStrikeStart","HollowMod:NailStrikeStart+1","HollowMod:QuickDashStart","HollowMod:QuickDashStart","HollowMod:QuickDashStart","HollowMod:FocusHealStart","HollowMod:PogoStrike+1","HollowMod:PerfectDash+1","HollowMod:HowlingWraiths+1","HollowMod:QuickDashStart","HollowMod:HowlingWraiths","HollowMod:MonarchWings","HollowMod:HowlingWraiths","HollowMod:LifebloodCocoon+1","HollowMod:GreatSlash","HollowMod:SlysStrikes","HollowMod:HowlingWraiths","HollowMod:QuirrelsAssistance"],"relics":["HollowMod:VesselMask","NeowsBlessing","Toy Ornithopter","Whetstone","Tiny House"],"acts_visited":["Exordium","TheCity"],"potions_floor_usage":[],"damage_taken":[{"damage":0,"enemies":"Jaw Worm","floor":1,"turns":1},{"damage":0,"enemies":"Small Slimes","floor":2,"turns":1},{"damage":0,"enemies":"Cultist","floor":5,"turns":1},{"damage":46,"enemies":"Lagavulin","floor":7,"turns":8},{"damage":11,"enemies":"Large Slime","floor":8,"turns":5},{"damage":0,"enemies":"Looter","floor":11,"turns":4},{"damage":8,"enemies":"Gremlin Gang","floor":12,"turns":3},{"damage":5,"enemies":"Blue Slaver","floor":14,"turns":4},{"damage":35,"enemies":"Slime Boss","floor":16,"turns":8},{"damage":31,"enemies":"2 Thieves","floor":18,"turns":5},{"damage":62,"enemies":"Masked Bandits","floor":19,"turns":4}],"seed_played":"-3938857193941598807","potions_obtained":[{"floor":1,"key":"PowerPotion"},{"floor":2,"key":"AttackPotion"},{"floor":12,"key":"Weak Potion"},{"floor":17,"key":"Explosive Potion"}],"is_trial":false,"path_per_floor":["M","M","?","?","M","R","E","M","T","R","M","M","R","M","R","B",null,"M","?"],"character_chosen":"THE_BUGKNIGHT","items_purchased":[],"campfire_rested":1,"item_purchase_floors":[],"current_hp_per_floor":[75,75,75,75,75,75,35,24,24,24,30,22,22,17,39,4,80,55,0,0],"gold":326,"neow_bonus":"THREE_ENEMY_KILL","is_daily":false,"chose_seed":false,"campfire_upgraded":3,"win_rate":0.0,"timestamp":1610931650,"path_taken":["M","M","?","?","?","R","E","M","T","R","M","M","R","M","R","BOSS","M","?"],"items_purchased_type":[],"build_version":"2020-12-22","purchased_purges":0,"victory":false,"max_hp_per_floor":[75,75,75,75,75,75,75,75,75,75,75,75,75,75,75,75,80,80,80,80],"card_choices":[{"not_picked":["HollowMod:MantisMark","HollowMod:CycloneSlash"],"picked":"HollowMod:PerfectDash","floor":1},{"not_picked":["HollowMod:FallenFury","HollowMod:InfectedCysts"],"picked":"HollowMod:HowlingWraiths","floor":2},{"not_picked":["HollowMod:InfectedCysts","HollowMod:SiblingsSouls"],"picked":"HollowMod:HowlingWraiths","floor":5},{"not_picked":["HollowMod:InfectedCysts","HollowMod:ShapeofUnn","HollowMod:MawleksShell"],"picked":"SKIP","floor":7},{"not_picked":["HollowMod:HeavyBlow","HollowMod:CrystalDash"],"picked":"HollowMod:MonarchWings","floor":8},{"not_picked":["HollowMod:MawleksShell","HollowMod:theNailsmith"],"picked":"HollowMod:HowlingWraiths","floor":11},{"not_picked":["HollowMod:DoubleDash","HollowMod:HeavyBlow"],"picked":"HollowMod:LifebloodCocoon","floor":12},{"not_picked":["HollowMod:MidwifesHunger","HollowMod:DreamGate"],"picked":"HollowMod:GreatSlash","floor":14},{"not_picked":["HollowMod:HornetsHelp","HollowMod:RadiancesLament"],"picked":"HollowMod:SlysStrikes","floor":16},{"not_picked":["HollowMod:MothsMistake","HollowMod:LifebloodCocoon"],"picked":"HollowMod:HowlingWraiths","floor":17},{"not_picked":["HollowMod:SharpenedNail","HollowMod:SiblingsSouls+1"],"picked":"HollowMod:QuirrelsAssistance","floor":18}],"player_experience":452258,"relics_obtained":[{"floor":7,"key":"Toy Ornithopter"},{"floor":9,"key":"Whetstone"}],"event_choices":[{"damage_healed":0,"gold_gain":0,"player_choice":"Left Gold","damage_taken":0,"max_hp_gain":0,"max_hp_loss":0,"event_name":"World of Goop","floor":3,"gold_loss":24},{"cards_removed":["HollowMod:QuickDashStart"],"damage_healed":0,"gold_gain":0,"player_choice":"Took Card","damage_taken":0,"max_hp_gain":0,"max_hp_loss":0,"event_name":"NoteForYourself","floor":4,"gold_loss":0,"cards_obtained":["HollowMod:QuickDashStart"]},{"damage_healed":0,"gold_gain":0,"player_choice":"Fought Bandits","damage_taken":0,"max_hp_gain":0,"max_hp_loss":0,"event_name":"Masked Bandits","floor":19,"gold_loss":0}],"is_beta":false,"boss_relics":[{"not_picked":["SlaversCollar","Pandora\u0027s Box"],"picked":"Tiny House"}],"items_purged_floors":[],"is_endless":false,"potions_floor_spawned":[1,2,12,16],"killed_by":"Masked Bandits","ascension_level":0}}