{"host":"dftyqn972q7tuon4","time":1610989188,"event":{"mods":["AchievementEnabler","BaseMod","Better Altar","Better Match","Better Note","Better Sensory Stone","Better Skull","Better Third Choice","Colored Powertips","Highlight Path","Minty Spire (QoL Compilation)","Permanent Neow","Quick Restart","StSLib"],"gold_per_floor":[114,114,133,152,152,152,172,203,252,270,296,471,496,513,513,513,513],"floor_reached":16,"language":"ENG","playtime":745,"items_purged":[],"score":183,"play_id":"7d183bde-ea59-4ca7-ab1f-a2ed22f4916c","local_time":"20210118175948","is_ascension_mode":true,"campfire_choices":[{"data":"Armaments","floor":6.0,"key":"SMITH"},{"floor":15.0,"key":"REST"}],"circlet_count":0,"master_deck":["AscendersBane","Strike_R","Strike_R","Strike_R","Strike_R","Defend_R","Defend_R","Defend_R","Defend_R","Bash","Armaments+1","Spot Weakness","Body Slam","Uppercut","Burn","Ghostly Armor","Dropkick","Body Slam","Body Slam","Doubt","Offering+1","Rampage"],"relics":["Burning Blood","Toxic Egg 2","PreservedInsect","Anchor","Kunai"],"acts_visited":["Exordium"],"potions_floor_usage":[16],"damage_taken":[{"damage":2.0,"enemies":"2 Louse","floor":1.0,"turns":4.0},{"damage":0.0,"enemies":"Cultist","floor":3.0,"turns":4.0},{"damage":3.0,"enemies":"Small Slimes","floor":4.0,"turns":4.0},{"damage":5.0,"enemies":"3 Louse","floor":7.0,"turns":3.0},{"damage":34.0,"enemies":"Lagavulin","floor":8.0,"turns":9.0},{"damage":3.0,"enemies":"2 Fungi Beasts","floor":10.0,"turns":3.0},{"damage":26.0,"enemies":"Gremlin Nob","floor":11.0,"turns":4.0},{"damage":10.0,"enemies":"3 Sentries","floor":13.0,"turns":4.0},{"damage":12.0,"enemies":"Exordium Wildlife","floor":14.0,"turns":5.0},{"damage":59,"enemies":"Slime Boss","floor":16,"turns":6}],"seed_played":"410551856481608139","potions_obtained":[{"floor":4.0,"key":"PowerPotion"},{"floor":8.0,"key":"LiquidBronze"},{"floor":10.0,"key":"Strength Potion"},{"floor":13.0,"key":"Strength Potion"}],"is_trial":false,"path_per_floor":["M","?","M","M","?","R","M","E","T","M","E","?","E","M","R","B"],"character_chosen":"IRONCLAD","items_purchased":[],"campfire_rested":1,"item_purchase_floors":[],"current_hp_per_floor":[76,76,80,80,80,80,80,52,52,55,35,35,31,25,49,0,0],"gold":513,"neow_bonus":"THREE_CARDS","is_daily":false,"chose_seed":false,"campfire_upgraded":1,"win_rate":0.0,"timestamp":1610989188,"path_taken":["M","?","M","?","?","R","M","E","T","M","E","?","E","M","R","BOSS"],"items_purchased_type":[],"build_version":"2020-12-22","purchased_purges":0,"victory":false,"max_hp_per_floor":[80,80,80,80,80,80,80,80,80,80,80,80,80,80,80,80,80],"card_choices":[{"not_picked":["Dark Embrace","Anger"],"picked":"Armaments","floor":0.0},{"not_picked":["Headbutt","Intimidate"],"picked":"Spot Weakness","floor":1.0},{"not_picked":["Anger","Iron Wave"],"picked":"Body Slam","floor":3.0},{"not_picked":["Armaments","Clash"],"picked":"Uppercut","floor":4.0},{"not_picked":["True Grit","Clash"],"picked":"Ghostly Armor","floor":7.0},{"not_picked":["Fire Breathing","Bloodletting+1"],"picked":"Dropkick","floor":8.0},{"not_picked":["True Grit+1","Clash"],"picked":"Body Slam","floor":10.0},{"not_picked":["Sever Soul","Blood for Blood"],"picked":"Body Slam","floor":11.0},{"not_picked":["Heavy Blade","Body Slam"],"picked":"Offering+1","floor":13.0},{"not_picked":["Flex+1","Perfected Strike"],"picked":"Rampage","floor":14.0}],"player_experience":693176,"relics_obtained":[{"floor":8.0,"key":"Toxic Egg 2"},{"floor":9.0,"key":"PreservedInsect"},{"floor":11.0,"key":"Anchor"},{"floor":13.0,"key":"Kunai"}],"event_choices":[{"cards_removed":["Strike_R"],"damage_healed":0.0,"max_hp_gain":0.0,"max_hp_loss":0.0,"gold_gain":0.0,"event_name":"Bonfire Elementals","player_choice":"Offered Basic","floor":2.0,"gold_loss":0.0,"damage_taken":0.0},{"damage_healed":80.0,"max_hp_gain":0.0,"max_hp_loss":80.0,"gold_gain":0.0,"event_name":"betterThird:BetterShining","player_choice":"Embrace Burn","floor":5.0,"gold_loss":0.0,"damage_taken":0.0},{"damage_healed":0.0,"max_hp_gain":0.0,"max_hp_loss":0.0,"gold_gain":175.0,"event_name":"betterThird:BetterSerpent","player_choice":"AGREE","floor":12.0,"gold_loss":0.0,"damage_taken":296.0}],"is_beta":false,"boss_relics":[],"items_purged_floors":[],"is_endless":false,"potions_floor_spawned":[4,8,10,13],"killed_by":"Slime Boss","ascension_level":10}}