{"host":"1pwde2j81wdvsae3","time":1610943601,"event":{"mods":["BaseMod","Minty Spire (QoL Compilation)","Replay The Spire","Shop Mod","StSLib"],"gold_per_floor":[114,130,130,55,69,119,119,134,134,148,148,183,183,209,209,286,286,302,312,312,312],"floor_reached":20,"language":"ZHS","playtime":662,"items_purged":[],"score":305,"play_id":"312cb31c-4a29-4adc-ba8c-03be9798fd7c","local_time":"20210118122001","is_ascension_mode":true,"campfire_choices":[{"data":"Reaper","floor":7.0,"key":"SMITH"},{"data":"Bloodletting","floor":11.0,"key":"SMITH"},{"floor":13,"key":"REST"},{"floor":15,"key":"REST"}],"circlet_count":0,"master_deck":["AscendersBane","Strike_R","Strike_R","Strike_R","Strike_R","Strike_R","Defend_R","Defend_R","Defend_R","Defend_R","Bash","Reaper+1","Fire Breathing","Bloodletting+1","Pummel","Writhe","Twin Strike","ReplayTheSpireMod:Muscle Training","Parasite","Warcry","Replay:Hysterical Blindness","Immolate","Wild Strike","Clothesline"],"relics":["Burning Blood","Sundial","Ring of Greed","The Courier","Blue Doll","ReplayTheSpireMod:Ring of Collecting","Ring of Hypnosis","Replay:Bottled Flurry","Pear","Regal Pillow","ReplayTheSpireMod:Ring of Addiction","Potion Belt","Chameleon Ring","Mark of Pain"],"acts_visited":["TheCity"],"potions_floor_usage":[16,16,19],"damage_taken":[{"damage":9.0,"enemies":"2 Louse","floor":1.0,"turns":4.0},{"damage":18.0,"enemies":"Jaw Worm","floor":2.0,"turns":8.0},{"damage":15.0,"enemies":"Cultist","floor":5.0,"turns":5.0},{"damage":14.0,"enemies":"Blue Slaver","floor":8.0,"turns":3.0},{"damage":17.0,"enemies":"Red Slaver","floor":10.0,"turns":3.0},{"damage":58,"enemies":"3 Sentries","floor":12,"turns":9},{"damage":91,"enemies":"Hexaghost","floor":16,"turns":10},{"damage":33,"enemies":"3 Byrds","floor":18,"turns":5},{"damage":22,"enemies":"Chosen","floor":19,"turns":3},{"damage":31,"enemies":"Snake Plant","floor":20,"turns":4}],"seed_played":"-5335263556508550381","potions_obtained":[{"floor":2.0,"key":"Dexterity Potion"},{"floor":12,"key":"AttackPotion"},{"floor":14,"key":"EntropicBrew"},{"floor":14,"key":"Fire Potion"},{"floor":16,"key":"Adrenaline Potion"},{"floor":18,"key":"PowerPotion"}],"is_trial":false,"path_per_floor":["M","M","?","?","M","?","R","M","T","M","R","E","R","T","R","B",null,"M","M","M"],"character_chosen":"IRONCLAD","items_purchased":[],"campfire_rested":2,"item_purchase_floors":[],"current_hp_per_floor":[73,67,67,67,62,62,62,54,54,43,43,18,43,43,83,8,66,45,29,0,0],"gold":312,"neow_bonus":"ONE_RANDOM_RARE_CARD","is_daily":false,"chose_seed":false,"campfire_upgraded":2,"win_rate":0.0,"timestamp":1610943601,"path_taken":["M","M","?","?","M","?","R","M","T","?","R","E","R","?","R","BOSS","M","M","M"],"items_purchased_type":[],"build_version":"2020-12-22","purchased_purges":0,"victory":false,"max_hp_per_floor":[75,75,75,75,75,75,75,75,75,75,75,85,85,85,85,85,85,85,85,85,85],"card_choices":[{"not_picked":["ReplayTheSpireMod:Strike From Hell","Inflame"],"picked":"Fire Breathing","floor":1.0},{"not_picked":["Run Through","ReplayTheSpireMod:Corrosion Curse"],"picked":"Bloodletting","floor":2.0},{"not_picked":["Warcry","Heavy Blade"],"picked":"Pummel","floor":5.0},{"not_picked":["Armaments","Rage"],"picked":"Twin Strike","floor":8.0},{"not_picked":["True Grit","Clothesline"],"picked":"ReplayTheSpireMod:Muscle Training","floor":10.0},{"not_picked":["ReplayTheSpireMod:Corrosion Curse","Run Through"],"picked":"Warcry","floor":12},{"not_picked":["Feed","Brutality"],"picked":"Immolate","floor":16},{"not_picked":["Iron Wave","Anger"],"picked":"Wild Strike","floor":18},{"not_picked":["Body Slam","Carnage"],"picked":"Clothesline","floor":19}],"player_experience":222342,"relics_obtained":[{"floor":6.0,"key":"Ring of Greed"},{"floor":6.0,"key":"The Courier"},{"floor":6.0,"key":"Blue Doll"},{"floor":6.0,"key":"ReplayTheSpireMod:Ring of Collecting"},{"floor":9.0,"key":"Ring of Hypnosis"},{"floor":9.0,"key":"Replay:Bottled Flurry"},{"floor":12,"key":"Pear"},{"floor":14,"key":"Regal Pillow"},{"floor":14,"key":"ReplayTheSpireMod:Ring of Addiction"},{"floor":14,"key":"Potion Belt"},{"floor":14,"key":"Chameleon Ring"}],"event_choices":[{"damage_healed":0.0,"max_hp_gain":0.0,"max_hp_loss":0.0,"gold_gain":0.0,"event_name":"Big Fish","player_choice":"Box","floor":3.0,"gold_loss":0.0,"damage_taken":0.0,"relics_obtained":["Sundial"],"cards_obtained":["Regret"]},{"cards_removed":["Regret"],"damage_healed":0.0,"max_hp_gain":0.0,"max_hp_loss":0.0,"gold_gain":0.0,"event_name":"The Cleric","player_choice":"Card Removal","floor":4.0,"gold_loss":75.0,"damage_taken":0.0}],"is_beta":false,"boss_relics":[{"not_picked":["Replay:Grab Bag","Replay:Bronze Core"],"picked":"Mark of Pain"}],"items_purged_floors":[],"is_endless":false,"potions_floor_spawned":[2,12,16,18],"killed_by":"Snake Plant","ascension_level":15}}