{"host":"rolltorest","time":1610931890,"event":{"mods":["BaseMod","Minty Spire (QoL Compilation)","Relic Stats","Slay the Relics Exporter","StSLib"],"gold_per_floor":[110,260,335,121,133,133,165,165,165,165,181,181,231,231,231],"floor_reached":14,"language":"ENG","playtime":458,"items_purged":["Doubt"],"score":172,"play_id":"1a3c51c9-6ff3-45bb-9cd8-cb9148e4cd4b","local_time":"20210117170450","is_ascension_mode":true,"campfire_choices":[{"data":"Deadly Poison","floor":6,"key":"SMITH"},{"floor":8,"key":"REST"},{"data":"Bane","floor":12,"key":"SMITH"}],"circlet_count":0,"master_deck":["AscendersBane","Strike_G","Strike_G","Strike_G","Strike_G","Defend_G","Defend_G","Defend_G","Defend_G","Defend_G","Survivor","Neutralize","Deadly Poison+1","Bane+1","Backstab","Masterful Stab","Poisoned Stab"],"relics":["Ring of the Snake","Happy Flower","Orichalcum","Pantograph"],"acts_visited":["Exordium"],"potions_floor_usage":[],"damage_taken":[{"damage":14,"enemies":"Jaw Worm","floor":1,"turns":9},{"damage":2,"enemies":"Small Slimes","floor":5,"turns":3},{"damage":30,"enemies":"3 Sentries","floor":7,"turns":12},{"damage":0,"enemies":"Cultist","floor":11,"turns":2},{"damage":22,"enemies":"Gremlin Nob","floor":14,"turns":3}],"seed_played":"-5576464629776413162","potions_obtained":[{"floor":1,"key":"Weak Potion"}],"is_trial":false,"path_per_floor":["M","?","?","$","M","R","E","R","T","?","M","R","?","E"],"character_chosen":"THE_SILENT","items_purchased":["Bane","Backstab"],"campfire_rested":1,"item_purchase_floors":[4,4],"current_hp_per_floor":[45,45,34,34,32,32,2,21,21,21,21,21,21,0,0],"gold":231,"neow_bonus":"RANDOM_COMMON_RELIC","is_daily":false,"chose_seed":false,"campfire_upgraded":2,"win_rate":0.0,"timestamp":1610931890,"path_taken":["M","?","?","$","M","R","E","R","T","?","?","R","?","E"],"items_purchased_type":["Card","Card"],"build_version":"2020-12-18","purchased_purges":1,"victory":false,"max_hp_per_floor":[66,66,66,66,66,66,66,66,66,66,66,66,66,66,66],"relic_stats":{"Happy Flower":[9],"counters":[5,29],"Pantograph":0,"Orichalcum":[18],"obtain_stats":[{"Happy Flower":0,"Pantograph":9,"Orichalcum":7,"Ring of the Snake":0},{"Happy Flower":0,"Pantograph":3,"Orichalcum":3,"Ring of the Snake":0},{"Happy Flower":0,"Pantograph":24,"Orichalcum":24,"Ring of the Snake":0}],"Ring of the Snake":[10]},"card_choices":[{"not_picked":["Bouncing Flask","Backflip"],"picked":"Deadly Poison","floor":1},{"not_picked":["Prepared","Backflip"],"picked":"Masterful Stab","floor":5},{"not_picked":["Bane","Acrobatics"],"picked":"Poisoned Stab","floor":7},{"not_picked":["Acrobatics","Bane","Poisoned Stab"],"picked":"SKIP","floor":11}],"player_experience":1724500,"relics_obtained":[{"floor":7,"key":"Orichalcum"},{"floor":9,"key":"Pantograph"}],"event_choices":[{"damage_healed":0,"gold_gain":150,"player_choice":"AGREE","damage_taken":0,"max_hp_gain":0,"max_hp_loss":0,"event_name":"Liars Game","floor":2,"gold_loss":0,"cards_obtained":["Doubt"]},{"damage_healed":0,"gold_gain":75,"player_choice":"Gather Gold","damage_taken":11,"max_hp_gain":0,"max_hp_loss":0,"event_name":"World of Goop","floor":3,"gold_loss":0},{"cards_removed":["Strike_G"],"damage_healed":0,"gold_gain":0,"player_choice":"Offered Basic","damage_taken":0,"max_hp_gain":0,"max_hp_loss":0,"event_name":"Bonfire Elementals","floor":10,"gold_loss":0},{"damage_healed":0,"gold_gain":50,"player_choice":"Pray","damage_taken":0,"max_hp_gain":0,"max_hp_loss":0,"event_name":"Golden Shrine","floor":13,"gold_loss":0}],"is_beta":true,"boss_relics":[],"items_purged_floors":[4],"is_endless":false,"potions_floor_spawned":[1],"killed_by":"Gremlin Nob","ascension_level":20}}