{"host":"wcqwttj5v9rz3xmq","time":1610998894,"event":{"mods":["BaseMod","Colored Map","Downfall","Minty Spire (QoL Compilation)","StSLib"],"gold_per_floor":[99,115,115,130,140,154,154,154,174,205,225,244,326,426,445,445,445,445],"floor_reached":16,"language":"ENG","playtime":1599,"items_purged":[],"score":106,"play_id":"32976915-708a-4a55-8576-7c643d9d788a","local_time":"20210118144134","is_ascension_mode":false,"campfire_choices":[{"data":"Slimebound:Split","floor":1,"key":"SMITH"},{"data":"Slimebound:GoopSpray","floor":8,"key":"SMITH"}],"circlet_count":0,"master_deck":["Slimebound:Strike_Slimebound","Slimebound:Strike_Slimebound","Slimebound:Strike_Slimebound","Slimebound:Defend_Slimebound","Slimebound:Defend_Slimebound","Slimebound:Defend_Slimebound","Slimebound:Defend_Slimebound","Slimebound:Split+1","Slimebound:CorrosiveSpit","Slimebound:PressTheAttack+1","Slimebound:Split+1","Slimebound:PressTheAttack","Slimebound:Schlurp","Slimebound:GoopSpray+1","Slimebound:FinishingTackle","Slimebound:LevelUp","Slimebound:SamplingLick","Slimebound:DisruptingSlam","Slimebound:Schlurp","Slimebound:SlimeBrawl","Slimebound:SlimeSlap","Slimebound:LivingWall"],"relics":["Slimebound:AbsorbEndCombat","Nunchaku","Sundial","Frozen Egg 2"],"acts_visited":["Exordium"],"potions_floor_usage":[14,16],"damage_taken":[{"damage":3,"enemies":"Small Slimes","floor":2,"turns":3},{"damage":1,"enemies":"Cultist","floor":4,"turns":4},{"damage":2,"enemies":"Jaw Worm","floor":5,"turns":2},{"damage":0,"enemies":"3 Louse","floor":6,"turns":3},{"damage":7,"enemies":"Red Slaver","floor":9,"turns":3},{"damage":1,"enemies":"Lagavulin","floor":10,"turns":6},{"damage":29,"enemies":"Exordium Thugs","floor":11,"turns":4},{"damage":25,"enemies":"Gremlin Gang","floor":12,"turns":3},{"damage":13,"enemies":"downfall:Heads","floor":14,"turns":5},{"damage":0,"enemies":"3 Louse","floor":15,"turns":3},{"damage":18,"enemies":"DF_ARCHETYPE_STREAMLINE","floor":16,"turns":3}],"seed_played":"-7658996833592871163","potions_obtained":[{"floor":5,"key":"Energy Potion"},{"floor":12,"key":"CultistPotion"},{"floor":14,"key":"Slimebound:ThreeZeroPotion"}],"is_trial":false,"path_per_floor":["R","M","?","M","M","M","T","R","M","E","M","M","T","?","M","B"],"character_chosen":"SLIMEBOUND","items_purchased":[],"campfire_rested":0,"item_purchase_floors":[],"current_hp_per_floor":[71,69,69,71,70,71,71,71,67,70,43,21,21,10,13,0,0,0],"gold":445,"neow_bonus":"TEN_PERCENT_HP_BONUS","is_daily":false,"chose_seed":false,"campfire_upgraded":2,"win_rate":0.0,"timestamp":1610998894,"path_taken":["R","M","?","M","M","M","T","R","M","E","?","M","?","?","M","BOSS"],"items_purchased_type":[],"build_version":"2020-12-22","purchased_purges":0,"victory":false,"max_hp_per_floor":[71,71,71,71,71,71,71,71,71,71,71,71,71,71,71,71,71,71],"card_choices":[{"not_picked":["Slimebound:Replication","Slimebound:GrowthPunch"],"picked":"Slimebound:PressTheAttack","floor":2},{"not_picked":["Slimebound:FinishingTackle","Slimebound:RollThrough"],"picked":"Slimebound:Schlurp","floor":4},{"not_picked":["Slimebound:LeechingTouch","Slimebound:SlimeSpikes"],"picked":"Slimebound:GoopSpray","floor":5},{"not_picked":["Slimebound:DuplicatedForm","Slimebound:ItLooksTasty"],"picked":"Slimebound:FinishingTackle","floor":6},{"not_picked":["Slimebound:TongueLash","Slimebound:ItLooksTasty"],"picked":"Slimebound:LevelUp","floor":9},{"not_picked":["Slimebound:GrowthPunch","Slimebound:RejuvenatingLick"],"picked":"Slimebound:SamplingLick","floor":10},{"not_picked":["Slimebound:LeechingTouch","Slimebound:BestDefense"],"picked":"Slimebound:DisruptingSlam","floor":11},{"not_picked":["Slimebound:FormOfPuddle","Slimebound:RollThrough"],"picked":"Slimebound:Schlurp","floor":12},{"not_picked":["Slimebound:Dissolve","Slimebound:SplitAcid"],"picked":"Slimebound:SlimeSlap","floor":14},{"not_picked":["Slimebound:AcidTongue+1","Slimebound:LevelUp+1"],"picked":"Slimebound:LivingWall","floor":15}],"player_experience":82198,"relics_obtained":[{"floor":7,"key":"Nunchaku"},{"floor":10,"key":"Sundial"},{"floor":13,"key":"Frozen Egg 2"}],"event_choices":[],"is_beta":false,"boss_relics":[],"items_purged_floors":[],"is_endless":false,"potions_floor_spawned":[5,12,14],"killed_by":"DF_ARCHETYPE_STREAMLINE","ascension_level":0}}