{"host":"z0tqw7lu1gwakzxm","time":1610949559,"event":{"mods":["BaseMod","DeckTracker","Lobotomy","Minty Spire (QoL Compilation)","StSLib","slay the spire mod where everything is the same but ironclad has a cowboy hat"],"gold_per_floor":[114,114,131,81,92,92,92,117,140,158,158,158,188,32,32,130,130,145,157,157,169,183,183,208,55,55,81,111,46,59,59,59],"floor_reached":31,"language":"ENG","playtime":1049,"items_purged":[],"score":359,"play_id":"26529402-564b-4ed4-a56e-08ae263c304a","local_time":"20210118005919","is_ascension_mode":true,"campfire_choices":[{"data":"Whirlwind","floor":6,"key":"SMITH"},{"floor":12,"key":"REST"},{"floor":15,"key":"REST"},{"floor":23,"key":"REST"}],"circlet_count":0,"master_deck":["Strike_R","Strike_R+1","Defend_R","Defend_R","Defend_R","Bash","Disarm+1","Searing Blow","Whirlwind+1","Sword Boomerang","Thunderclap","Anger","Reaper","Inflame","Pummel+1","Reaper","True Grit+1","Cleave","Twin Strike","Armaments+1","Dark Embrace+1","Warcry+1","Armaments","Cleave","Disarm","Spot Weakness","Spot Weakness"],"relics":["Burning Blood","Art of War","Lantern","PreservedInsect","Bag of Preparation","Empty Cage","Regal Pillow","Orrery","Meat on the Bone","MawBank"],"acts_visited":["Exordium","TheCity"],"potions_floor_usage":[8,10,11,18,21,27,27,28,28,30],"damage_taken":[{"damage":7,"enemies":"2 Louse","floor":1,"turns":3},{"damage":4,"enemies":"Cultist","floor":3,"turns":3},{"damage":13,"enemies":"Small Slimes","floor":5,"turns":3},{"damage":40,"enemies":"3 Sentries","floor":8,"turns":6},{"damage":1,"enemies":"2 Fungi Beasts","floor":10,"turns":2},{"damage":0,"enemies":"Blue Slaver","floor":11,"turns":1},{"damage":46,"enemies":"Lagavulin","floor":13,"turns":8},{"damage":38,"enemies":"The Guardian","floor":16,"turns":13},{"damage":38,"enemies":"2 Thieves","floor":18,"turns":3},{"damage":32,"enemies":"3 Byrds","floor":19,"turns":4},{"damage":27,"enemies":"Snecko","floor":21,"turns":5},{"damage":27,"enemies":"Cultist and Chosen","floor":22,"turns":5},{"damage":30,"enemies":"Gremlin Leader","floor":24,"turns":4},{"damage":30,"enemies":"Slavers","floor":27,"turns":4},{"damage":38,"enemies":"Shelled Parasite and Fungi","floor":28,"turns":5},{"damage":52,"enemies":"3 Cultists","floor":30,"turns":5},{"damage":44,"enemies":"Book of Stabbing","floor":31,"turns":4}],"seed_played":"2677120523250237939","potions_obtained":[{"floor":5,"key":"Dexterity Potion"},{"floor":8,"key":"PowerPotion"},{"floor":10,"key":"SmokeBomb"},{"floor":13,"key":"SteroidPotion"},{"floor":18,"key":"CultistPotion"},{"floor":24,"key":"DistilledChaos"},{"floor":27,"key":"EntropicBrew"}],"is_trial":false,"path_per_floor":["M","?","M","?","M","R","?","E","T","M","M","R","E","$","R","B",null,"M","M","?","M","M","R","E","$","T","E","M","$","M","E"],"character_chosen":"IRONCLAD","items_purchased":["Bag of Preparation","Orrery","Spot Weakness"],"campfire_rested":3,"item_purchase_floors":[14,25,29],"current_hp_per_floor":[79,79,80,80,73,73,57,23,23,28,34,58,18,18,42,10,63,41,24,24,18,21,45,33,33,33,42,40,40,36,0,0],"gold":59,"neow_bonus":"THREE_CARDS","is_daily":false,"chose_seed":false,"campfire_upgraded":1,"win_rate":0.0,"timestamp":1610949559,"path_taken":["M","?","?","?","M","R","?","E","T","M","M","R","E","$","R","BOSS","M","M","?","?","M","R","E","$","T","E","M","?","M","E"],"items_purchased_type":["Relic","Relic","Card"],"build_version":"2020-12-22","purchased_purges":0,"victory":false,"max_hp_per_floor":[80,80,80,80,80,80,80,80,80,80,80,80,80,80,80,80,80,80,80,80,80,80,80,80,80,80,80,80,80,80,80,80],"card_choices":[{"not_picked":["Havoc","Feel No Pain"],"picked":"Disarm","floor":0},{"not_picked":["Body Slam","Warcry"],"picked":"Searing Blow","floor":1},{"not_picked":["Dual Wield","Clash","Warcry"],"picked":"SKIP","floor":3},{"not_picked":["True Grit","Iron Wave"],"picked":"Whirlwind","floor":5},{"not_picked":["Iron Wave","Body Slam"],"picked":"Sword Boomerang","floor":8},{"not_picked":["Havoc","Anger"],"picked":"Thunderclap","floor":10},{"not_picked":["Fire Breathing","Headbutt"],"picked":"Anger","floor":13},{"not_picked":["Offering","Feed"],"picked":"Reaper","floor":16},{"not_picked":["Headbutt","Perfected Strike+1"],"picked":"Inflame","floor":18},{"not_picked":["Warcry","Body Slam"],"picked":"Pummel+1","floor":19},{"not_picked":["Sword Boomerang","Clash+1"],"picked":"True Grit+1","floor":21},{"not_picked":["Sentinel+1","Twin Strike+1"],"picked":"Cleave","floor":22},{"not_picked":["Thunderclap","Brutality"],"picked":"Twin Strike","floor":24},{"not_picked":["Wild Strike","Burning Pact"],"picked":"Armaments+1","floor":25},{"not_picked":["Entrench","Cleave"],"picked":"Dark Embrace+1","floor":25},{"not_picked":["Iron Wave","Barricade"],"picked":"Warcry+1","floor":25},{"not_picked":["Cleave","Iron Wave+1"],"picked":"Armaments","floor":25},{"not_picked":["Clothesline","Headbutt"],"picked":"Cleave","floor":25},{"not_picked":["Anger","Clash","Fire Breathing"],"picked":"SKIP","floor":27},{"not_picked":["True Grit+1","Heavy Blade"],"picked":"Disarm","floor":28},{"not_picked":["Cleave","Infernal Blade"],"picked":"Spot Weakness","floor":30}],"player_experience":342254,"relics_obtained":[{"floor":8,"key":"Art of War"},{"floor":9,"key":"Lantern"},{"floor":13,"key":"PreservedInsect"},{"floor":24,"key":"Regal Pillow"},{"floor":26,"key":"Meat on the Bone"},{"floor":27,"key":"MawBank"}],"event_choices":[{"cards_removed":["Defend_R"],"damage_healed":0,"gold_gain":0,"player_choice":"Offered Basic","damage_taken":0,"max_hp_gain":0,"max_hp_loss":0,"event_name":"Bonfire Elementals","floor":2,"gold_loss":0},{"cards_removed":["Strike_R"],"damage_healed":0,"gold_gain":0,"player_choice":"Card Removal","damage_taken":0,"max_hp_gain":0,"max_hp_loss":0,"event_name":"The Cleric","floor":4,"gold_loss":50},{"damage_healed":0,"gold_gain":0,"player_choice":"Entered Light","damage_taken":16,"max_hp_gain":0,"max_hp_loss":0,"event_name":"Shining Light","floor":7,"gold_loss":0,"cards_upgraded":["Disarm","Strike_R"]},{"damage_healed":0,"gold_gain":0,"player_choice":"Copied","damage_taken":0,"max_hp_gain":0,"max_hp_loss":0,"event_name":"Duplicator","floor":20,"gold_loss":0,"cards_obtained":["Reaper"]}],"is_beta":false,"boss_relics":[{"not_picked":["Runic Cube","SlaversCollar"],"picked":"Empty Cage"}],"items_purged_floors":[],"is_endless":false,"potions_floor_spawned":[5,8,10,13,18,24,27],"killed_by":"Book of Stabbing","ascension_level":5}}