{"host":"7kj0ynzap1jglrpi","time":1610947561,"event":{"mods":["100% Spire Juice","ATMod(°¢èªMod)","Act Like it!","BaseMod","CapriCore","Friendly Minions","Jedi Mod","Minty Spire (QoL Compilation)","RumiaBox-Â¶Ã×æ«µÄÉñÃØºÐ×Ó","Spicy Shops","StSLib","TestMod","The Blackbeard","[IsaacMod]ÒÔÈö¼âËþ","¡¾¹¦ÄÜMod¡¿»ìãçÖ®»·ÐÞ¸´²¹¶¡","¡¾ÒÅÎï¿¨ÅÆ¡¿REMEMod"],"gold_per_floor":[114,130,143,34,53,53,53],"floor_reached":6,"language":"ZHS","playtime":544,"items_purged":[],"score":90,"play_id":"92e18c4e-efa4-4232-9aae-af64d0aa9e50","local_time":"20210118132601","is_ascension_mode":false,"campfire_choices":[],"circlet_count":0,"master_deck":["Moonworks:Strike","Moonworks:Strike","Moonworks:Strike","Moonworks:Strike","Moonworks:Defend","Moonworks:Defend","Moonworks:Defend","Moonworks:Defend","Moonworks:Ambush","Moonworks:LongDistanceShot","EpicFetus","AT_EssenceShift","jedi:bloodyhammer","Moonworks:CloudOfSeagulls+1","Moonworks:JonathanRush","Moonworks:TreasureThief","Moonworks:ImOnFire","Moonworks:AnotherUltimateWeapon"],"relics":["Moonworks:BrokenBomb","Moonworks:Homemark","testmod-TestBox","REME_ComplimentaryCards","AT_ATBox","HushsDoor","AnarchistCookbook","testmod-Brilliant","NeowsBlessing","Baka"],"acts_visited":["Exordium"],"potions_floor_usage":[6],"damage_taken":[{"damage":0.0,"enemies":"Jaw Worm","floor":1.0,"turns":1.0},{"damage":0.0,"enemies":"Small Slimes","floor":2.0,"turns":1.0},{"damage":0.0,"enemies":"2 Louse","floor":3.0,"turns":1.0},{"damage":12.0,"enemies":"Looter","floor":4.0,"turns":3.0},{"damage":34.0,"enemies":"Exordium Wildlife","floor":5.0,"turns":4.0},{"damage":14,"enemies":"Gremlin Nob","floor":6,"turns":2}],"seed_played":"586190780365991839","potions_obtained":[{"floor":4.0,"key":"SteroidPotion"}],"is_trial":false,"path_per_floor":["M","M","M","M","M","E"],"character_chosen":"THE_STARBREAKER","items_purchased":[],"campfire_rested":0,"item_purchase_floors":[],"current_hp_per_floor":[60,60,60,36,2,0,0],"gold":53,"neow_bonus":"THREE_ENEMY_KILL","is_daily":false,"chose_seed":false,"campfire_upgraded":0,"win_rate":0.0,"timestamp":1610947561,"path_taken":["M","M","M","M","M","E"],"items_purchased_type":[],"build_version":"2020-12-22","purchased_purges":0,"victory":false,"max_hp_per_floor":[60,90,90,100,100,100,100],"card_choices":[{"not_picked":[],"picked":"EpicFetus","floor":0.0},{"not_picked":["Moonworks:SelfDestruct","Moonworks:Heat300Percent"],"picked":"Moonworks:CloudOfSeagulls","floor":1.0},{"not_picked":["Moonworks:BigMagnum","Moonworks:IndiscriminateFireSupport"],"picked":"Moonworks:JonathanRush","floor":2.0},{"not_picked":["Moonworks:StiffCrystal","Moonworks:JonathanRush"],"picked":"Moonworks:TreasureThief","floor":3.0},{"not_picked":["Moonworks:EvilSpyWorkPreparation","Moonworks:IndiscriminateFireSupport"],"picked":"Moonworks:ImOnFire","floor":4.0},{"not_picked":["Moonworks:LulusLuckyEgg","Moonworks:ImOnFire"],"picked":"Moonworks:AnotherUltimateWeapon","floor":5.0}],"player_experience":86769,"relics_obtained":[{"floor":1.0,"key":"Baka"}],"event_choices":[],"is_beta":false,"boss_relics":[],"items_purged_floors":[],"is_endless":false,"potions_floor_spawned":[1,4],"killed_by":"Gremlin Nob","ascension_level":0}}