{"host":"xp5rvh2jwe2ejyfm","time":1610931761,"event":{"mods":["BaseMod","Hermit","Minty Spire (QoL Compilation)","Replay The Spire","StSLib","The Construct","The Cursed","The Disciple","The Hierophant","The Necromancer","The Runesmith"],"gold_per_floor":[117,167,180,180,200,200,238,238,238,259,288,71,97,124,124,246,246,272,371,156,156,91,124,124,144,144,182,229,247,247],"floor_reached":29,"language":"ENG","playtime":8150,"items_purged":[],"score":372,"play_id":"83baf2f6-275d-4c6d-8eaf-60a8300eecf6","local_time":"20210117200241","is_ascension_mode":false,"campfire_choices":[{"data":"TheCursedMod:CursedWand","floor":6,"key":"SMITH"},{"data":"TheCursedMod:CursedBlade","floor":8,"key":"SMITH"},{"data":"1","floor":15,"key":"LIFT"},{"floor":24,"key":"REST"}],"circlet_count":0,"master_deck":["TheCursedMod:Strike_TheCursed","TheCursedMod:Strike_TheCursed","TheCursedMod:Strike_TheCursed","TheCursedMod:Strike_TheCursed","TheCursedMod:Defend_TheCursed","TheCursedMod:Defend_TheCursed","TheCursedMod:Defend_TheCursed","TheCursedMod:Defend_TheCursed","TheCursedMod:CursedWand+1","TheCursedMod:CleanUpWorkshop","TheCursedMod:Dregs","TheCursedMod:HellfireBreathing","Hallucinations","TheCursedMod:HellfireBreathing","TheCursedMod:CursedBlade+1","TheCursedMod:SoulReap","TheCursedMod:ManaBullet","ReplayTheSpireMod:Splinters","TheCursedMod:CircleOfAbyss","TheCursedMod:CursedWand+1","TheCursedMod:CircleOfCorruption","TheCursedMod:Obscuration","Spreading Infection","TheCursedMod:DemonSword","Injury","TheCursedMod:CircleOfCorruption","TheCursedMod:CursedBoomerang","TheCursedMod:SpitefulPlan","TheCursedMod:AbyssShockwave","TheCursedMod:EmpowerCircles","TheCursedMod:ManaBullet","TheCursedMod:ManaBullet","Doubt","TheCursedMod:SpitefulStrike","TheCursedMod:SmokeScreen+1","Replay:Hysterical Blindness","TheCursedMod:Torture+1","TheCursedMod:StingEye"],"relics":["TheCursedMod:BlackMagic101","NeowsBlessing","Ring of Greed","Ring of Hypnosis","Membership Card","Replay:Bandana","Shuriken","Girya","DollysMirror","Cursed Key","Oddly Smooth Stone","Strange Spoon","Blue Doll","The Courier"],"acts_visited":["Exordium","TheCity"],"potions_floor_usage":[7,14,18],"damage_taken":[{"damage":0,"enemies":"Small Slimes","floor":1,"turns":1},{"damage":0,"enemies":"Cultist","floor":3,"turns":1},{"damage":0,"enemies":"2 Louse","floor":5,"turns":1},{"damage":16,"enemies":"3 Sentries","floor":7,"turns":5},{"damage":10,"enemies":"2 Fungi Beasts","floor":10,"turns":3},{"damage":0,"enemies":"Exordium Wildlife","floor":11,"turns":2},{"damage":7,"enemies":"Looter","floor":13,"turns":3},{"damage":2,"enemies":"Exordium Thugs","floor":14,"turns":4},{"damage":13,"enemies":"Fading Forest","floor":16,"turns":11},{"damage":12,"enemies":"2 Thieves","floor":18,"turns":4},{"damage":31,"enemies":"3 Byrds","floor":23,"turns":4},{"damage":16,"enemies":"Shelled Parasite and Fungi","floor":25,"turns":4},{"damage":6,"enemies":"Cultist and Chosen","floor":27,"turns":5},{"damage":37,"enemies":"Slavers","floor":28,"turns":3},{"damage":27,"enemies":"Snake Plant","floor":29,"turns":3}],"seed_played":"9032609826584988395","potions_obtained":[{"floor":1,"key":"ColorlessPotion"},{"floor":13,"key":"AttackPotion"},{"floor":16,"key":"LiquidBronze"},{"floor":18,"key":"SpeedPotion"}],"is_trial":false,"path_per_floor":["M","?","M","?","M","R","E","R","T","M","M","$","M","M","R","B",null,"M","?","$","?","$","M","R","M","T","M","E","M"],"character_chosen":"THE_CURSED","items_purchased":["Girya","DollysMirror","Oddly Smooth Stone","Strange Spoon","TheCursedMod:CursedBoomerang","TheCursedMod:SpitefulPlan","TheCursedMod:EmpowerCircles","TheCursedMod:ManaBullet"],"campfire_rested":1,"item_purchase_floors":[12,12,20,20,20,20,22,22],"current_hp_per_floor":[75,75,75,75,75,75,59,59,59,54,54,54,52,55,55,61,75,65,65,65,65,65,38,60,51,51,52,25,0,0],"gold":247,"neow_bonus":"THREE_ENEMY_KILL","is_daily":false,"chose_seed":false,"campfire_upgraded":2,"win_rate":0.0,"timestamp":1610931761,"path_taken":["M","?","M","?","M","R","E","R","T","?","M","$","M","M","R","BOSS","M","?","$","?","$","M","R","M","T","M","E","M"],"items_purchased_type":["Relic","Relic","Relic","Relic","Card","Card","Card","Card"],"build_version":"2020-12-22","purchased_purges":0,"victory":false,"max_hp_per_floor":[75,75,75,75,75,75,75,75,75,75,75,75,75,75,75,75,75,75,75,75,75,75,75,75,75,75,75,75,75,75],"card_choices":[{"not_picked":["TheCursedMod:CircleOfBlood","TheCursedMod:ManaBullet"],"picked":"TheCursedMod:HellfireBreathing","floor":1},{"not_picked":["TheCursedMod:Wield","TheCursedMod:RapidMovement"],"picked":"TheCursedMod:HellfireBreathing","floor":3},{"not_picked":["TheCursedMod:AshesToAshes","TheCursedMod:SurpriseAttack"],"picked":"TheCursedMod:CursedBlade","floor":5},{"not_picked":["TheCursedMod:CircleOfWindfury","TheCursedMod:RapidMovement"],"picked":"TheCursedMod:SoulReap","floor":7},{"not_picked":["TheCursedMod:Stretching","TheCursedMod:SoulReap"],"picked":"TheCursedMod:ManaBullet","floor":10},{"not_picked":["TheCursedMod:RapidMovement","TheCursedMod:TacticalStrike"],"picked":"TheCursedMod:CircleOfAbyss","floor":11},{"not_picked":["TheCursedMod:FleshFromBone","TheCursedMod:SmokeScreen"],"picked":"TheCursedMod:CircleOfCorruption","floor":13},{"not_picked":["TheCursedMod:LuckyCharm","TheCursedMod:Stretching"],"picked":"TheCursedMod:Obscuration","floor":14},{"not_picked":["TheCursedMod:CursedRelics","TheCursedMod:ParallelWorld"],"picked":"TheCursedMod:DemonSword","floor":16},{"not_picked":["TheCursedMod:CircleOfWindfury","TheCursedMod:VitalStrike"],"picked":"TheCursedMod:CircleOfCorruption","floor":18},{"not_picked":["TheCursedMod:VitalStrike+1","TheCursedMod:ManaCirculation"],"picked":"TheCursedMod:SpitefulStrike","floor":23},{"not_picked":["TheCursedMod:CursedShiv","TheCursedMod:SurpriseAttack"],"picked":"TheCursedMod:SmokeScreen+1","floor":25},{"not_picked":["TheCursedMod:CircleOfBlood+1","TheCursedMod:CircleOfCorruption+1"],"picked":"TheCursedMod:Torture+1","floor":27},{"not_picked":["TheCursedMod:RavingStaff","TheCursedMod:Obscuration"],"picked":"TheCursedMod:StingEye","floor":28}],"player_experience":208764,"relics_obtained":[{"floor":2,"key":"Ring of Greed"},{"floor":2,"key":"Ring of Hypnosis"},{"floor":2,"key":"Membership Card"},{"floor":2,"key":"Replay:Bandana"},{"floor":7,"key":"Shuriken"},{"floor":26,"key":"Blue Doll"},{"floor":28,"key":"The Courier"}],"event_choices":[{"damage_healed":0,"gold_gain":0,"player_choice":"Ignored","damage_taken":0,"max_hp_gain":0,"max_hp_loss":0,"event_name":"Purifier","floor":4,"gold_loss":0},{"damage_healed":0,"gold_gain":99,"player_choice":"Stole From Cult","damage_taken":0,"max_hp_gain":0,"max_hp_loss":0,"event_name":"Nest","floor":19,"gold_loss":0},{"damage_healed":0,"gold_gain":0,"player_choice":"Read","damage_taken":0,"max_hp_gain":0,"max_hp_loss":0,"event_name":"The Library","floor":21,"gold_loss":0,"cards_obtained":["TheCursedMod:AbyssShockwave"]}],"is_beta":false,"boss_relics":[{"not_picked":["TheCursedMod:FourLeafCloverCharm","Replay:Wanted Poster"],"picked":"Cursed Key"}],"items_purged_floors":[],"is_endless":false,"potions_floor_spawned":[1,13,16,18],"killed_by":"Snake Plant","ascension_level":0}}