{"host":"ml2ro5l6hu6y0pll","time":1610983981,"event":{"mods":["AchievementEnabler","BaseMod","Colored Map","Colored Powertips","Custom Start","Googly Eyes","Minty Spire (QoL Compilation)","Quick Restart","Rare Cards Sparkle","Relic Stats","StSLib","everything is the same but u backflip on backflip"],"gold_per_floor":[119,136,156,166,181,181,181],"floor_reached":6,"language":"ENG","playtime":347,"items_purged":[],"score":80,"play_id":"62f784f6-aa30-45db-849f-26e35e0ddba0","local_time":"20210118153301","daily_mods":["Purple Cards","Flight","Elite Swarm"],"is_ascension_mode":true,"campfire_choices":[],"circlet_count":0,"master_deck":["Bash","Pommel Strike+1","Sword Boomerang+1","Shrug It Off+1","True Grit+1","True Grit+1","Combust","Rupture","Limit Break","Feel No Pain+1","Disarm","Entrench","Sentinel"],"relics":["Burning Blood","Snecko Eye","Question Card"],"acts_visited":["Exordium"],"potions_floor_usage":[5],"damage_taken":[{"damage":0,"enemies":"Cultist","floor":1,"turns":2},{"damage":3,"enemies":"Jaw Worm","floor":2,"turns":2},{"damage":2,"enemies":"2 Louse","floor":3,"turns":3},{"damage":11,"enemies":"Exordium Thugs","floor":4,"turns":4},{"damage":2,"enemies":"2 Fungi Beasts","floor":5,"turns":4},{"damage":0,"enemies":"Gremlin Nob","floor":6,"turns":1}],"seed_played":"8185696624472024437","potions_obtained":[{"floor":3,"key":"Energy Potion"},{"floor":4,"key":"Swift Potion"},{"floor":5,"key":"SpeedPotion"}],"is_trial":true,"path_per_floor":["M","M","M","M","M","E"],"character_chosen":"IRONCLAD","items_purchased":[],"campfire_rested":0,"item_purchase_floors":[],"current_hp_per_floor":[74,75,75,70,74,74,74],"gold":181,"neow_bonus":"","is_daily":false,"chose_seed":false,"campfire_upgraded":0,"win_rate":0.0,"timestamp":1610983981,"path_taken":["M","M","M","M","M","E"],"items_purchased_type":[],"build_version":"2020-12-22","purchased_purges":0,"victory":false,"max_hp_per_floor":[75,75,75,75,75,75,75],"relic_stats":{"counters":[6,16],"Snecko Eye":[29,33,36,32],"Question Card":5,"obtain_stats":[{"Snecko Eye":0,"Question Card":0,"Burning Blood":0},{"Snecko Eye":0,"Question Card":0,"Burning Blood":0},{"Snecko Eye":0,"Question Card":0,"Burning Blood":0}],"Burning Blood":24},"card_choices":[{"not_picked":["Evaluate","Battle Trance","Thunderclap","Armaments"],"picked":"SKIP","floor":1},{"not_picked":["Crescendo","Intimidate","Rage"],"picked":"Disarm","floor":2},{"not_picked":["Wireheading","Reckless Charge","Sanctity"],"picked":"Entrench","floor":3},{"not_picked":["Sanctity","FearNoEvil","EmptyBody"],"picked":"Sentinel","floor":4},{"not_picked":["FollowUp","Thunderclap","Perfected Strike","ClearTheMind"],"picked":"SKIP","floor":5}],"player_experience":829006,"relics_obtained":[],"event_choices":[],"is_beta":false,"boss_relics":[],"items_purged_floors":[],"is_endless":false,"potions_floor_spawned":[3,4,5],"killed_by":"Gremlin Nob","ascension_level":20}}