{"host":"at64dhdf9kc8hjax","time":1610949409,"event":{"mods":["Act Like it!","BaseMod","Dota2Spire","Friendly Minions","Gensokyo","Highlight Path","Minty Spire (QoL Compilation)","Quick Restart","RumiaBox-露米娅的神秘盒子","Spicy Shops","StSLib","SuperFastMode","【遗物卡牌】REMEMod"],"gold_per_floor":[114,114,129,140,65,65,91,101,101,135,147,157,157,173,173,269,269,287,298,321,321,337,362,362,394,394,394,419,433,433,443,443,547,547,596,646,659,674,691,691,707,707,707,707,735,735,749,85,85,85,85,85,85,116,116],"floor_reached":56,"language":"ZHS","playtime":4470,"items_purged":["Defend_R","Shame"],"score":1528,"play_id":"8492db9b-f352-4bcd-935b-61d0506e9c43","local_time":"20210118135649","is_ascension_mode":true,"campfire_choices":[{"data":"REME_BattleFury","floor":6.0,"key":"SMITH"},{"data":"Armaments","floor":15.0,"key":"SMITH"},{"data":"Exhume","floor":24.0,"key":"SMITH"},{"floor":27.0,"key":"RECALL"},{"floor":30.0,"key":"REST"},{"data":"Evolve","floor":32.0,"key":"SMITH"},{"floor":40.0,"key":"REST"},{"floor":42.0,"key":"REST"},{"data":"Feel No Pain","floor":46.0,"key":"SMITH"},{"data":"Combust","floor":49.0,"key":"PURGE"},{"data":"Evolve+1","floor":52.0,"key":"PURGE"}],"circlet_count":0,"master_deck":["Strike_R","Strike_R","Strike_R","Strike_R","Strike_R","Bash","Feel No Pain+1","REME_BattleFury+1","Demon Form","Reckless Charge","Fire Breathing","REME_Scribble+1","Armaments+1","Exhume+1","REME_Fury+1","Fiend Fire+1","Sentinel+1","Power Through+1","REME_TheLastStrike","Seeing Red+1","REME_Cut","Juggernaut","Intimidate+1","Parasite","Dark Embrace","Dark Shackles"],"relics":["Burning Blood","REME_ComplimentaryCards","CultistMask","StoneCalendar","Dota2Spire:Mjollnir","Lizard Tail","Astrolabe","ChaoDraw","Happy Flower","GodSword5","Lantern","Dota2Spire:RefresherOrb","Peace Pipe","PlanX","Oddly Smooth Stone","Cauldron","Dota2Spire:EchoSabre","War Paint","Lee\u0027s Waffle","Dota2Spire:LotusOrb"],"acts_visited":["Exordium","TheCity","TheBeyond","TheEnding"],"potions_floor_usage":[55,55,55],"damage_taken":[{"damage":0.0,"enemies":"Small Slimes","floor":1.0,"turns":3.0},{"damage":0.0,"enemies":"Cultist","floor":3.0,"turns":2.0},{"damage":11.0,"enemies":"Jaw Worm","floor":4.0,"turns":4.0},{"damage":14.0,"enemies":"Lagavulin","floor":7.0,"turns":5.0},{"damage":10.0,"enemies":"Red Slaver","floor":8.0,"turns":3.0},{"damage":2.0,"enemies":"Gremlin Nob","floor":10.0,"turns":3.0},{"damage":10.0,"enemies":"Large Slime","floor":11.0,"turns":3.0},{"damage":6.0,"enemies":"Blue Slaver","floor":12.0,"turns":3.0},{"damage":14.0,"enemies":"Exordium Wildlife","floor":14.0,"turns":3.0},{"damage":8.0,"enemies":"Slime Boss","floor":16.0,"turns":5.0},{"damage":38.0,"enemies":"3 Byrds","floor":18.0,"turns":4.0},{"damage":15.0,"enemies":"Chosen","floor":19.0,"turns":5.0},{"damage":50.0,"enemies":"Snake Plant","floor":22.0,"turns":4.0},{"damage":35.0,"enemies":"REME_1_Revenger","floor":23.0,"turns":4.0},{"damage":52.0,"enemies":"Book of Stabbing","floor":25.0,"turns":6.0},{"damage":13.0,"enemies":"Sentry and Sphere","floor":29.0,"turns":4.0},{"damage":13.0,"enemies":"Centurion and Healer","floor":31.0,"turns":5.0},{"damage":52.0,"enemies":"Champ","floor":33.0,"turns":7.0},{"damage":44.0,"enemies":"Orb Walker","floor":35.0,"turns":4.0},{"damage":24.0,"enemies":"Mind Bloom Boss Battle","floor":36.0,"turns":6.0},{"damage":18.0,"enemies":"3 Shapes","floor":37.0,"turns":6.0},{"damage":47.0,"enemies":"Jaw Worm Horde","floor":38.0,"turns":4.0},{"damage":17.0,"enemies":"Transient","floor":39.0,"turns":5.0},{"damage":23.0,"enemies":"Sphere and 2 Shapes","floor":41.0,"turns":4.0},{"damage":35.0,"enemies":"Giant Head","floor":45.0,"turns":6.0},{"damage":17.0,"enemies":"Writhing Mass","floor":47.0,"turns":4.0},{"damage":33.0,"enemies":"Donu and Deca","floor":50.0,"turns":3.0},{"damage":62.0,"enemies":"Shield and Spear","floor":54.0,"turns":4.0},{"damage":18,"enemies":"The Heart","floor":55,"turns":5}],"seed_played":"-6108673288508407563","potions_obtained":[{"floor":1.0,"key":"AttackPotion"},{"floor":11.0,"key":"Block Potion"},{"floor":14.0,"key":"Fire Potion"},{"floor":22.0,"key":"DuplicationPotion"},{"floor":23.0,"key":"Swift Potion"},{"floor":31.0,"key":"SpeedPotion"},{"floor":33.0,"key":"REME_GoldPotion"},{"floor":37.0,"key":"DistilledChaos"},{"floor":38.0,"key":"SteroidPotion"},{"floor":45.0,"key":"SpeedPotion"},{"floor":47.0,"key":"PowerPotion"},{"floor":48.0,"key":"PowerPotion"},{"floor":48.0,"key":"Dota2Spire:HealingSalve"}],"is_trial":false,"path_per_floor":["M","?","M","M","$","R","E","M","T","E","M","M","?","M","R","B",null,"M","M","T","?","M","E","R","E","T","R","T","M","R","M","R","B",null,"M","?","M","M","M","R","M","R","T","?","E","R","M","$","R","B",null,"R","$","E","B",null],"character_chosen":"IRONCLAD","items_purchased":["Cauldron","Dark Embrace","Dota2Spire:EchoSabre","War Paint","Lee\u0027s Waffle","Dark Shackles"],"campfire_rested":3,"item_purchase_floors":[48,48,48,48,48,48],"current_hp_per_floor":[72,72,72,67,67,67,59,55,55,59,57,59,59,53,53,57,84,57,52,52,52,14,55,55,13,13,13,13,11,51,50,50,10,119,86,73,64,28,25,77,66,119,119,119,95,95,85,156,156,133,159,159,159,107,111],"gold":116,"neow_bonus":"RANDOM_COLORLESS_2","is_daily":false,"chose_seed":false,"campfire_upgraded":5,"win_rate":0.0,"timestamp":1610949409,"path_taken":["M","?","M","M","?","R","E","M","T","E","?","M","?","M","R","BOSS","M","M","?","?","M","E","R","E","T","R","?","M","R","M","R","BOSS","BOSS","M","?","M","M","M","R","M","R","T","?","E","R","M","$","R","BOSS","R","$","E","BOSS"],"items_purchased_type":["Relic","Card","Relic","Relic","Relic","Card"],"build_version":"2020-12-22","purchased_purges":2,"victory":true,"max_hp_per_floor":[72,72,72,72,72,72,72,72,72,72,74,76,76,78,78,84,84,89,93,93,93,99,101,101,105,105,105,105,109,109,114,114,119,119,123,127,129,133,140,140,145,145,145,145,149,149,149,156,156,159,159,159,159,162,165],"card_choices":[{"not_picked":["REME_BuildACard","The Bomb"],"picked":"REME_BattleFury","floor":0.0},{"not_picked":["Metallicize","True Grit"],"picked":"Combust","floor":1.0},{"not_picked":["Heavy Blade","Iron Wave"],"picked":"Evolve","floor":3.0},{"not_picked":["Twin Strike","Havoc"],"picked":"Demon Form","floor":4.0},{"not_picked":["Cleave","Sword Boomerang"],"picked":"Reckless Charge","floor":7.0},{"not_picked":["Anger","True Grit"],"picked":"Fire Breathing","floor":8.0},{"not_picked":["Bloodletting","Feel No Pain"],"picked":"REME_Scribble","floor":10.0},{"not_picked":["Pommel Strike","Flex"],"picked":"Armaments","floor":11.0},{"not_picked":["Heavy Blade","Sword Boomerang"],"picked":"REME_Scribble","floor":12.0},{"not_picked":["Burning Pact","Cleave"],"picked":"Perfected Strike","floor":14.0},{"not_picked":["Double Tap","REME_Fury"],"picked":"Exhume","floor":16.0},{"not_picked":["Flex","Havoc","Pommel Strike+1"],"picked":"SKIP","floor":18.0},{"not_picked":["Iron Wave+1","Heavy Blade","Shrug It Off+1"],"picked":"SKIP","floor":19.0},{"not_picked":["Ghostly Armor+1","Sword Boomerang+1"],"picked":"Power Through+1","floor":22.0},{"not_picked":["Shrug It Off","Twin Strike"],"picked":"REME_TheLastStrike","floor":23.0},{"not_picked":["Flex","Sword Boomerang+1","Disarm"],"picked":"SKIP","floor":25.0},{"not_picked":["Perfected Strike+1","Wild Strike"],"picked":"Seeing Red","floor":29.0},{"not_picked":["Anger+1","Cleave"],"picked":"REME_Cut","floor":31.0},{"not_picked":["Immolate","Limit Break"],"picked":"Juggernaut","floor":33.0},{"not_picked":["Iron Wave+1","Heavy Blade+1"],"picked":"Intimidate+1","floor":35.0},{"not_picked":["Clash+1","Iron Wave","Body Slam+1"],"picked":"SKIP","floor":37.0},{"not_picked":["Heavy Blade+1","Thunderclap","Metallicize+1"],"picked":"SKIP","floor":38.0},{"not_picked":["Thunderclap+1","Iron Wave+1","Spot Weakness"],"picked":"SKIP","floor":39.0},{"not_picked":["Sentinel+1","Heavy Blade","Flame Barrier"],"picked":"SKIP","floor":41.0},{"not_picked":["Body Slam+1","Feed","Combust+1"],"picked":"SKIP","floor":45.0},{"not_picked":["REME_Cut","Body Slam","Heavy Blade"],"picked":"SKIP","floor":47.0},{"not_picked":["Bloodletting+1","Intimidate+1","Headbutt"],"picked":"SKIP","floor":54.0}],"player_experience":261089,"relics_obtained":[{"floor":7.0,"key":"StoneCalendar"},{"floor":9.0,"key":"Dota2Spire:Mjollnir"},{"floor":10.0,"key":"Lizard Tail"},{"floor":23.0,"key":"ChaoDraw"},{"floor":25.0,"key":"Happy Flower"},{"floor":26.0,"key":"GodSword5"},{"floor":28.0,"key":"Lantern"},{"floor":36.0,"key":"Peace Pipe"},{"floor":43.0,"key":"PlanX"},{"floor":45.0,"key":"Oddly Smooth Stone"},{"floor":54.0,"key":"Dota2Spire:LotusOrb"}],"event_choices":[{"damage_healed":0.0,"max_hp_gain":0.0,"max_hp_loss":0.0,"gold_gain":0.0,"event_name":"FaceTrader","player_choice":"Trade","floor":2.0,"gold_loss":0.0,"damage_taken":0.0,"relics_obtained":["CultistMask"]},{"cards_removed":["Defend_R"],"damage_healed":0.0,"max_hp_gain":0.0,"max_hp_loss":0.0,"gold_gain":0.0,"event_name":"Purifier","player_choice":"Purged","floor":13.0,"gold_loss":0.0,"damage_taken":0.0},{"damage_healed":0.0,"max_hp_gain":0.0,"max_hp_loss":0.0,"gold_gain":0.0,"event_name":"Vampires","player_choice":"Ignored","floor":21.0,"gold_loss":0.0,"damage_taken":0.0},{"damage_healed":0.0,"max_hp_gain":0.0,"max_hp_loss":0.0,"gold_gain":0.0,"event_name":"MindBloom","player_choice":"Fight","floor":36.0,"gold_loss":0.0,"damage_taken":0.0},{"cards_removed":["REME_Scribble"],"damage_healed":0.0,"max_hp_gain":0.0,"max_hp_loss":0.0,"gold_gain":0.0,"event_name":"Falling","player_choice":"Removed Skill","floor":44.0,"gold_loss":0.0,"damage_taken":0.0}],"is_beta":false,"boss_relics":[{"not_picked":["Busted Crown","Sozu"],"picked":"Astrolabe"},{"not_picked":["SacredBark","REME_LowDesire"],"picked":"Dota2Spire:RefresherOrb"}],"items_purged_floors":[5,48],"is_endless":false,"potions_floor_spawned":[1,7,11,14,22,23,31,33,37,38,45,47],"ascension_level":3}}