{"host":"mlczotyo8j5fj6lt","time":1610948215,"event":{"mods":["AchievementEnabler","BaseMod","Better Third Choice","BetterRewards","Conspire","Googly Eyes","Minty Spire (QoL Compilation)","Quick Restart","Replay The Spire","StSLib"],"gold_per_floor":[116,178,178,192,204,237,237,255,255,255,273,48,67,83,83,83,83],"floor_reached":16,"language":"ENG","playtime":620,"items_purged":[],"score":104,"play_id":"ff5761f9-dc93-4334-81d5-617026df9653","local_time":"20210118063655","is_ascension_mode":false,"campfire_choices":[{"floor":15,"key":"REST"}],"circlet_count":0,"master_deck":["Strike_B","Strike_B","Strike_B","Strike_B","Defend_B","Defend_B","Defend_B","Defend_B","Steam","Time Bomb","Cold Snap","Leap","Genetic Algorithm","Vigilance","Eruption+1","FIFO Queue","Gash","Conserve Battery"],"relics":["Cracked Core","Blue Candle","InkBottle","GremlinMask","Strawberry"],"acts_visited":["Exordium"],"potions_floor_usage":[14],"damage_taken":[{"damage":0,"enemies":"Small Slimes","floor":1,"turns":2},{"damage":3,"enemies":"conspire:RoseBush","floor":4,"turns":3},{"damage":0,"enemies":"Cultist","floor":5,"turns":4},{"damage":11,"enemies":"Replay:BlueRogue","floor":6,"turns":6},{"damage":12,"enemies":"Looter","floor":8,"turns":4},{"damage":2,"enemies":"conspire:2 RoseBushes","floor":11,"turns":10},{"damage":13,"enemies":"2 Fungi Beasts","floor":13,"turns":7},{"damage":20,"enemies":"Red Slaver","floor":14,"turns":2},{"damage":32,"enemies":"The Guardian","floor":16,"turns":4}],"seed_played":"6512340779735202595","potions_obtained":[{"floor":2,"key":"ColorlessPotion"},{"floor":2,"key":"SneckoOil"},{"floor":2,"key":"LiquidBronze"},{"floor":8,"key":"Death Potion"},{"floor":11,"key":"Energy Potion"},{"floor":14,"key":"Swift Potion"}],"is_trial":false,"path_per_floor":["M","?","?","M","M","E","?","M","T","?","M","$","M","M","R","B"],"character_chosen":"DEFECT","items_purchased":["Strawberry","FIFO Queue"],"campfire_rested":1,"item_purchase_floors":[12,12],"current_hp_per_floor":[75,57,57,54,54,43,43,31,31,31,29,36,23,3,27,0,0],"gold":83,"neow_bonus":"UPGRADE_CARD","is_daily":false,"chose_seed":false,"campfire_upgraded":0,"win_rate":0.0,"timestamp":1610948215,"path_taken":["M","?","?","M","M","E","?","M","T","?","M","$","M","?","R","BOSS"],"items_purchased_type":["Relic","Card"],"build_version":"2020-12-22","purchased_purges":0,"victory":false,"max_hp_per_floor":[75,75,75,75,75,75,75,75,75,75,75,82,82,82,82,82,82],"card_choices":[{"not_picked":["ReplayTheSpireMod:Reroute Power","Rebound"],"picked":"Steam","floor":1},{"not_picked":["Scrape","Steam"],"picked":"Time Bomb","floor":2},{"not_picked":["ReplayTheSpireMod:GoodbyeWorld","Blizzard"],"picked":"Cold Snap","floor":4},{"not_picked":["Cold Snap","Skim"],"picked":"Leap","floor":5},{"not_picked":["ReplayTheSpireMod:Omega Cannon","Streamline"],"picked":"Genetic Algorithm","floor":6},{"not_picked":["ReplaySolidLightProjector","Streamline","Steam"],"picked":"SKIP","floor":8},{"not_picked":["Blizzard","Turbo","Double Energy"],"picked":"SKIP","floor":11},{"not_picked":["BasicCrystalCard","Conserve Battery"],"picked":"Gash","floor":13},{"not_picked":["Machine Learning","Turbo"],"picked":"Conserve Battery","floor":14}],"player_experience":188082,"relics_obtained":[{"floor":6,"key":"Blue Candle"},{"floor":9,"key":"InkBottle"}],"event_choices":[{"damage_healed":0,"gold_gain":0,"player_choice":"Disagree","damage_taken":0,"max_hp_gain":0,"max_hp_loss":0,"event_name":"conspire:LoneGhost","floor":3,"gold_loss":0},{"damage_healed":0,"gold_gain":0,"player_choice":"Trade","damage_taken":0,"relics_obtained":["GremlinMask"],"max_hp_gain":0,"max_hp_loss":0,"event_name":"FaceTrader","floor":10,"gold_loss":0}],"is_beta":false,"boss_relics":[],"items_purged_floors":[],"is_endless":false,"potions_floor_spawned":[8,11,13,14],"killed_by":"The Guardian","ascension_level":0}}