{"host":"fm9e0lfunjlbhzxv","time":1610928042,"event":{"mods":["2.2 Compatiblity","AchievementEnabler","Alarm Clock","BaseMod","Bestiary","Colored Map","Colored Powertips","Key Reminder","Minty Spire (QoL Compilation)","Permanent Neow","Rare Cards Sparkle","Relic Stats","StSLib","The IronCluck","slay the spire mod where everything is the same but ironclad has a cowboy hat"],"gold_per_floor":[360,377,377,307,3,34,34,65,90,129,147,172,172,33,33,154,154,174,188,188,207,231,272,187,187,187,113,38,38,77,77,77,77,77],"floor_reached":33,"language":"ENG","playtime":2068,"items_purged":["Strike_G","Strike_G"],"score":404,"play_id":"2d2ae2e5-8d3f-40e4-b94f-08050515b797","local_time":"20210117160042","is_ascension_mode":true,"campfire_choices":[{"data":"Footwork","floor":7,"key":"SMITH"},{"floor":13,"key":"REST"},{"data":"Neutralize","floor":15,"key":"SMITH"},{"data":"Catalyst","floor":25,"key":"SMITH"},{"data":"Footwork","floor":29,"key":"SMITH"},{"floor":32,"key":"REST"}],"circlet_count":0,"master_deck":["Strike_G+1","Strike_G+1","Defend_G+1","Defend_G+1","Defend_G+1","Defend_G+1","Defend_G+1","Survivor","Neutralize+1","Dash","Deadly Poison","Footwork+1","Deadly Poison","Venomology","Leg Sweep","Catalyst+1","Caltrops","After Image","RitualDagger","Backflip+1","Corpse Explosion","Footwork+1","Bouncing Flask"],"relics":["Ring of the Snake","Golden Idol","Vajra","Oddly Smooth Stone","Du-Vu Doll","WingedGreaves","Orichalcum","Shuriken","Black Star","Pear","MealTicket","Eternal Feather","Bird Faced Urn","Singing Bowl","Gambling Chip"],"acts_visited":["Exordium","TheCity"],"potions_floor_usage":[10,12,16,16,19,19,21,21,22,22,22,23,30],"damage_taken":[{"damage":2,"enemies":"2 Louse","floor":1,"turns":4},{"damage":0,"enemies":"Jaw Worm","floor":2,"turns":4},{"damage":9,"enemies":"3 Sentries","floor":6,"turns":11},{"damage":2,"enemies":"Gremlin Nob","floor":8,"turns":5},{"damage":5,"enemies":"3 Sentries","floor":10,"turns":8},{"damage":0,"enemies":"Cultist","floor":11,"turns":4},{"damage":1,"enemies":"Large Slime","floor":12,"turns":5},{"damage":0,"enemies":"The Guardian","floor":16,"turns":9},{"damage":8,"enemies":"Chosen","floor":18,"turns":6},{"damage":4,"enemies":"Spheric Guardian","floor":19,"turns":5},{"damage":0,"enemies":"Centurion and Healer","floor":21,"turns":12},{"damage":9,"enemies":"Cultist and Chosen","floor":22,"turns":10},{"damage":27,"enemies":"Book of Stabbing","floor":23,"turns":10},{"damage":61,"enemies":"Gremlin Leader","floor":30,"turns":11},{"damage":46,"enemies":"Automaton","floor":33,"turns":6}],"seed_played":"5808834795751775920","potions_obtained":[{"floor":1,"key":"FearPotion"},{"floor":2,"key":"AttackPotion"},{"floor":10,"key":"Block Potion"},{"floor":19,"key":"Fire Potion"},{"floor":22,"key":"SmokeBomb"}],"is_trial":false,"path_per_floor":["M","M","?","?","$","E","R","E","T","E","M","M","R","$","R","B",null,"M","M","?","M","M","E","?","R","T","$","?","R","E","?","R","B"],"character_chosen":"THE_SILENT","items_purchased":["Footwork","Oddly Smooth Stone","Caltrops","Footwork"],"campfire_rested":2,"item_purchase_floors":[5,5,14,27],"current_hp_per_floor":[61,61,46,46,46,37,37,35,35,30,30,29,47,47,47,47,63,55,51,45,45,36,19,19,31,31,46,46,58,5,5,38,0,0],"gold":77,"neow_bonus":"TWO_FIFTY_GOLD","is_daily":false,"chose_seed":false,"campfire_upgraded":4,"win_rate":0.0,"timestamp":1610928042,"path_taken":["M","M","?","?","$","E","R","E","T","E","M","M","R","$","R","BOSS","M","M","?","M","M","E","?","R","T","$","?","R","E","?","R","BOSS"],"items_purchased_type":["Card","Relic","Card","Card"],"build_version":"2020-12-22","purchased_purges":2,"victory":false,"max_hp_per_floor":[63,63,63,63,63,63,63,63,63,63,63,63,63,63,63,63,63,63,63,63,63,63,73,73,73,73,73,73,73,73,73,73,73,73],"relic_stats":{"Singing Bowl":0,"counters":[15,110],"Golden Idol":85,"Shuriken":[4],"Bird Faced Urn":[16],"Gambling Chip":[5],"MealTicket":15,"Eternal Feather":36,"Black Star":2,"Orichalcum":[60],"obtain_stats":[{"Pear":23,"Singing Bowl":30,"Golden Idol":3,"Vajra":4,"Oddly Smooth Stone":5,"Eternal Feather":24,"Orichalcum":9,"Du-Vu Doll":6,"Shuriken":10,"Bird Faced Urn":26,"Gambling Chip":30,"MealTicket":23,"WingedGreaves":8,"Black Star":17,"Ring of the Snake":0},{"Pear":13,"Singing Bowl":14,"Golden Idol":2,"Vajra":2,"Oddly Smooth Stone":2,"Eternal Feather":13,"Orichalcum":4,"Du-Vu Doll":3,"Shuriken":5,"Bird Faced Urn":13,"Gambling Chip":14,"MealTicket":13,"WingedGreaves":4,"Black Star":8,"Ring of the Snake":0},{"Pear":93,"Singing Bowl":104,"Golden Idol":8,"Vajra":8,"Oddly Smooth Stone":8,"Eternal Feather":93,"Orichalcum":24,"Du-Vu Doll":19,"Shuriken":32,"Bird Faced Urn":93,"Gambling Chip":104,"MealTicket":93,"WingedGreaves":24,"Black Star":50,"Ring of the Snake":0}],"Ring of the Snake":[30]},"card_choices":[{"not_picked":["Blur","Underhanded Strike"],"picked":"Dash","floor":1},{"not_picked":["Quick Slash","Bane"],"picked":"Deadly Poison","floor":2},{"not_picked":["Flying Knee","Masterful Stab","Dagger Throw"],"picked":"SKIP","floor":6},{"not_picked":["Bullet Time","Blade Dance"],"picked":"Deadly Poison","floor":8},{"not_picked":["Well Laid Plans","Poisoned Stab"],"picked":"Venomology","floor":10},{"not_picked":["Acrobatics","Setup"],"picked":"Leg Sweep","floor":11},{"not_picked":["Flying Knee","Infinite Blades"],"picked":"Catalyst","floor":12},{"not_picked":["Bullet Time","Wraith Form v2"],"picked":"After Image","floor":16},{"not_picked":["Underhanded Strike","Outmaneuver","Dagger Spray"],"picked":"SKIP","floor":18},{"not_picked":["Dagger Throw","Outmaneuver","Prepared+1"],"picked":"SKIP","floor":19},{"not_picked":["Eviscerate","Doppelganger","Prepared+1"],"picked":"SKIP","floor":21},{"not_picked":["Prepared","Dagger Throw"],"picked":"Backflip+1","floor":22},{"not_picked":["PiercingWail","Skewer"],"picked":"Corpse Explosion","floor":23},{"not_picked":["Poisoned Stab","Deadly Poison"],"picked":"Bouncing Flask","floor":30}],"player_experience":417215,"relics_obtained":[{"floor":6,"key":"Du-Vu Doll"},{"floor":8,"key":"WingedGreaves"},{"floor":9,"key":"Orichalcum"},{"floor":10,"key":"Shuriken"},{"floor":23,"key":"Pear"},{"floor":23,"key":"MealTicket"},{"floor":26,"key":"Bird Faced Urn"},{"floor":30,"key":"Singing Bowl"},{"floor":30,"key":"Gambling Chip"}],"event_choices":[{"damage_healed":0,"gold_gain":0,"player_choice":"Take Damage","damage_taken":15,"relics_obtained":["Golden Idol"],"max_hp_gain":0,"max_hp_loss":0,"event_name":"Golden Idol","floor":3,"gold_loss":0},{"damage_healed":0,"gold_gain":0,"player_choice":"Paid Gold","damage_taken":0,"relics_obtained":["Vajra"],"max_hp_gain":0,"max_hp_loss":0,"event_name":"WeMeetAgain","floor":4,"gold_loss":70},{"damage_healed":0,"gold_gain":0,"player_choice":"Joined the Cult","damage_taken":6,"max_hp_gain":0,"max_hp_loss":0,"event_name":"Nest","floor":20,"gold_loss":0,"cards_obtained":["RitualDagger"]},{"damage_healed":0,"gold_gain":0,"player_choice":"Obtained Relic","damage_taken":0,"relics_obtained":["Eternal Feather"],"max_hp_gain":0,"max_hp_loss":0,"event_name":"Addict","floor":24,"gold_loss":85},{"cards_removed":["Strike_G"],"damage_healed":0,"gold_gain":0,"player_choice":"Gave Gold","damage_taken":0,"max_hp_gain":0,"max_hp_loss":0,"event_name":"Beggar","floor":28,"gold_loss":75},{"damage_healed":0,"gold_gain":0,"player_choice":"Simplicity","damage_taken":0,"max_hp_gain":0,"max_hp_loss":0,"event_name":"Back to Basics","floor":31,"gold_loss":0,"cards_upgraded":["Strike_G","Strike_G","Defend_G","Defend_G","Defend_G","Defend_G","Defend_G"]}],"is_beta":false,"boss_relics":[{"not_picked":["Tiny House","WristBlade"],"picked":"Black Star"}],"items_purged_floors":[5,14],"is_endless":false,"potions_floor_spawned":[1,2,10,19,22],"killed_by":"Automaton","ascension_level":3}}