{"host":"yq7vhdvcv08g2502","time":1610943696,"event":{"mods":["2.2 Compatiblity","AchievementEnabler","Act Like it!","BaseMod","CapriCore","Colored Powertips","Custom Start","Gensokyo","Marisa????????","Minty Spire (QoL Compilation)","Quick Restart","Reimu??????","StSLib","The Servant 0.9.4"],"gold_per_floor":[19,19,19,31,31,31,62,62,62,89,89,20,20,40,40,340,340],"floor_reached":16,"language":"ENG","playtime":656,"items_purged":[],"score":132,"play_id":"f5ad8ebf-2409-4430-91ba-7e74c7cfb7ff","local_time":"20210118042136","is_ascension_mode":true,"campfire_choices":[{"data":"MeteoricShower","floor":6,"key":"SMITH"},{"data":"PropBag","floor":8,"key":"SMITH"},{"floor":11,"key":"REST"},{"data":"IllusionStar","floor":15,"key":"SMITH"}],"circlet_count":0,"master_deck":["Strike_MRS","Strike_MRS","Defend_MRS","Defend_MRS","MasterSpark","UpSweep","OortCloud","MeteoricShower+1","IllusionStar+1","WitchLeyline","PropBag+1","ChargingUp","Gensokyo:DepletedGenerator","DoubleSpark"],"relics":["MiniHakkero","Gensokyo:YoukaiFlower","Lantern","Eternal Feather","Meat on the Bone","Mercury Hourglass"],"acts_visited":["Gensokyo:Gensokyo"],"potions_floor_usage":[7,16],"damage_taken":[{"damage":0,"enemies":"Gensokyo:3_Fairies","floor":1,"turns":3},{"damage":7,"enemies":"Gensokyo:Python","floor":4,"turns":3},{"damage":12,"enemies":"Gensokyo:Cirno","floor":7,"turns":7},{"damage":10,"enemies":"Gensokyo:Mamizou","floor":10,"turns":5},{"damage":21,"enemies":"Gensokyo:2_Kodama","floor":14,"turns":4},{"damage":60,"enemies":"Gensokyo:Kokoro","floor":16,"turns":8}],"seed_played":"-3660283920621746698","potions_obtained":[{"floor":1,"key":"Strength Potion"},{"floor":10,"key":"Dexterity Potion"}],"is_trial":false,"path_per_floor":["M","?","?","M","?","R","E","R","T","E","R","COS","?","M","R","B"],"character_chosen":"MARISA","items_purchased":[],"campfire_rested":1,"item_purchase_floors":[],"current_hp_per_floor":[68,68,68,61,61,61,49,49,49,39,67,67,52,43,52,0,0],"gold":340,"neow_bonus":"TRANSFORM_TWO_CARDS","is_daily":false,"chose_seed":false,"campfire_upgraded":3,"win_rate":0.0,"timestamp":1610943696,"path_taken":["M","?","?","?","?","R","E","R","T","E","R","COS","?","M","R","BOSS"],"items_purchased_type":[],"build_version":"2020-12-22","purchased_purges":0,"victory":false,"max_hp_per_floor":[75,75,75,75,75,75,75,75,75,75,75,75,75,75,75,75,75],"card_choices":[{"not_picked":["DeepEcoloBomb","DC"],"picked":"IllusionStar","floor":1},{"not_picked":["GalacticHalo","MilkyWay"],"picked":"WitchLeyline","floor":4},{"not_picked":["OortCloud","SporeBomb"],"picked":"PropBag","floor":7},{"not_picked":["ShootingEcho","IllusionStar"],"picked":"ChargingUp","floor":10},{"not_picked":["ShootingEcho","MaximisePower"],"picked":"DoubleSpark","floor":14}],"player_experience":292041,"relics_obtained":[{"floor":7,"key":"Lantern"},{"floor":9,"key":"Eternal Feather"},{"floor":10,"key":"Meat on the Bone"}],"event_choices":[],"is_beta":false,"boss_relics":[],"items_purged_floors":[],"is_endless":false,"potions_floor_spawned":[1,10],"killed_by":"Gensokyo:Kokoro","ascension_level":6}}