{"host":"640uue19m79c7wbt","time":1610995655,"event":{"mods":["BaseMod","Colored Map","Googly Eyes","Highlight Path","Minty Spire (QoL Compilation)","Quick Restart","StSLib"],"gold_per_floor":[118,118,118,138,10,10,38,38,38,67,84,99,99,119,119,196,196,207,207,207],"floor_reached":19,"language":"ENG","playtime":968,"items_purged":["Regret"],"score":333,"play_id":"f39e1e9e-6f9e-4479-9778-8d3c64651a5c","local_time":"20210118134735","is_ascension_mode":true,"campfire_choices":[{"data":"Dagger Spray","floor":6.0,"key":"SMITH"},{"data":"Wraith Form v2","floor":8.0,"key":"SMITH"},{"data":"Bouncing Flask","floor":13.0,"key":"SMITH"},{"floor":15,"key":"REST"}],"circlet_count":0,"master_deck":["AscendersBane","Survivor","Neutralize","Predator","Dagger Spray+1","Cloak And Dagger","Wraith Form v2+1","Choke+1","Bouncing Flask+1","Phantasmal Killer","Phantasmal Killer","Quick Slash+1","Doppelganger","Tools of the Trade","Poisoned Stab+1","Leg Sweep","Infinite Blades","Blur","Flechettes+1","Slice+1","Reflex"],"relics":["Ring of the Snake","NeowsBlessing","Regal Pillow","Molten Egg 2","Bottled Tornado","Ornamental Fan","Pandora\u0027s Box"],"acts_visited":["Exordium","TheCity"],"potions_floor_usage":[16],"damage_taken":[{"damage":0.0,"enemies":"Cultist","floor":1.0,"turns":1.0},{"damage":0.0,"enemies":"2 Louse","floor":4.0,"turns":1.0},{"damage":0.0,"enemies":"Gremlin Nob","floor":7.0,"turns":1.0},{"damage":16.0,"enemies":"3 Sentries","floor":10.0,"turns":6.0},{"damage":2.0,"enemies":"Small Slimes","floor":11.0,"turns":3.0},{"damage":12.0,"enemies":"Looter","floor":12.0,"turns":3.0},{"damage":4,"enemies":"3 Louse","floor":14,"turns":3},{"damage":27,"enemies":"The Guardian","floor":16,"turns":7},{"damage":12,"enemies":"Shell Parasite","floor":18,"turns":3},{"damage":4,"enemies":"3 Byrds","floor":19,"turns":3}],"seed_played":"-8170521651366142451","potions_obtained":[{"floor":1.0,"key":"LiquidMemories"},{"floor":3.0,"key":"PowerPotion"},{"floor":10.0,"key":"Weak Potion"},{"floor":12.0,"key":"Fruit Juice"}],"is_trial":false,"path_per_floor":["M","?","?","M","$","R","E","R","T","E","M","M","R","M","R","B",null,"M","M"],"character_chosen":"THE_SILENT","items_purchased":["Cloak And Dagger"],"campfire_rested":1,"item_purchase_floors":[5],"current_hp_per_floor":[63,63,63,63,63,63,63,63,63,47,45,38,38,34,71,44,67,55,51,51],"gold":207,"neow_bonus":"THREE_ENEMY_KILL","is_daily":false,"chose_seed":false,"campfire_upgraded":3,"win_rate":0.0,"timestamp":1610995655,"path_taken":["M","?","?","?","$","R","E","R","T","E","M","M","R","M","R","BOSS","M","M"],"items_purchased_type":["Card"],"build_version":"2020-12-22","purchased_purges":1,"victory":false,"max_hp_per_floor":[70,70,70,70,70,70,70,70,70,70,70,75,75,75,75,75,75,75,75,75],"card_choices":[{"not_picked":["Flechettes","Cloak And Dagger"],"picked":"Predator","floor":1.0},{"not_picked":["Bane","Underhanded Strike"],"picked":"Dagger Spray","floor":4.0},{"not_picked":["Catalyst","Deadly Poison"],"picked":"Wraith Form v2","floor":7.0},{"not_picked":["Terror","Wraith Form v2"],"picked":"Choke+1","floor":10.0},{"not_picked":["Dodge and Roll","Prepared"],"picked":"Bouncing Flask","floor":11.0},{"not_picked":["Quick Slash+1","Sucker Punch+1","Backflip"],"picked":"SKIP","floor":12.0},{"not_picked":["Sucker Punch+1","Dodge and Roll","Quick Slash+1"],"picked":"SKIP","floor":14},{"not_picked":["Die Die Die+1","Night Terror"],"picked":"Phantasmal Killer","floor":16},{"not_picked":["Bane+1","Dodge and Roll"],"picked":"Reflex","floor":18}],"player_experience":605165,"relics_obtained":[{"floor":7.0,"key":"Molten Egg 2"},{"floor":9.0,"key":"Bottled Tornado"},{"floor":10.0,"key":"Ornamental Fan"}],"event_choices":[{"damage_healed":0.0,"max_hp_gain":0.0,"max_hp_loss":0.0,"gold_gain":0.0,"event_name":"Big Fish","player_choice":"Box","floor":2.0,"gold_loss":0.0,"damage_taken":0.0,"relics_obtained":["Regal Pillow"],"cards_obtained":["Regret"]},{"damage_healed":0.0,"max_hp_gain":0.0,"max_hp_loss":0.0,"gold_gain":0.0,"event_name":"Lab","player_choice":"Got Potions","floor":3.0,"gold_loss":0.0,"damage_taken":0.0}],"is_beta":false,"boss_relics":[{"not_picked":["Tiny House","Cursed Key"],"picked":"Pandora\u0027s Box"}],"items_purged_floors":[5],"is_endless":false,"potions_floor_spawned":[1,10,12],"killed_by":"3 Byrds","ascension_level":13}}