{"host":"08t08ld674si40tv","time":1610963507,"event":{"mods":["AchievementEnabler","BaseMod","Colored Map","Minty Spire (QoL Compilation)","StSLib","SuperFastMode"],"gold_per_floor":[115,115,131,151,167,167,202,202,225,225,225,250,250,264,264,337,337,357,357,371,123,173,173,203,253,302,302,302,302,302],"floor_reached":29,"language":"KOR","playtime":611,"items_purged":["Strike_G"],"score":548,"play_id":"3efcf79d-bc73-4052-8fa6-08963d0fc273","local_time":"20210118185147","is_ascension_mode":true,"campfire_choices":[{"data":"Neutralize","floor":6,"key":"SMITH"},{"floor":10,"key":"REST"},{"floor":13,"key":"REST"},{"data":"Survivor","floor":15,"key":"SMITH"},{"floor":23,"key":"REST"}],"circlet_count":0,"master_deck":["AscendersBane","Strike_G+1","Defend_G","Defend_G","Defend_G","Defend_G","Survivor+1","Neutralize+1","Bouncing Flask+1","Backflip+1","PiercingWail","Reflex","Corpse Explosion","Bane+1","Unload+1","Dash+1","Acrobatics","Prepared"],"relics":["Ring of the Snake","Blood Vial","Vajra","Oddly Smooth Stone","Boot","Oddly Smooth Stone","Tiny Chest","Astrolabe","Medical Kit","The Courier","Smiling Mask","Meat on the Bone"],"acts_visited":["Exordium","TheCity"],"potions_floor_usage":[7,20],"damage_taken":[{"damage":0,"enemies":"2 Louse","floor":1,"turns":3},{"damage":4,"enemies":"Cultist","floor":3,"turns":3},{"damage":8,"enemies":"Small Slimes","floor":4,"turns":3},{"damage":7,"enemies":"Looter","floor":5,"turns":3},{"damage":23,"enemies":"3 Sentries","floor":7,"turns":7},{"damage":17,"enemies":"Gremlin Nob","floor":12,"turns":4},{"damage":11,"enemies":"Exordium Thugs","floor":14,"turns":4},{"damage":2,"enemies":"Hexaghost","floor":16,"turns":9},{"damage":0,"enemies":"Chosen","floor":18,"turns":4},{"damage":21,"enemies":"3 Byrds","floor":20,"turns":3},{"damage":47,"enemies":"Gremlin Leader","floor":24,"turns":9},{"damage":22,"enemies":"Centurion and Healer","floor":29,"turns":5}],"seed_played":"-6254379806875959489","potions_obtained":[{"floor":4,"key":"Explosive Potion"},{"floor":16,"key":"Weak Potion"},{"floor":24,"key":"LiquidBronze"}],"is_trial":false,"path_per_floor":["M","?","M","M","M","R","E","?","T","R","?","E","R","M","R","B",null,"M","?","M","$","?","R","E","?","T","T","?","M"],"character_chosen":"THE_SILENT","items_purchased":["Medical Kit"],"campfire_rested":3,"item_purchase_floors":[21],"current_hp_per_floor":[61,61,59,53,48,48,27,7,7,26,26,11,30,21,21,21,55,57,57,38,38,38,57,12,12,12,12,12,0,0],"gold":302,"neow_bonus":"RANDOM_COMMON_RELIC","is_daily":false,"chose_seed":false,"campfire_upgraded":2,"win_rate":0.0,"timestamp":1610963507,"path_taken":["M","?","M","?","M","R","E","?","T","R","?","E","R","M","R","BOSS","M","?","M","$","?","R","E","?","T","?","?","M"],"items_purchased_type":["Relic"],"build_version":"2020-12-22","purchased_purges":1,"victory":false,"max_hp_per_floor":[66,66,66,66,66,66,66,66,66,66,66,66,66,66,66,66,66,66,66,66,66,66,66,66,66,66,66,66,66,66],"card_choices":[{"not_picked":["Deflect","Accuracy"],"picked":"Bouncing Flask","floor":1},{"not_picked":["Flying Knee","Dagger Spray"],"picked":"Backflip","floor":3},{"not_picked":["Riddle With Holes","Bouncing Flask"],"picked":"PiercingWail","floor":4},{"not_picked":["Setup","Choke","Expertise"],"picked":"SKIP","floor":5},{"not_picked":["Deadly Poison","Choke","Concentrate"],"picked":"SKIP","floor":7},{"not_picked":["Reflex","Deflect","Bane"],"picked":"SKIP","floor":12},{"not_picked":["Bane","Infinite Blades","Dagger Spray"],"picked":"SKIP","floor":14},{"not_picked":["Glass Knife","Phantasmal Killer"],"picked":"Corpse Explosion","floor":16},{"not_picked":["Outmaneuver","Masterful Stab"],"picked":"Acrobatics","floor":18},{"not_picked":["Slice","Flechettes","Bane"],"picked":"SKIP","floor":20},{"not_picked":["Underhanded Strike","Dagger Spray","Flying Knee"],"picked":"SKIP","floor":24}],"player_experience":244729,"relics_obtained":[{"floor":7,"key":"Boot"},{"floor":9,"key":"Oddly Smooth Stone"},{"floor":12,"key":"Tiny Chest"},{"floor":24,"key":"The Courier"},{"floor":26,"key":"Smiling Mask"},{"floor":27,"key":"Meat on the Bone"}],"event_choices":[{"damage_healed":0,"gold_gain":0,"player_choice":"Upgraded","damage_taken":0,"max_hp_gain":0,"max_hp_loss":0,"event_name":"Upgrade Shrine","floor":2,"gold_loss":0,"cards_upgraded":["Bouncing Flask"]},{"damage_healed":0,"gold_gain":0,"player_choice":"Entered Light","damage_taken":20,"max_hp_gain":0,"max_hp_loss":0,"event_name":"Shining Light","floor":8,"gold_loss":0,"cards_upgraded":["Backflip","Strike_G"]},{"damage_healed":0,"gold_gain":0,"cards_transformed":["Strike_G"],"player_choice":"Transformed","damage_taken":0,"max_hp_gain":0,"max_hp_loss":0,"event_name":"Transmorgrifier","floor":11,"gold_loss":0,"cards_obtained":["Reflex"]},{"damage_healed":0,"gold_gain":0,"player_choice":"Read","damage_taken":0,"max_hp_gain":0,"max_hp_loss":0,"event_name":"The Library","floor":19,"gold_loss":0,"cards_obtained":["Prepared"]},{"damage_healed":0,"gold_gain":50,"player_choice":"Stole From Cult","damage_taken":0,"max_hp_gain":0,"max_hp_loss":0,"event_name":"Nest","floor":22,"gold_loss":0},{"damage_healed":0,"gold_gain":50,"player_choice":"Pray","damage_taken":0,"max_hp_gain":0,"max_hp_loss":0,"event_name":"Golden Shrine","floor":25,"gold_loss":0},{"damage_healed":0,"gold_gain":0,"player_choice":"Ignored","damage_taken":0,"max_hp_gain":0,"max_hp_loss":0,"event_name":"Vampires","floor":28,"gold_loss":0}],"is_beta":false,"boss_relics":[{"not_picked":["Runic Dome","HoveringKite"],"picked":"Astrolabe"}],"items_purged_floors":[21],"is_endless":false,"potions_floor_spawned":[4,16,24],"killed_by":"Centurion and Healer","ascension_level":20}}