{"host":"3twtdwjpiqhvvn5s","time":1610940582,"event":{"mods":["AchievementEnabler","Act Like it!","Aspiration","BaseMod","BetterRewards","Colored Map","Colored Powertips","Downfall","Duelist Mod","Friendly Minions","GifTheSpireLib","Hallownest","Hermit","Hubris","Infinite Spire","Jorbs\u0027s Wanderer Trilogy","Koishi","KomeijiMod","Marisa????????","Minty Spire (QoL Compilation)","Random Character Mod","Rare Cards Sparkle","Shop Mod","StSLib","Td1madao Mod","The Administrix","The Animator","The Bug Knight","The Caster","The Cursed","The Disciple","The Hierophant","The Necromancer","The Poker Player","The Runesmith","The Servant 0.9.4","TheFirefly"],"gold_per_floor":[180,198,213,229,229,264,264,9,9,43,60,87,101,116,116,218,218,234,234,254,282,282,282],"floor_reached":22,"language":"ENG","playtime":32066,"items_purged":[],"score":278,"play_id":"05f45774-7402-4179-b68a-9231bd505d4c","local_time":"20210117212942","daily_mods":["DeadlyEvents"],"is_ascension_mode":false,"campfire_choices":[{"floor":15,"key":"REST"}],"circlet_count":0,"master_deck":["Strike_Remiria","Strike_Remiria","Strike_Remiria","Strike_Remiria","Defend_Remirira","Defend_Remirira","Defend_Remirira","Defend_Remirira","Absorbed","Scratch","Warpath","RocketKickup","Warpath","NaturallyHealing","RocketKickup","TricksterDevil","TricksterDevil","DoubleEdge","BloodPact","CruelSlaughter","RocketKickup","FateSonata","RocketKickup","Decay","CurseofVladTepes","DoubleEdge+1"],"relics":["ThirstyCrossSpe","Question Card","infinitespire:FocusingShard","champ:DeflectingBracers","aspiration:HiddenCompartment","Shuriken","hubris:TerracottaHorce","Art of War"],"acts_visited":["Hallownest:Greenpath","TheCity"],"potions_floor_usage":[2,3,4,4,4,10,11,16,16,22],"damage_taken":[{"damage":0,"enemies":"Hallownest:2_Baldur","floor":1,"turns":4},{"damage":0,"enemies":"Hallownest:monsterHuskGuard","floor":2,"turns":3},{"damage":7,"enemies":"Hallownest:2_Tiktiks_and_1_Crawlid","floor":3,"turns":3},{"damage":11,"enemies":"Hallownest:Guard_and_Warrior","floor":4,"turns":5},{"damage":0,"enemies":"Hallownest:monsterAspidMother","floor":5,"turns":3},{"damage":14,"enemies":"Hallownest:eliteVengeflyKing","floor":6,"turns":7},{"damage":14,"enemies":"Hallownest:eliteCrystalGuardian","floor":10,"turns":5},{"damage":1,"enemies":"Hallownest:monsterMossCharger","floor":11,"turns":3},{"damage":5,"enemies":"Hallownest:eliteMossKnight","floor":12,"turns":4},{"damage":21,"enemies":"Hallownest:1_Ooma_and_2_Uuma","floor":13,"turns":4},{"damage":4,"enemies":"Hallownest:monsterAspidMother","floor":14,"turns":3},{"damage":16,"enemies":"Hallownest:BossFalseKnight","floor":16,"turns":5},{"damage":19,"enemies":"2 Thieves","floor":18,"turns":4},{"damage":0,"enemies":"Chosen","floor":20,"turns":4},{"damage":52,"enemies":"Book of Stabbing","floor":21,"turns":6},{"damage":41,"enemies":"Centurion and Healer","floor":22,"turns":3}],"seed_played":"5231063134348707267","potions_obtained":[{"floor":1,"key":"EntropicBrew"},{"floor":3,"key":"ColorlessPotion"},{"floor":10,"key":"ColorlessPotion"},{"floor":12,"key":"bronze:BurnAndBuffPotion"},{"floor":13,"key":"SmokeBomb"},{"floor":14,"key":"AttackPotion"},{"floor":21,"key":"Strength Potion"}],"is_trial":true,"path_per_floor":["M","M","M","M","M","E","?","$","T","E","M","?","M","M","R","B",null,"M","?","M","E","M"],"character_chosen":"RemiriaScarlet","items_purchased":["infinitespire:FocusingShard"],"campfire_rested":1,"item_purchase_floors":[8],"current_hp_per_floor":[100,100,93,82,82,68,68,68,68,66,65,66,47,46,76,76,94,75,75,76,35,0,0],"gold":282,"neow_bonus":"","is_daily":false,"chose_seed":false,"campfire_upgraded":0,"win_rate":0.0,"timestamp":1610940582,"path_taken":["M","?","M","?","M","E","?","?","T","?","M","?","?","M","R","BOSS","M","?","M","?","M"],"items_purchased_type":["Relic"],"build_version":"2020-12-22","purchased_purges":0,"victory":false,"max_hp_per_floor":[100,100,100,100,100,100,100,100,100,100,100,100,100,100,100,100,100,100,100,100,100,100,100],"card_choices":[{"not_picked":["FastHealing","YoungDemonLord"],"picked":"Warpath","floor":1},{"not_picked":["FastHealing","ThirstForBlood"],"picked":"RocketKickup","floor":2},{"not_picked":["ThirstForBlood","BombardNight"],"picked":"Warpath","floor":3},{"not_picked":["SealingFear","LifeBreak"],"picked":"NaturallyHealing","floor":4},{"not_picked":["Culling","BodyStrengthen"],"picked":"RocketKickup","floor":5},{"not_picked":["DemonLordWalk","Cripple"],"picked":"TricksterDevil","floor":6},{"not_picked":["BathedInBlood","DamonLordCradle_Remiria","ThirstForBlood"],"picked":"TricksterDevil","floor":10},{"not_picked":["ServantFlier","FastHealing","FierceSweep"],"picked":"DoubleEdge","floor":11},{"not_picked":["ChainGang","BloodCleaner","FastHealing"],"picked":"BloodPact","floor":12},{"not_picked":["LifeBreak","FateCollect","VampirishNight"],"picked":"CruelSlaughter","floor":13},{"not_picked":["Offensive","TrickFate","BloodCoagulation"],"picked":"RocketKickup","floor":14},{"not_picked":["RemiliaStretch_Remiria","FateConcerto","BombardNight"],"picked":"FateSonata","floor":16},{"not_picked":["CombatMeter","DamonLordCradle_Remiria+1","BloodCleaner"],"picked":"RocketKickup","floor":18},{"not_picked":["NaturallyHealing","LifeBreak","DoubleEdge"],"picked":"CurseofVladTepes","floor":20},{"not_picked":["Impregnable","NightDance","FastHealing"],"picked":"DoubleEdge+1","floor":21}],"player_experience":1780849,"relics_obtained":[{"floor":6,"key":"Question Card"},{"floor":9,"key":"champ:DeflectingBracers"},{"floor":10,"key":"aspiration:HiddenCompartment"},{"floor":12,"key":"Shuriken"},{"floor":21,"key":"Art of War"}],"event_choices":[{"damage_healed":0,"gold_gain":0,"player_choice":"Cursed","damage_taken":0,"max_hp_gain":0,"max_hp_loss":0,"event_name":"Wheel of Change","floor":19,"gold_loss":0,"cards_obtained":["Decay"]}],"is_beta":false,"boss_relics":[{"not_picked":["Velvet Choker","Busted Crown"],"picked":"hubris:TerracottaHorce"}],"items_purged_floors":[],"is_endless":false,"potions_floor_spawned":[1,3,10,12,13,14,21],"killed_by":"Centurion and Healer","ascension_level":0}}