{"host":"wonp23fsqqcu31ie","time":1610959764,"event":{"mods":["2.2 Compatiblity","AchievementEnabler","Aspiration","BaseMod","Bestiary","Better Altar","Better Match","Better Sensory Stone","Better Skull","Better Third Choice","BetterRewards","Block Reminder","Colored Map","Colored Powertips","Conspire","Curses Come First","DeckTracker","Displayed Cursed Tome","Downfall","Energized Spire","Evolution","Hermit","Highlight Path","Hubris","Infinite Spire","Marisa????????","Minty Spire (QoL Compilation)","Permanent Neow","Prisma Mod","Quick Restart","Rare Cards Sparkle","Relic Stats","Robot Space Explorer","Shade Mod","Shop Mod","StSLib","SuperFastMode","The Animator","The Bug Knight","The Construct","The Cursed","The Disciple","The Dragon Tamer","The Gatherer","The Hierophant","The Marked","The Necromancer","The Poker Player","The Runesmith","The Saiyan","The Servant 0.9.4","TheBandit"],"gold_per_floor":[110,43,60,73,84,113,113,146,146,246,262,274,287,301,301,301,301],"floor_reached":16,"language":"ENG","playtime":630,"items_purged":[],"score":116,"play_id":"725b7dd2-cc5f-4c41-830f-fbda4dbabc78","local_time":"20210118194924","is_ascension_mode":false,"campfire_choices":[{"floor":7,"key":"RECALL"},{"floor":15,"key":"REST"}],"circlet_count":0,"master_deck":["construct:Strike_Gold","construct:Strike_Gold","construct:Strike_Gold","construct:Strike_Gold","construct:Strike_Gold","construct:Defend_Gold","construct:Defend_Gold","construct:Defend_Gold","construct:Defend_Gold","construct:Defend_Gold","construct:AttackMode","construct:DefenseMode","construct:PowerUp","construct:Impenetrable","construct:Versatility","construct:Forcefield","construct:HeavyBolt","construct:Autoturret","construct:PointDefense","construct:ForceCore","construct:BatteryAcid","construct:FlakBarrage","construct:Boost"],"relics":["construct:Cogwheel","EVO:Axolotl","Happy Flower","hubris:SphereOfDissonance","Torii"],"acts_visited":["Exordium"],"potions_floor_usage":[6,6,12,13,14],"damage_taken":[{"damage":0,"enemies":"Cultist","floor":1,"turns":4},{"damage":0,"enemies":"Small Slimes","floor":3,"turns":4},{"damage":5,"enemies":"Jaw Worm","floor":4,"turns":5},{"damage":0,"enemies":"Exordium Wildlife","floor":5,"turns":5},{"damage":16,"enemies":"Lagavulin","floor":6,"turns":7},{"damage":29,"enemies":"3 Sentries","floor":8,"turns":12},{"damage":1,"enemies":"Blue Slaver","floor":11,"turns":7},{"damage":0,"enemies":"Large Slime","floor":12,"turns":7},{"damage":0,"enemies":"Looter","floor":13,"turns":4},{"damage":2,"enemies":"Blue Slaver","floor":14,"turns":4},{"damage":77,"enemies":"Slime Boss","floor":16,"turns":12}],"seed_played":"-4635651664432922434","potions_obtained":[{"floor":1,"key":"Fire Potion"},{"floor":5,"key":"Explosive Potion"},{"floor":8,"key":"Weak Potion"},{"floor":12,"key":"Fruit Juice"},{"floor":13,"key":"Fruit Juice"}],"is_trial":false,"path_per_floor":["M","$","M","M","M","E","R","E","T","?","M","M","M","M","R","B"],"character_chosen":"THE_CONSTRUCT_MOD","items_purchased":["construct:Impenetrable"],"campfire_rested":1,"item_purchase_floors":[2],"current_hp_per_floor":[85,85,85,80,80,64,64,35,35,35,34,39,44,42,70,0,0],"gold":301,"neow_bonus":"RANDOM_COMMON_RELIC","is_daily":false,"chose_seed":false,"campfire_upgraded":0,"win_rate":0.0,"timestamp":1610959764,"path_taken":["M","$","M","M","M","E","R","E","T","?","?","M","M","M","R","BOSS"],"items_purchased_type":["Card"],"build_version":"2020-12-22","purchased_purges":0,"victory":false,"max_hp_per_floor":[85,85,85,85,85,85,85,85,85,85,85,90,95,95,95,95,95],"relic_stats":{"Happy Flower":[23],"Torii":10,"counters":[11,71],"obtain_stats":[{"Happy Flower":0,"Torii":8,"construct:Cogwheel":0,"hubris:SphereOfDissonance":6,"EVO:Axolotl":0},{"Happy Flower":0,"Torii":6,"construct:Cogwheel":0,"hubris:SphereOfDissonance":5,"EVO:Axolotl":0},{"Happy Flower":0,"Torii":37,"construct:Cogwheel":0,"hubris:SphereOfDissonance":25,"EVO:Axolotl":0}]},"card_choices":[{"not_picked":["construct:Stasis","construct:Analyze"],"picked":"construct:PowerUp","floor":1},{"not_picked":["construct:VentSteam","construct:Analyze"],"picked":"construct:Versatility","floor":3},{"not_picked":["construct:FierceBash","construct:PowerUp"],"picked":"construct:Forcefield","floor":4},{"not_picked":["construct:VentSteam","construct:Forcefield"],"picked":"construct:HeavyBolt","floor":5},{"not_picked":["construct:ModeShift","construct:Analyze"],"picked":"construct:Autoturret","floor":6},{"not_picked":["construct:Failsafe","construct:ScrapCannon"],"picked":"construct:PointDefense","floor":8},{"not_picked":["construct:Autoturret","construct:MemoryTap"],"picked":"construct:ForceCore","floor":11},{"not_picked":["construct:SaveState","construct:Analyze"],"picked":"construct:BatteryAcid","floor":12},{"not_picked":["construct:Backup","construct:Missile"],"picked":"construct:FlakBarrage","floor":13},{"not_picked":["construct:FierceBash","construct:Reinforce"],"picked":"construct:Boost","floor":14}],"player_experience":555773,"relics_obtained":[{"floor":6,"key":"hubris:SphereOfDissonance"},{"floor":8,"key":"Torii"}],"event_choices":[{"damage_healed":0,"gold_gain":100,"player_choice":"Pray","damage_taken":0,"max_hp_gain":0,"max_hp_loss":0,"event_name":"Golden Shrine","floor":10,"gold_loss":0}],"is_beta":false,"boss_relics":[],"items_purged_floors":[],"is_endless":false,"potions_floor_spawned":[1,5,8,12,13],"killed_by":"Slime Boss","ascension_level":0}}