{"host":"cv77zuuuekizn3ic","time":1610964238,"event":{"mods":["AchievementEnabler","BaseMod","Downfall","Marisa£®ÏF”Í°°ƒß¿Ì…≥£©","Minty Spire (QoL Compilation)","StSLib"],"gold_per_floor":[99,99,99,99,99,155,206,206,236,256,256,22,22,46,65,161,161,161,177,177,62,79,79,105,205,220,246,246,281,141,153,178,178,178],"floor_reached":33,"language":"ZHS","playtime":2609,"items_purged":["bronze:Strike","bronze:Strike","Doubt"],"score":279,"play_id":"02edd2de-633c-4665-937a-fa614383d752","local_time":"20210118180358","is_ascension_mode":false,"campfire_choices":[{"data":"bronze:Goto","floor":1.0,"key":"SMITH"},{"data":"bronze:BronzeOrb","floor":8.0,"key":"SMITH"},{"data":"bronze:Repair","floor":11.0,"key":"SMITH"},{"data":"bronze:Optimize","floor":13.0,"key":"SMITH"},{"data":"bronze:HyperBeam","floor":18.0,"key":"SMITH"},{"data":"bronze:Goto","floor":23.0,"key":"SMITH"},{"floor":28,"key":"RECALL"}],"circlet_count":0,"master_deck":["bronze:Strike","bronze:Defend","bronze:Defend","bronze:Defend","bronze:Defend","bronze:Replicate","bronze:Goto+1","bronze:Philosophize","bronze:Optimize+1","bronze:BronzeOrb+1","bronze:Repair+1","bronze:ClassDefault","bronze:BitShift","bronze:Repulsor","bronze:AlphaBuild","bronze:HyperBeam+1","bronze:Deprecate+1","bronze:Goto+1","bronze:ChosenStrike","bronze:FineTuning+1","bronze:Turbo+1","bronze:Format","bronze:Virus"],"relics":["bronze:BronzeCore","downfall:HeartsMalice","Toy Ornithopter","Lantern","Incense Burner","Toolbox","Odd Mushroom","Cursed Key","PreservedInsect","Potion Belt","CeramicFish"],"acts_visited":["Exordium","TheCity"],"potions_floor_usage":[],"damage_taken":[{"damage":0.0,"enemies":"Cultist","floor":2.0,"turns":1.0},{"damage":0.0,"enemies":"2 Louse","floor":3.0,"turns":1.0},{"damage":0.0,"enemies":"Jaw Worm","floor":4.0,"turns":1.0},{"damage":35.0,"enemies":"Gremlin Nob","floor":6.0,"turns":5.0},{"damage":19.0,"enemies":"Lagavulin","floor":9.0,"turns":6.0},{"damage":8.0,"enemies":"3 Louse","floor":10.0,"turns":8.0},{"damage":1.0,"enemies":"downfall:FleeingMerchant","floor":12.0,"turns":4.0},{"damage":5.0,"enemies":"The Mushroom Lair","floor":14.0,"turns":4.0},{"damage":3.0,"enemies":"Exordium Thugs","floor":15.0,"turns":6.0},{"damage":48.0,"enemies":"DF_ARCHETYPE_STREAMLINE","floor":16.0,"turns":8.0},{"damage":20.0,"enemies":"Shell Parasite","floor":19.0,"turns":5.0},{"damage":0.0,"enemies":"downfall:FleeingMerchant","floor":21.0,"turns":4.0},{"damage":0.0,"enemies":"3 Byrds","floor":22.0,"turns":5.0},{"damage":16.0,"enemies":"downfall:LadyInBlue","floor":25.0,"turns":9.0},{"damage":7.0,"enemies":"Cultist and Chosen","floor":26.0,"turns":6.0},{"damage":27.0,"enemies":"Book of Stabbing","floor":27.0,"turns":6.0},{"damage":11,"enemies":"Slavers","floor":29,"turns":4},{"damage":10,"enemies":"downfall:FleeingMerchant","floor":30,"turns":4},{"damage":3,"enemies":"Sentry and Sphere","floor":31,"turns":6},{"damage":2,"enemies":"Chosen and Byrds","floor":32,"turns":5},{"damage":71,"enemies":"WA_ARCHETYPE_CALM","floor":33,"turns":8}],"seed_played":"1022537868549944767","potions_obtained":[{"floor":9.0,"key":"Fire Potion"},{"floor":10.0,"key":"Swift Potion"},{"floor":16.0,"key":"Regen Potion"},{"floor":22.0,"key":"Weak Potion"},{"floor":25.0,"key":"Swift Potion"},{"floor":25.0,"key":"GamblersBrew"}],"is_trial":false,"path_per_floor":["R","M","M","M","?","?","T","R","E","M","R","$","R","?","M","B",null,"R","M","?","$","M","R","T","?","M","E","R","E","$","M","M","B"],"character_chosen":"THE_AUTOMATON","items_purchased":["Toolbox"],"campfire_rested":0,"item_purchase_floors":[12],"current_hp_per_floor":[70,70,70,70,70,45,45,45,36,28,28,37,37,57,64,26,70,70,59,59,69,70,70,70,54,57,40,40,39,39,47,55,0,0],"gold":178,"neow_bonus":"THREE_ENEMY_KILL","is_daily":false,"chose_seed":false,"campfire_upgraded":6,"win_rate":0.0,"timestamp":1610964238,"path_taken":["R","M","M","?","?","?","T","R","E","M","R","?","R","?","M","BOSS","R","M","?","?","M","R","T","?","?","E","R","E","$","M","M","BOSS"],"items_purchased_type":["Relic"],"build_version":"2020-12-22","purchased_purges":3,"victory":false,"max_hp_per_floor":[70,70,70,70,70,70,70,70,70,70,70,70,70,70,70,70,70,70,70,70,70,70,70,70,70,70,70,70,70,70,70,70,70,70],"card_choices":[{"not_picked":["bronze:WhirlingStrike","bronze:BitShift"],"picked":"bronze:Philosophize","floor":2.0},{"not_picked":["bronze:Separator","bronze:NullPointer"],"picked":"bronze:Optimize","floor":3.0},{"not_picked":["bronze:Shield","bronze:WildBeam"],"picked":"bronze:BronzeOrb","floor":4.0},{"not_picked":["bronze:ChosenStrike","bronze:DelayedSlice"],"picked":"bronze:ClassDefault","floor":6.0},{"not_picked":["bronze:WildBeam","bronze:OilSpill","bronze:Separator"],"picked":"SKIP","floor":9.0},{"not_picked":["bronze:DigitalCarnage","bronze:WhirlingStrike"],"picked":"bronze:BitShift","floor":10.0},{"not_picked":["bronze:Invalidate","bronze:DelayedSlice"],"picked":"bronze:Repulsor","floor":12.0},{"not_picked":["bronze:Iterate","bronze:Separator"],"picked":"bronze:AlphaBuild","floor":14.0},{"not_picked":["bronze:BronzeOrb","bronze:WildBeam","bronze:BuggyMess"],"picked":"SKIP","floor":15.0},{"not_picked":["bronze:CleanCode","bronze:ShipIt"],"picked":"bronze:HyperBeam","floor":16.0},{"not_picked":["bronze:ForceShield","bronze:Flail"],"picked":"bronze:Deprecate+1","floor":19.0},{"not_picked":["bronze:BuggyMess","bronze:FollowUp"],"picked":"bronze:ChosenStrike","floor":21.0},{"not_picked":["bronze:Frontload","bronze:Branch"],"picked":"bronze:FineTuning+1","floor":22.0},{"not_picked":["bronze:Invalidate+1","bronze:ItsAFeature"],"picked":"bronze:Turbo+1","floor":25.0},{"not_picked":["bronze:Deprecate","bronze:WildBeam","bronze:CutThrough+1"],"picked":"SKIP","floor":26.0},{"not_picked":["bronze:Deprecate","bronze:WildBeam","bronze:CutThrough+1"],"picked":"SKIP","floor":26.0},{"not_picked":["bronze:DelayedSlice","bronze:CutThrough+1","bronze:Frontload"],"picked":"SKIP","floor":27.0},{"not_picked":["bronze:MaxOutput","bronze:Allocate"],"picked":"bronze:Format","floor":29},{"not_picked":["bronze:WhirlingStrike+1","bronze:ItsAFeature","bronze:BugBarrage"],"picked":"SKIP","floor":30},{"not_picked":["bronze:Invalidate+1","bronze:BitShift","bronze:CutThrough+1"],"picked":"SKIP","floor":31},{"not_picked":["bronze:ForceShield","bronze:Constructor"],"picked":"bronze:Virus","floor":32}],"player_experience":988531,"relics_obtained":[{"floor":6.0,"key":"Toy Ornithopter"},{"floor":7.0,"key":"Lantern"},{"floor":9.0,"key":"Incense Burner"},{"floor":14.0,"key":"Odd Mushroom"},{"floor":24.0,"key":"PreservedInsect"},{"floor":25.0,"key":"Potion Belt"},{"floor":29,"key":"CeramicFish"}],"event_choices":[{"damage_healed":0.0,"max_hp_gain":0.0,"max_hp_loss":0.0,"gold_gain":0.0,"cards_transformed":["bronze:Strike"],"event_name":"Living Wall","player_choice":"Change","floor":5.0,"gold_loss":0.0,"damage_taken":0.0,"cards_obtained":["bronze:Repair"]},{"damage_healed":0.0,"max_hp_gain":0.0,"max_hp_loss":0.0,"gold_gain":0.0,"event_name":"Mushrooms","player_choice":"Fought Mushrooms","floor":14.0,"gold_loss":0.0,"damage_taken":0.0}],"is_beta":false,"boss_relics":[{"not_picked":["SacredBark","Sozu"],"picked":"Cursed Key"}],"items_purged_floors":[12,21,30],"is_endless":false,"potions_floor_spawned":[9,10,16,22,26,27,31,32],"killed_by":"WA_ARCHETYPE_CALM","ascension_level":0}}