{"host":"6azrrw3tf7wb0f4b","time":1610954423,"event":{"mods":["BaseMod","DeckTracker","Minty Spire (QoL Compilation)","SuperFastMode"],"gold_per_floor":[116,116,128,140,153,188,188,204,204,204,229,229,242,342,342,342,342],"floor_reached":16,"language":"KOR","playtime":279,"items_purged":[],"score":185,"play_id":"eff69f1b-bed3-4955-bdcd-2fa5ec5cfa0e","local_time":"20210118162023","is_ascension_mode":true,"campfire_choices":[{"floor":7.0,"key":"REST"},{"data":"Dualcast","floor":10.0,"key":"SMITH"},{"data":"Rebound","floor":15,"key":"SMITH"}],"circlet_count":0,"master_deck":["AscendersBane","Strike_B+1","Strike_B","Strike_B","Defend_B","Defend_B","Defend_B","Defend_B","Zap","Dualcast+1","Sunder+1","Rebound+1","Undo","Force Field","Heatsinks"],"relics":["Cracked Core","NeowsBlessing","HornCleat","Gremlin Horn","Calipers"],"acts_visited":["Exordium"],"potions_floor_usage":[16,16],"damage_taken":[{"damage":0.0,"enemies":"2 Louse","floor":1.0,"turns":1.0},{"damage":0.0,"enemies":"Jaw Worm","floor":3.0,"turns":1.0},{"damage":0.0,"enemies":"Cultist","floor":4.0,"turns":1.0},{"damage":10.0,"enemies":"Gremlin Gang","floor":5.0,"turns":4.0},{"damage":23.0,"enemies":"Gremlin Nob","floor":6.0,"turns":4.0},{"damage":0.0,"enemies":"2 Fungi Beasts","floor":8.0,"turns":2.0},{"damage":17.0,"enemies":"Lagavulin","floor":11.0,"turns":6.0},{"damage":0,"enemies":"Lots of Slimes","floor":13,"turns":3},{"damage":22,"enemies":"The Guardian","floor":16,"turns":8}],"seed_played":"-7236975159937298097","potions_obtained":[{"floor":1.0,"key":"Weak Potion"},{"floor":6.0,"key":"Swift Potion"},{"floor":11.0,"key":"Block Potion"}],"is_trial":false,"path_per_floor":["M","?","M","M","M","E","R","M","T","R","E","?","M","?","R","B"],"character_chosen":"DEFECT","items_purchased":[],"campfire_rested":1,"item_purchase_floors":[],"current_hp_per_floor":[68,53,53,53,43,20,42,42,42,42,25,18,18,18,18,0,0],"gold":342,"neow_bonus":"THREE_ENEMY_KILL","is_daily":false,"chose_seed":false,"campfire_upgraded":2,"win_rate":0.0,"timestamp":1610954423,"path_taken":["M","?","M","M","M","E","R","M","T","R","E","?","M","?","R","BOSS"],"items_purchased_type":[],"build_version":"2020-12-22","purchased_purges":0,"victory":false,"max_hp_per_floor":[75,75,75,75,75,75,75,75,75,75,75,75,75,75,75,75,75],"card_choices":[{"not_picked":["Steam","Coolheaded"],"picked":"Sunder","floor":1.0},{"not_picked":["Heatsinks","Redo","Barrage"],"picked":"SKIP","floor":3.0},{"not_picked":["Turbo","Hologram"],"picked":"Rebound","floor":4.0},{"not_picked":["Consume","Rebound","Turbo"],"picked":"SKIP","floor":5.0},{"not_picked":["Rebound","Aggregate","Amplify"],"picked":"SKIP","floor":6.0},{"not_picked":["Coolheaded","Leap"],"picked":"Undo","floor":8.0},{"not_picked":["Stack","Turbo"],"picked":"Force Field","floor":11.0},{"not_picked":["Double Energy","Compile Driver"],"picked":"Heatsinks","floor":13}],"player_experience":726766,"relics_obtained":[{"floor":6.0,"key":"HornCleat"},{"floor":9.0,"key":"Gremlin Horn"},{"floor":11.0,"key":"Calipers"}],"event_choices":[{"damage_healed":0.0,"max_hp_gain":0.0,"max_hp_loss":0.0,"gold_gain":0.0,"event_name":"Shining Light","player_choice":"Entered Light","floor":2.0,"gold_loss":0.0,"damage_taken":15.0,"cards_upgraded":["Strike_B","Sunder"]},{"cards_removed":["Strike_B"],"damage_healed":0.0,"max_hp_gain":0.0,"max_hp_loss":0.0,"gold_gain":0.0,"event_name":"Golden Wing","player_choice":"Card Removal","floor":12.0,"gold_loss":0.0,"damage_taken":7.0},{"damage_healed":0,"gold_gain":100,"player_choice":"Pray","damage_taken":0,"max_hp_gain":0,"max_hp_loss":0,"event_name":"Golden Shrine","floor":14,"gold_loss":0}],"is_beta":false,"boss_relics":[],"items_purged_floors":[],"is_endless":false,"potions_floor_spawned":[1,6,8,11,13],"killed_by":"The Guardian","ascension_level":13}}