{"host":"aqym1xxr3lb31d9m","time":1610962713,"event":{"mods":["BaseMod","Block Reminder","Colored Map","Colored Powertips","DeckTracker","Highlight Path","Minty Spire (QoL Compilation)","Quick Restart","Random Character Button","StSLib","SuperFastMode","UnlockEverythingMod"],"gold_per_floor":[369,369,394,353,404,404,417,417,417,433,272,272,272],"floor_reached":12,"language":"JPN","playtime":1939,"items_purged":[],"score":136,"play_id":"2ef5d228-3439-4350-b2ba-b23b560d2b39","local_time":"20210118183833","is_ascension_mode":true,"campfire_choices":[{"data":"Doom and Gloom","floor":6,"key":"SMITH"},{"data":"Conserve Battery","floor":8,"key":"SMITH"}],"circlet_count":0,"master_deck":["AscendersBane","Strike_B+1","Strike_B","Strike_B+1","Strike_B","Defend_B","Defend_B","Defend_B","Defend_B","Zap","Dualcast","Clumsy","Doom and Gloom+1","Genetic Algorithm","Conserve Battery+1","Glacier"],"relics":["Cracked Core","Golden Idol","Whetstone","Bag of Preparation","ClockworkSouvenir"],"acts_visited":["Exordium"],"potions_floor_usage":[],"damage_taken":[{"damage":2,"enemies":"Cultist","floor":1,"turns":4},{"damage":7,"enemies":"Jaw Worm","floor":3,"turns":3},{"damage":6,"enemies":"2 Louse","floor":7,"turns":2},{"damage":3,"enemies":"Looter","floor":10,"turns":4},{"damage":24,"enemies":"Gremlin Nob","floor":12,"turns":3}],"seed_played":"8302092875671321140","potions_obtained":[{"floor":7,"key":"SpeedPotion"},{"floor":10,"key":"FocusPotion"}],"is_trial":false,"path_per_floor":["M","?","M","?","T","R","M","R","T","M","$","E"],"character_chosen":"DEFECT","items_purchased":["ClockworkSouvenir"],"campfire_rested":0,"item_purchase_floors":[11],"current_hp_per_floor":[62,38,31,31,31,31,25,25,25,22,22,0,0],"gold":272,"neow_bonus":"TWO_FIFTY_GOLD","is_daily":false,"chose_seed":false,"campfire_upgraded":2,"win_rate":0.0,"timestamp":1610962713,"path_taken":["M","?","M","?","?","R","M","R","T","M","$","E"],"items_purchased_type":["Relic"],"build_version":"2020-12-22","purchased_purges":0,"victory":false,"max_hp_per_floor":[71,71,71,71,71,71,71,71,71,71,71,71,71],"card_choices":[{"not_picked":["Streamline","Cold Snap"],"picked":"Doom and Gloom","floor":1},{"not_picked":["Compile Driver","Conserve Battery"],"picked":"Genetic Algorithm","floor":3},{"not_picked":["Turbo","Sweeping Beam"],"picked":"Conserve Battery","floor":7},{"not_picked":["Hello World","Leap"],"picked":"Glacier","floor":10}],"player_experience":3946608,"relics_obtained":[{"floor":5,"key":"Whetstone"},{"floor":9,"key":"Bag of Preparation"}],"event_choices":[{"damage_healed":0,"gold_gain":0,"player_choice":"Take Damage","damage_taken":24,"relics_obtained":["Golden Idol"],"max_hp_gain":0,"max_hp_loss":0,"event_name":"Golden Idol","floor":2,"gold_loss":0},{"damage_healed":0,"gold_gain":0,"player_choice":"Left Gold","damage_taken":0,"max_hp_gain":0,"max_hp_loss":0,"event_name":"World of Goop","floor":4,"gold_loss":41}],"is_beta":false,"boss_relics":[],"items_purged_floors":[],"is_endless":false,"potions_floor_spawned":[7,10],"killed_by":"Gremlin Nob","ascension_level":20}}