{"host":"oehe2dxjvdgux73m","time":1610957679,"event":{"mods":["AchievementEnabler","BaseMod","Colored Map","Colored Powertips","DeckTracker","Keyboard Shortcuts","Minty Spire (QoL Compilation)","Permanent Neow","Quick Restart","StSLib","SuperFastMode"],"gold_per_floor":[115,115,131,131,148,148,174,174,200,211,225,260,270,50,50,149,149,165,165,176,251,261,261,271,271,271,284,296,310,310,310,310,408,408,425,425,441,8,21,21,21],"floor_reached":40,"language":"KOR","playtime":1499,"items_purged":["Strike_B","Strike_B"],"score":467,"play_id":"69c1b154-19ce-4fea-8f22-e4060f17d77b","local_time":"20210118171439","is_ascension_mode":true,"campfire_choices":[{"data":"Fusion","floor":6.0,"key":"SMITH"},{"data":"Blizzard","floor":8.0,"key":"SMITH"},{"floor":15.0,"key":"REST"},{"floor":23.0,"key":"REST"},{"data":"Fission","floor":25.0,"key":"SMITH"},{"data":"Rainbow","floor":30.0,"key":"SMITH"},{"floor":32,"key":"REST"}],"circlet_count":0,"master_deck":["Strike_B","Strike_B","Defend_B","Defend_B","Defend_B","Defend_B","Zap+1","Dualcast","Rainbow+1","Conserve Battery","Fusion+1","Glacier","Conserve Battery+1","Blizzard+1","Cold Snap","Capacitor","Fission+1","CurseOfTheBell","Streamline+1","Necronomicurse","Conserve Battery+1","Glacier","Cold Snap+1","Cold Snap+1","Ball Lightning+1","Echo Form","Static Discharge+1","Chill","Coolheaded","Go for the Eyes+1","Redo+1"],"relics":["Cracked Core","Darkstone Periapt","Mercury Hourglass","Art of War","Orichalcum","Oddly Smooth Stone","Calling Bell","Molten Egg 2","Mango","War Paint","Necronomicon","Girya","Nuclear Battery","Anchor","Letter Opener"],"acts_visited":["Exordium","TheCity","TheBeyond"],"potions_floor_usage":[31],"damage_taken":[{"damage":0.0,"enemies":"Cultist","floor":1.0,"turns":4.0},{"damage":3.0,"enemies":"2 Louse","floor":3.0,"turns":3.0},{"damage":3.0,"enemies":"Jaw Worm","floor":5.0,"turns":5.0},{"damage":23.0,"enemies":"Lagavulin","floor":7.0,"turns":9.0},{"damage":3.0,"enemies":"Large Slime","floor":10.0,"turns":4.0},{"damage":7.0,"enemies":"Red Slaver","floor":11.0,"turns":3.0},{"damage":13.0,"enemies":"Gremlin Nob","floor":12.0,"turns":5.0},{"damage":8.0,"enemies":"2 Fungi Beasts","floor":13.0,"turns":3.0},{"damage":40.0,"enemies":"Slime Boss","floor":16.0,"turns":11.0},{"damage":5.0,"enemies":"Spheric Guardian","floor":18.0,"turns":5.0},{"damage":5.0,"enemies":"3 Byrds","floor":20.0,"turns":4.0},{"damage":32.0,"enemies":"3 Cultists","floor":22.0,"turns":6.0},{"damage":15.0,"enemies":"Sentry and Sphere","floor":24.0,"turns":6.0},{"damage":0.0,"enemies":"Snecko","floor":27.0,"turns":5.0},{"damage":12.0,"enemies":"Snake Plant","floor":28.0,"turns":4.0},{"damage":9.0,"enemies":"Chosen and Byrds","floor":29.0,"turns":7.0},{"damage":4,"enemies":"Colosseum Slavers","floor":31,"turns":3},{"damage":85,"enemies":"Champ","floor":33,"turns":14},{"damage":7,"enemies":"3 Darklings","floor":35,"turns":7},{"damage":18,"enemies":"3 Shapes","floor":37,"turns":5},{"damage":12,"enemies":"Spire Growth","floor":39,"turns":6},{"damage":71,"enemies":"Nemesis","floor":40,"turns":8}],"seed_played":"4624737039339847214","potions_obtained":[{"floor":3.0,"key":"SneckoOil"},{"floor":7.0,"key":"AttackPotion"},{"floor":11.0,"key":"FairyPotion"},{"floor":12.0,"key":"FairyPotion"},{"floor":18.0,"key":"SteroidPotion"},{"floor":28.0,"key":"SmokeBomb"}],"is_trial":false,"path_per_floor":["M","T","M","?","M","R","E","R","T","M","M","E","M","$","R","B",null,"M","?","M","?","M","R","M","R","T","M","M","M","R","?","R","B",null,"M","?","M","$","M","E"],"character_chosen":"DEFECT","items_purchased":["Oddly Smooth Stone","Coolheaded","Go for the Eyes+1","Letter Opener"],"campfire_rested":3,"item_purchase_floors":[14,38,38,38],"current_hp_per_floor":[75,75,72,72,69,69,46,46,46,43,36,23,15,15,37,22,95,90,80,75,65,33,63,48,48,48,48,36,27,27,23,53,15,101,94,94,76,76,64,0,0],"gold":21,"neow_bonus":"ONE_RANDOM_RARE_CARD","is_daily":false,"chose_seed":false,"campfire_upgraded":4,"win_rate":0.0,"timestamp":1610957679,"path_taken":["M","?","M","?","M","R","E","R","T","?","M","E","M","?","R","BOSS","M","?","M","?","M","R","M","R","T","?","M","M","R","?","R","BOSS","M","?","M","$","M","E"],"items_purchased_type":["Relic","Card","Card","Relic"],"build_version":"2020-12-22","purchased_purges":2,"victory":false,"max_hp_per_floor":[75,75,75,75,75,75,75,75,75,75,75,75,75,75,75,75,95,95,101,101,101,101,101,101,101,101,101,101,101,101,101,101,101,101,101,101,101,101,101,101,101],"card_choices":[{"not_picked":["Stack","Auto Shields"],"picked":"Conserve Battery","floor":1.0},{"not_picked":["Go for the Eyes","Sunder"],"picked":"Fusion","floor":3.0},{"not_picked":["Gash","Leap"],"picked":"Conserve Battery","floor":5.0},{"not_picked":["Compile Driver","Recycle"],"picked":"Blizzard","floor":7.0},{"not_picked":["Hologram","Conserve Battery"],"picked":"Cold Snap","floor":10.0},{"not_picked":["Stack","Gash"],"picked":"Capacitor","floor":11.0},{"not_picked":["Melter","Conserve Battery","Streamline"],"picked":"SKIP","floor":12.0},{"not_picked":["Beam Cell","Capacitor","Redo"],"picked":"SKIP","floor":13.0},{"not_picked":["Amplify","Hyperbeam"],"picked":"Fission","floor":16.0},{"not_picked":["Steam+1","Turbo"],"picked":"Streamline+1","floor":18.0},{"not_picked":["Force Field","Compile Driver+1"],"picked":"Conserve Battery+1","floor":20.0},{"not_picked":["Scrape+1","Consume"],"picked":"Glacier","floor":22.0},{"not_picked":["Capacitor+1","Rebound+1","Genetic Algorithm"],"picked":"SKIP","floor":24.0},{"not_picked":["Gash+1","Streamline+1"],"picked":"Cold Snap+1","floor":27.0},{"not_picked":["Sweeping Beam+1","Leap"],"picked":"Cold Snap+1","floor":28.0},{"not_picked":["Turbo","Thunder Strike+1"],"picked":"Ball Lightning+1","floor":29.0},{"not_picked":["Buffer","Fission"],"picked":"Echo Form","floor":33},{"not_picked":["Glacier","Sweeping Beam+1"],"picked":"Static Discharge+1","floor":35},{"not_picked":["Conserve Battery+1","Go for the Eyes+1"],"picked":"Chill","floor":37},{"not_picked":["Sweeping Beam+1","Conserve Battery+1"],"picked":"Redo+1","floor":39}],"player_experience":282065,"relics_obtained":[{"floor":2.0,"key":"Darkstone Periapt"},{"floor":7.0,"key":"Mercury Hourglass"},{"floor":9.0,"key":"Art of War"},{"floor":12.0,"key":"Orichalcum"},{"floor":17.0,"key":"Molten Egg 2"},{"floor":17.0,"key":"Mango"},{"floor":17.0,"key":"War Paint"},{"floor":19.0,"key":"Necronomicon"},{"floor":26.0,"key":"Girya"}],"event_choices":[{"damage_healed":0.0,"max_hp_gain":0.0,"max_hp_loss":0.0,"gold_gain":0.0,"event_name":"Match and Keep!","player_choice":"1 cards matched","floor":4.0,"gold_loss":0.0,"damage_taken":0.0,"cards_obtained":["Glacier"]},{"damage_healed":0.0,"max_hp_gain":0.0,"max_hp_loss":0.0,"gold_gain":0.0,"event_name":"Cursed Tome","player_choice":"Obtained Book","floor":19.0,"gold_loss":0.0,"damage_taken":16.0},{"damage_healed":0.0,"max_hp_gain":0.0,"max_hp_loss":0.0,"gold_gain":75.0,"event_name":"FaceTrader","player_choice":"Touch","floor":21.0,"gold_loss":0.0,"damage_taken":10.0},{"damage_healed":0,"gold_gain":0,"player_choice":"Fight","damage_taken":0,"max_hp_gain":0,"max_hp_loss":0,"event_name":"Colosseum","floor":31,"gold_loss":0},{"damage_healed":0,"gold_gain":0,"player_choice":"Fled From Nobs","damage_taken":0,"max_hp_gain":0,"max_hp_loss":0,"event_name":"Colosseum","floor":31,"gold_loss":0},{"damage_healed":0,"gold_gain":0,"player_choice":"Gave Potion","damage_taken":0,"relics_obtained":["Anchor"],"max_hp_gain":0,"max_hp_loss":0,"event_name":"WeMeetAgain","floor":36,"gold_loss":0}],"is_beta":false,"boss_relics":[{"not_picked":["Ectoplasm","Black Star"],"picked":"Calling Bell"},{"not_picked":["Cursed Key","Empty Cage"],"picked":"Nuclear Battery"}],"items_purged_floors":[14,38],"is_endless":false,"potions_floor_spawned":[3,7,11,12,18,28,29,31],"killed_by":"Nemesis","ascension_level":2}}