{"host":"qrbkigq52dd42dk0","time":1610979223,"event":{"mods":["AchievementEnabler","BaseMod","Colored Map","Colored Powertips","Minty Spire (QoL Compilation)","Quick Restart","StSLib","SuperFastMode","The IronCluck"],"gold_per_floor":[118,88,100,114,39,64,64,78,125,125,125,136,149,181,181,283,283,300,320,320,320,320],"floor_reached":21,"language":"ENG","playtime":502,"items_purged":["Bash"],"score":346,"play_id":"a043ab7a-e504-4a96-9cd5-58ff712d94b9","local_time":"20210118151343","is_ascension_mode":true,"campfire_choices":[{"data":"Uppercut","floor":7,"key":"SMITH"},{"data":"Limit Break","floor":15,"key":"SMITH"}],"circlet_count":0,"master_deck":["AscendersBane","Strike_R","Strike_R","Strike_R","Defend_R","Defend_R","Defend_R","Defend_R","Shrug It Off","Uppercut+1","Limit Break+1","Inflame","Heavy Blade","Bludgeon","Shrug It Off"],"relics":["Burning Blood","NeowsBlessing","Eternal Feather","MealTicket","Omamori","Black Star","Pantograph"],"acts_visited":["Exordium","TheCity"],"potions_floor_usage":[6,19],"damage_taken":[{"damage":0,"enemies":"2 Louse","floor":1,"turns":1},{"damage":0,"enemies":"Cultist","floor":3,"turns":1},{"damage":0,"enemies":"Jaw Worm","floor":4,"turns":1},{"damage":45,"enemies":"Lagavulin","floor":6,"turns":7},{"damage":5,"enemies":"Exordium Wildlife","floor":8,"turns":5},{"damage":3,"enemies":"Looter","floor":12,"turns":3},{"damage":18,"enemies":"Large Slime","floor":13,"turns":9},{"damage":17,"enemies":"Gremlin Nob","floor":14,"turns":4},{"damage":38,"enemies":"Slime Boss","floor":16,"turns":8},{"damage":40,"enemies":"Chosen","floor":18,"turns":6},{"damage":29,"enemies":"Shell Parasite","floor":19,"turns":6},{"damage":0,"enemies":"Shelled Parasite and Fungi","floor":21,"turns":1}],"seed_played":"492719960688080146","potions_obtained":[{"floor":2,"key":"SkillPotion"},{"floor":2,"key":"LiquidMemories"},{"floor":3,"key":"FairyPotion"},{"floor":6,"key":"Energy Potion"},{"floor":18,"key":"Ancient Potion"}],"is_trial":false,"path_per_floor":["M","?","M","M","$","E","R","M","T","?","?","M","M","E","R","B",null,"M","M","T","M"],"character_chosen":"IRONCLAD","items_purchased":[],"campfire_rested":0,"item_purchase_floors":[],"current_hp_per_floor":[78,78,80,80,80,41,47,48,48,41,41,44,32,21,27,30,68,34,11,11,11,11],"gold":320,"neow_bonus":"THREE_ENEMY_KILL","is_daily":false,"chose_seed":false,"campfire_upgraded":2,"win_rate":0.0,"timestamp":1610979223,"path_taken":["M","?","?","M","$","E","R","M","T","?","?","?","M","E","R","BOSS","M","M","?","?"],"items_purchased_type":[],"build_version":"2020-12-22","purchased_purges":1,"victory":false,"max_hp_per_floor":[80,80,80,80,80,80,80,80,80,80,80,80,80,80,80,80,80,80,80,80,80,80],"card_choices":[{"not_picked":["Warcry","Headbutt"],"picked":"Shrug It Off","floor":1},{"not_picked":["Cleave","Ghostly Armor"],"picked":"Uppercut","floor":3},{"not_picked":["Evolve","Inflame","Dropkick"],"picked":"SKIP","floor":4},{"not_picked":["Clash","Searing Blow","Intimidate"],"picked":"SKIP","floor":6},{"not_picked":["Flex","Headbutt","Armaments"],"picked":"SKIP","floor":8},{"not_picked":["Pummel","Uppercut"],"picked":"Limit Break","floor":12},{"not_picked":["Second Wind","Fire Breathing"],"picked":"Inflame","floor":13},{"not_picked":["Thunderclap","Warcry"],"picked":"Heavy Blade","floor":14},{"not_picked":["Barricade","Demon Form"],"picked":"Bludgeon","floor":16},{"not_picked":["Armaments","Searing Blow","Sword Boomerang"],"picked":"SKIP","floor":18},{"not_picked":["Carnage","Sentinel"],"picked":"Shrug It Off","floor":19}],"player_experience":167486,"relics_obtained":[{"floor":6,"key":"Eternal Feather"},{"floor":9,"key":"MealTicket"},{"floor":14,"key":"Omamori"},{"floor":20,"key":"Pantograph"}],"event_choices":[{"damage_healed":0,"gold_gain":0,"player_choice":"Bought 2 Potions","damage_taken":0,"max_hp_gain":0,"max_hp_loss":0,"event_name":"The Woman in Blue","floor":2,"gold_loss":0},{"cards_removed":["Strike_R"],"damage_healed":0,"gold_gain":0,"player_choice":"Card Removal","damage_taken":7,"max_hp_gain":0,"max_hp_loss":0,"event_name":"Golden Wing","floor":10,"gold_loss":0},{"cards_removed":["Strike_R"],"damage_healed":0,"gold_gain":0,"player_choice":"Purged","damage_taken":0,"max_hp_gain":0,"max_hp_loss":0,"event_name":"Purifier","floor":11,"gold_loss":0}],"is_beta":false,"boss_relics":[{"not_picked":["Velvet Choker","Runic Pyramid"],"picked":"Black Star"}],"items_purged_floors":[5],"is_endless":false,"potions_floor_spawned":[3,6,8,18],"killed_by":"Shelled Parasite and Fungi","ascension_level":12}}