{"host":"krqozg1tp0zpuvz3","time":1610932589,"event":{"mods":["AchievementEnabler","BaseMod","Better Altar","Better Match","Better Note","Better Sensory Stone","Better Third Choice","BetterRewards","Colored Map","DeckTracker","Keyboard Shortcuts","Minty Spire (QoL Compilation)","Permanent Neow","Relic Stats","Shop Mod","StSLib","SuperFastMode"],"gold_per_floor":[119,133,152,77,89,89,100,100,151,76,76,38,38,56,56,152,152,173,198,198,198,198],"floor_reached":21,"language":"KOR","playtime":651,"items_purged":["Strike_P"],"score":282,"play_id":"a6bab20d-4ced-4812-8f3e-e2c614099067","local_time":"20210118101629","is_ascension_mode":true,"campfire_choices":[{"floor":6,"key":"REST"},{"data":"Eruption","floor":13,"key":"SMITH"},{"data":"MentalFortress","floor":15,"key":"SMITH"}],"circlet_count":0,"master_deck":["AscendersBane","Strike_P","Strike_P","Defend_P","Defend_P","Defend_P","Defend_P","Eruption+1","Vigilance","FlurryOfBlows","FollowUp","FearNoEvil","Halt","Crescendo","JustLucky","Sanctity","MentalFortress+1","WheelKick","Ragnarok"],"relics":["PureWater","Calipers","Centennial Puzzle","Pantograph","ClockworkSouvenir","MealTicket","Golden Idol","SlaversCollar","betterThird:NestCultRelic"],"acts_visited":["Exordium","TheCity"],"potions_floor_usage":[7,16,16,18],"damage_taken":[{"damage":2,"enemies":"Small Slimes","floor":1,"turns":2},{"damage":1,"enemies":"Cultist","floor":2,"turns":3},{"damage":0,"enemies":"2 Louse","floor":3,"turns":3},{"damage":5,"enemies":"Exordium Wildlife","floor":5,"turns":3},{"damage":0,"enemies":"Looter","floor":7,"turns":2},{"damage":3,"enemies":"Blue Slaver","floor":14,"turns":3},{"damage":34,"enemies":"Hexaghost","floor":16,"turns":8},{"damage":0,"enemies":"Chosen","floor":18,"turns":4},{"damage":15,"enemies":"2 Thieves","floor":19,"turns":3},{"damage":0,"enemies":"Snake Plant","floor":21,"turns":1}],"seed_played":"-4024327519048100649","potions_obtained":[{"floor":2,"key":"DistilledChaos"},{"floor":14,"key":"StancePotion"},{"floor":16,"key":"PowerPotion"}],"is_trial":false,"path_per_floor":["M","M","M","?","M","R","M","?","T","$","?","$","R","M","R","B",null,"M","M","?","M"],"character_chosen":"WATCHER","items_purchased":["FlurryOfBlows","FollowUp","Centennial Puzzle","Pantograph","ClockworkSouvenir","Strength Potion","MentalFortress"],"campfire_rested":1,"item_purchase_floors":[0,0,0,0,0,0,12],"current_hp_per_floor":[31,30,30,30,25,46,46,39,39,54,54,67,67,64,64,33,59,59,44,44,44,44],"gold":198,"neow_bonus":"","is_daily":false,"chose_seed":false,"campfire_upgraded":2,"win_rate":0.0,"timestamp":1610932589,"path_taken":["M","M","M","?","M","R","M","?","T","?","?","$","R","?","R","BOSS","M","M","?","M"],"items_purchased_type":["Card","Card","Relic","Relic","Relic","Potion","Card"],"build_version":"2020-12-22","purchased_purges":1,"victory":false,"max_hp_per_floor":[72,72,72,72,72,72,72,72,72,72,67,67,67,67,67,67,67,67,67,67,67,67],"relic_stats":{"Centennial Puzzle":[18],"counters":[10,32],"Golden Idol":32,"Pantograph":3,"MealTicket":28,"obtain_stats":[{"Calipers":0,"Golden Idol":11,"betterThird:NestCultRelic":20,"Frozen Egg 2":0,"ClockworkSouvenir":0,"SlaversCollar":17,"Centennial Puzzle":0,"Bird Faced Urn":0,"Pantograph":0,"MealTicket":9,"PureWater":0,"FossilizedHelix":0,"Unceasing Top":0},{"Calipers":0,"Golden Idol":5,"betterThird:NestCultRelic":9,"Frozen Egg 2":0,"ClockworkSouvenir":0,"SlaversCollar":7,"Centennial Puzzle":0,"Bird Faced Urn":0,"Pantograph":0,"MealTicket":5,"PureWater":0,"FossilizedHelix":0,"Unceasing Top":0},{"Calipers":0,"Golden Idol":13,"betterThird:NestCultRelic":31,"Frozen Egg 2":0,"ClockworkSouvenir":0,"SlaversCollar":24,"Centennial Puzzle":0,"Bird Faced Urn":0,"Pantograph":0,"MealTicket":13,"PureWater":0,"FossilizedHelix":0,"Unceasing Top":0}]},"card_choices":[{"not_picked":["Wallop","FlyingSleeves"],"picked":"FearNoEvil","floor":1},{"not_picked":["Wallop","Evaluate"],"picked":"Halt","floor":2},{"not_picked":["Consecrate","WreathOfFlame"],"picked":"Crescendo","floor":3},{"not_picked":["Establishment","Prostrate"],"picked":"JustLucky","floor":5},{"not_picked":["Collect","BattleHymn"],"picked":"Sanctity","floor":7},{"not_picked":["SashWhip","WreathOfFlame"],"picked":"WheelKick","floor":14},{"not_picked":["Brilliance","Establishment"],"picked":"Ragnarok","floor":16},{"not_picked":["Evaluate","Sanctity","EmptyFist"],"picked":"SKIP","floor":18},{"not_picked":["Prostrate","Evaluate","Consecrate"],"picked":"SKIP","floor":19}],"player_experience":339683,"relics_obtained":[{"floor":9,"key":"MealTicket"}],"event_choices":[{"damage_healed":0,"gold_gain":0,"player_choice":"2","damage_taken":0,"max_hp_gain":0,"max_hp_loss":0,"event_name":"betterMatch:BetterMatch","floor":4,"gold_loss":0,"cards_obtained":[]},{"cards_removed":["Strike_P"],"damage_healed":0,"gold_gain":0,"player_choice":"Card Removal","damage_taken":7,"max_hp_gain":0,"max_hp_loss":0,"event_name":"Golden Wing","floor":8,"gold_loss":0},{"damage_healed":0,"gold_gain":0,"player_choice":"Lose Max HP","damage_taken":0,"relics_obtained":["Golden Idol"],"max_hp_gain":0,"max_hp_loss":5,"event_name":"Golden Idol","floor":11,"gold_loss":0},{"damage_healed":0,"gold_gain":0,"player_choice":"Madness","damage_taken":0,"relics_obtained":["betterThird:NestCultRelic"],"max_hp_gain":0,"max_hp_loss":0,"event_name":"betterThird:BetterNest","floor":20,"gold_loss":0}],"is_beta":false,"boss_relics":[{"not_picked":["Ectoplasm","SacredBark"],"picked":"SlaversCollar"}],"items_purged_floors":[10],"is_endless":false,"potions_floor_spawned":[2,14,16],"killed_by":"Snake Plant","ascension_level":13}}