{"host":"hrp2gnzf6w2vk8p2","time":1610980250,"event":{"mods":["AchievementEnabler","Act Like it!","BaseMod","Better Third Choice","BetterRewards","Colored Powertips","Conspire","DeckTracker","Gensokyo","Hallownest","Hermit","Highlight Path","Hubris","Infinite Spire","Jorbs\u0027s Wanderer Trilogy","Lobotomy","Marisa????????","Minty Spire (QoL Compilation)","Replay The Spire","StSLib","The Animator","The Bug Knight","The Construct","The Cursed","The Disciple","The Hierophant","The Jungle","The Mystic","The Necromancer","The Runesmith","The Servant 0.9.4"],"gold_per_floor":[112,20,33,51,68,68,68,87,87,120,137,197,297,312,312,411,411,429,429,429],"floor_reached":19,"language":"ENG","playtime":1871,"items_purged":[],"score":173,"play_id":"41579e09-e03e-4759-b705-5900e8ef5ff6","local_time":"20210118153050","is_ascension_mode":false,"campfire_choices":[{"data":"Crystallizer","floor":7.0,"key":"SMITH"}],"circlet_count":0,"master_deck":["Strike_B","Strike_B","Strike_B","Strike_B","Defend_B","Defend_B","Defend_B","Defend_B","Zap","Dualcast","Crystallizer+1","Consume","Streamline","Steam","Seek","Conserve Battery","Pain","Stack+1","ReplayTheSpireMod:Omega Cannon","BootSequence","Panic Button","Double Energy","Creative AI","Fusion"],"relics":["Cracked Core","WarpedTongs","Boot","hubris:MobiusCoin","construct:WeddingRing"],"acts_visited":["Exordium","TheCity"],"potions_floor_usage":[16,16],"damage_taken":[{"damage":15.0,"enemies":"infinitespire:Voidling","floor":1.0,"turns":5.0},{"damage":1.0,"enemies":"Cultist","floor":3.0,"turns":3.0},{"damage":0.0,"enemies":"2 Louse","floor":4.0,"turns":2.0},{"damage":3.0,"enemies":"Red Slaver","floor":5.0,"turns":3.0},{"damage":15.0,"enemies":"Lots of Slimes","floor":8.0,"turns":5.0},{"damage":23,"enemies":"HollowMod:MossKnight","floor":10,"turns":9},{"damage":8,"enemies":"Exordium Wildlife","floor":11,"turns":3},{"damage":7,"enemies":"Large Slime","floor":12,"turns":6},{"damage":0,"enemies":"Red Slaver","floor":14,"turns":2},{"damage":44,"enemies":"Fading Forest","floor":16,"turns":11},{"damage":2,"enemies":"Chosen","floor":18,"turns":4},{"damage":84,"enemies":"conspire:FuzzyDice","floor":19,"turns":7}],"seed_played":"-6126100507069938280","potions_obtained":[{"floor":1.0,"key":"SkillPotion"},{"floor":3.0,"key":"SneckoOil"},{"floor":5.0,"key":"Venom Potion"}],"is_trial":false,"path_per_floor":["M","$","M","M","M","?","R","M","T","E","M","M","?","M","R","B",null,"M","M"],"character_chosen":"DEFECT","items_purchased":["Consume","Streamline"],"campfire_rested":0,"item_purchase_floors":[2,2],"current_hp_per_floor":[74,74,73,73,70,70,70,55,55,32,24,17,17,17,41,19,82,80,0,0],"gold":429,"neow_bonus":"TEN_PERCENT_HP_BONUS","is_daily":false,"chose_seed":false,"campfire_upgraded":1,"win_rate":0.0,"timestamp":1610980250,"path_taken":["M","$","M","M","?","?","R","?","T","E","M","M","?","M","R","BOSS","M","M"],"items_purchased_type":["Card","Card"],"build_version":"2020-12-22","purchased_purges":0,"victory":false,"max_hp_per_floor":[82,82,82,82,82,82,82,82,82,82,82,82,82,82,82,82,82,82,82,82],"card_choices":[{"not_picked":["Stack","Hologram"],"picked":"Crystallizer","floor":1.0},{"not_picked":["ReplayGash","Streamline"],"picked":"Steam","floor":3.0},{"not_picked":["Beam Cell","Steam"],"picked":"Seek","floor":4.0},{"not_picked":["Force Field","Barrage"],"picked":"Conserve Battery","floor":5.0},{"not_picked":["Skim","Reinforced Body"],"picked":"Stack","floor":8.0},{"not_picked":["Hello World","Conserve Battery"],"picked":"ReplayTheSpireMod:Omega Cannon","floor":10},{"not_picked":["Go for the Eyes","Cold Snap"],"picked":"BootSequence","floor":11},{"not_picked":["Auto Shields","Go for the Eyes"],"picked":"Panic Button","floor":12},{"not_picked":["Streamline","Redo"],"picked":"Double Energy","floor":14},{"not_picked":["ReplayTheSpireMod:Fabricate Wheel","Machine Learning"],"picked":"Creative AI","floor":16},{"not_picked":["Leap","Stack"],"picked":"Fusion","floor":18}],"player_experience":11216,"relics_obtained":[{"floor":9,"key":"Boot"},{"floor":10,"key":"hubris:MobiusCoin"}],"event_choices":[{"damage_healed":0.0,"max_hp_gain":0.0,"max_hp_loss":0.0,"gold_gain":0.0,"event_name":"Accursed Blacksmith","player_choice":"Rummage","floor":6.0,"gold_loss":0.0,"damage_taken":0.0,"relics_obtained":["WarpedTongs"],"cards_obtained":["Pain"]},{"damage_healed":0,"gold_gain":100,"player_choice":"Pray","damage_taken":0,"max_hp_gain":0,"max_hp_loss":0,"event_name":"Golden Shrine","floor":13,"gold_loss":0}],"is_beta":false,"boss_relics":[{"not_picked":["hubris:ScarierMask","Velvet Choker"],"picked":"construct:WeddingRing"}],"items_purged_floors":[],"is_endless":false,"potions_floor_spawned":[1,3,5],"killed_by":"conspire:FuzzyDice","ascension_level":0}}