{"host":"rolltorest","time":1610932665,"event":{"mods":["BaseMod","Minty Spire (QoL Compilation)","Relic Stats","Slay the Relics Exporter","StSLib"],"gold_per_floor":[114,114,127,177,192,217,217,249,303,303,54,54,72,84,84,84,84],"floor_reached":16,"language":"ENG","playtime":755,"items_purged":[],"score":220,"play_id":"6f022500-98e3-4c93-9509-908951c9b2ec","local_time":"20210117171745","is_ascension_mode":true,"campfire_choices":[{"floor":7,"key":"REST"},{"data":"Multi-Cast","floor":10,"key":"SMITH"},{"data":"Zap","floor":12,"key":"SMITH"},{"data":"Undo","floor":15,"key":"SMITH"}],"circlet_count":0,"master_deck":["AscendersBane","Strike_B","Strike_B","Defend_B","Defend_B","Defend_B","Zap+1","Dualcast","Leap+1","Auto Shields+1","Cold Snap+1","Ball Lightning+1","Conserve Battery","Cold Snap","Multi-Cast+1","Compile Driver","Core Surge","Hologram","Undo+1"],"relics":["Astrolabe","InkBottle","Tiny Chest","Smiling Mask","Membership Card"],"acts_visited":["Exordium"],"potions_floor_usage":[6,8],"damage_taken":[{"damage":0,"enemies":"Small Slimes","floor":1,"turns":5},{"damage":0,"enemies":"Cultist","floor":3,"turns":4},{"damage":0,"enemies":"Jaw Worm","floor":5,"turns":3},{"damage":29,"enemies":"Gremlin Nob","floor":6,"turns":5},{"damage":16,"enemies":"Lagavulin","floor":8,"turns":9},{"damage":0,"enemies":"Red Slaver","floor":13,"turns":3},{"damage":0,"enemies":"3 Louse","floor":14,"turns":3},{"damage":29,"enemies":"Slime Boss","floor":16,"turns":9}],"seed_played":"1062915597509103267","potions_obtained":[{"floor":5,"key":"EntropicBrew"},{"floor":13,"key":"Strength Potion"}],"is_trial":false,"path_per_floor":["M","?","M","?","M","E","R","E","T","R","$","R","M","M","R","B"],"character_chosen":"DEFECT","items_purchased":["Membership Card","Core Surge"],"campfire_rested":1,"item_purchase_floors":[11,11],"current_hp_per_floor":[64,64,64,57,57,28,49,33,33,33,33,33,33,33,33,4,4],"gold":84,"neow_bonus":"BOSS_RELIC","is_daily":false,"chose_seed":false,"campfire_upgraded":3,"win_rate":0.0,"timestamp":1610932665,"path_taken":["M","?","?","?","?","E","R","E","T","R","?","R","M","?","R","BOSS"],"items_purchased_type":["Relic","Card"],"build_version":"2020-12-18","purchased_purges":0,"victory":false,"max_hp_per_floor":[71,71,71,71,71,71,71,71,71,71,71,71,71,71,71,71,71],"relic_stats":{"counters":[8,41],"Astrolabe":["Leap","Auto Shields","Cold Snap"],"Tiny Chest":0,"Smiling Mask":0,"obtain_stats":[{"Astrolabe":0,"Tiny Chest":8,"Membership Card":11,"Cracked Core":0,"Smiling Mask":9,"InkBottle":6},{"Astrolabe":0,"Tiny Chest":5,"Membership Card":5,"Cracked Core":0,"Smiling Mask":5,"InkBottle":4},{"Astrolabe":0,"Tiny Chest":26,"Membership Card":26,"Cracked Core":0,"Smiling Mask":26,"InkBottle":17}],"InkBottle":[7]},"card_choices":[{"not_picked":["Cold Snap","Darkness"],"picked":"Ball Lightning","floor":1},{"not_picked":["White Noise","Steam Power"],"picked":"Conserve Battery","floor":3},{"not_picked":["Coolheaded","Reinforced Body"],"picked":"Cold Snap","floor":5},{"not_picked":["Beam Cell","Leap"],"picked":"Multi-Cast","floor":6},{"not_picked":["Melter","Barrage"],"picked":"Compile Driver","floor":8},{"not_picked":["Storm","Heatsinks"],"picked":"Hologram","floor":13},{"not_picked":["Steam","Compile Driver"],"picked":"Undo","floor":14}],"player_experience":1724958,"relics_obtained":[{"floor":6,"key":"InkBottle"},{"floor":8,"key":"Tiny Chest"},{"floor":9,"key":"Smiling Mask"}],"event_choices":[{"damage_healed":0,"gold_gain":0,"player_choice":"Upgraded","damage_taken":0,"max_hp_gain":0,"max_hp_loss":0,"event_name":"Upgrade Shrine","floor":2,"gold_loss":0,"cards_upgraded":["Ball Lightning"]},{"damage_healed":0,"gold_gain":50,"player_choice":"Touch","damage_taken":7,"max_hp_gain":0,"max_hp_loss":0,"event_name":"FaceTrader","floor":4,"gold_loss":0}],"is_beta":true,"boss_relics":[],"items_purged_floors":[],"is_endless":false,"potions_floor_spawned":[5,6,13],"killed_by":"Slime Boss","ascension_level":20}}