{"host":"6azrrw3tf7wb0f4b","time":1610955619,"event":{"mods":["BaseMod","DeckTracker","Minty Spire (QoL Compilation)","SuperFastMode"],"gold_per_floor":[110,124,143,158,175,204,216,228,240,252,252],"floor_reached":10,"language":"KOR","playtime":219,"items_purged":[],"score":112,"play_id":"d516a6bf-7174-44df-830e-3acb9aa4690d","local_time":"20210118164019","is_ascension_mode":true,"campfire_choices":[{"data":"Eruption","floor":7,"key":"SMITH"}],"circlet_count":0,"master_deck":["AscendersBane","Strike_P","Strike_P","Strike_P","Defend_P","Defend_P","Defend_P","Defend_P","Eruption+1","Vigilance","CutThroughFate","SashWhip","CrushJoints","PathToVictory","Protect","EmptyBody"],"relics":["PureWater","MawBank","Calipers"],"acts_visited":["Exordium"],"potions_floor_usage":[4,10],"damage_taken":[{"damage":7,"enemies":"Jaw Worm","floor":1,"turns":3},{"damage":2,"enemies":"2 Louse","floor":2,"turns":3},{"damage":0,"enemies":"Small Slimes","floor":3,"turns":3},{"damage":1,"enemies":"Exordium Wildlife","floor":4,"turns":2},{"damage":4,"enemies":"2 Fungi Beasts","floor":5,"turns":3},{"damage":30,"enemies":"Gremlin Nob","floor":6,"turns":3},{"damage":16,"enemies":"3 Sentries","floor":10,"turns":6}],"seed_played":"-6413665159116161614","potions_obtained":[{"floor":1,"key":"Fire Potion"},{"floor":5,"key":"Dexterity Potion"}],"is_trial":false,"path_per_floor":["M","M","M","M","M","E","R","?","T","E"],"character_chosen":"WATCHER","items_purchased":[],"campfire_rested":0,"item_purchase_floors":[],"current_hp_per_floor":[58,56,56,55,51,21,21,21,21,5,5],"gold":252,"neow_bonus":"TRANSFORM_CARD","is_daily":false,"chose_seed":false,"campfire_upgraded":1,"win_rate":0.0,"timestamp":1610955619,"path_taken":["M","M","M","M","M","E","R","?","T","E"],"items_purchased_type":[],"build_version":"2020-12-22","purchased_purges":0,"victory":false,"max_hp_per_floor":[72,72,72,72,72,72,72,72,72,72,72],"card_choices":[{"not_picked":["DeceiveReality","PathToVictory"],"picked":"SashWhip","floor":1},{"not_picked":["PathToVictory","DeceiveReality"],"picked":"CrushJoints","floor":2},{"not_picked":["WindmillStrike","ClearTheMind"],"picked":"PathToVictory","floor":3},{"not_picked":["CutThroughFate","Nirvana"],"picked":"Protect","floor":4},{"not_picked":["SashWhip","CrushJoints"],"picked":"EmptyBody","floor":5},{"not_picked":["Evaluate","Consecrate","EmptyBody"],"picked":"SKIP","floor":6}],"player_experience":727899,"relics_obtained":[{"floor":6,"key":"MawBank"},{"floor":9,"key":"Calipers"}],"event_choices":[{"damage_healed":0,"gold_gain":0,"player_choice":"Fled","damage_taken":0,"max_hp_gain":0,"max_hp_loss":0,"event_name":"Scrap Ooze","floor":8,"gold_loss":0}],"is_beta":false,"boss_relics":[],"items_purged_floors":[],"is_endless":false,"potions_floor_spawned":[1,5],"killed_by":"3 Sentries","ascension_level":12}}