{"host":"7l2t4psy44vpcd9q","time":1610935386,"event":{"mods":["AchievementEnabler","BaseMod","DeckTracker","Minty Spire (QoL Compilation)","SuperFastMode"],"gold_per_floor":[109,109,109,109,121,121,155,155,180,198,215,243,254,254,254,330,330,342,353,62,75,87,87,12,62,113,140,152,152],"floor_reached":28,"language":"KOR","playtime":866,"items_purged":[],"score":546,"play_id":"b323a5a4-62ef-41b7-b1d4-5ead75716c8d","local_time":"20210118110306","is_ascension_mode":true,"campfire_choices":[{"data":"Zap","floor":6,"key":"SMITH"},{"data":"Defragment","floor":8,"key":"SMITH"},{"floor":15,"key":"REST"},{"data":"Electrodynamics","floor":23,"key":"SMITH"}],"circlet_count":0,"master_deck":["AscendersBane","Strike_B","Strike_B","Strike_B","Strike_B","Defend_B","Defend_B","Defend_B","Defend_B","Zap+1","Dualcast","Defragment+1","Storm","Compile Driver","FTL","Beam Cell+1","BootSequence","Auto Shields","Electrodynamics+1","Coolheaded","Tempest","Apotheosis","Force Field","Capacitor","Recycle"],"relics":["Cracked Core","NeowsBlessing","Shuriken","Incense Burner","Bronze Scales","MealTicket","Snecko Eye","Art of War","MawBank"],"acts_visited":["Exordium","TheCity"],"potions_floor_usage":[11,11,16,22,22,22],"damage_taken":[{"damage":0,"enemies":"Small Slimes","floor":1,"turns":1},{"damage":0,"enemies":"2 Louse","floor":5,"turns":1},{"damage":0,"enemies":"Gremlin Nob","floor":7,"turns":1},{"damage":0,"enemies":"Jaw Worm","floor":10,"turns":3},{"damage":11,"enemies":"Gremlin Gang","floor":11,"turns":4},{"damage":15,"enemies":"Lagavulin","floor":12,"turns":6},{"damage":6,"enemies":"Blue Slaver","floor":13,"turns":3},{"damage":14,"enemies":"The Guardian","floor":16,"turns":9},{"damage":15,"enemies":"Spheric Guardian","floor":18,"turns":4},{"damage":0,"enemies":"Chosen","floor":19,"turns":3},{"damage":1,"enemies":"Snake Plant","floor":21,"turns":2},{"damage":1,"enemies":"Centurion and Healer","floor":22,"turns":3},{"damage":47,"enemies":"Gremlin Leader","floor":27,"turns":5},{"damage":25,"enemies":"Shelled Parasite and Fungi","floor":28,"turns":2}],"seed_played":"1619221706319480785","potions_obtained":[{"floor":1,"key":"Ancient Potion"},{"floor":7,"key":"DuplicationPotion"},{"floor":10,"key":"EssenceOfSteel"},{"floor":11,"key":"CultistPotion"},{"floor":18,"key":"GamblersBrew"}],"is_trial":false,"path_per_floor":["M","$","?","?","M","R","E","R","T","M","M","E","M","?","R","B",null,"M","M","$","M","M","R","$","?","T","E","M"],"character_chosen":"DEFECT","items_purchased":["Apotheosis","EntropicBrew","Capacitor"],"campfire_rested":1,"item_purchase_floors":[20,20,24],"current_hp_per_floor":[64,64,64,53,53,53,53,53,53,53,42,27,21,21,42,28,60,45,45,60,59,58,58,71,71,71,24,0,0],"gold":152,"neow_bonus":"THREE_ENEMY_KILL","is_daily":false,"chose_seed":false,"campfire_upgraded":3,"win_rate":0.0,"timestamp":1610935386,"path_taken":["M","$","?","?","M","R","E","R","T","M","M","E","M","?","R","BOSS","M","M","$","M","M","R","$","?","T","E","?"],"items_purchased_type":["Card","Potion","Card"],"build_version":"2020-12-22","purchased_purges":0,"victory":false,"max_hp_per_floor":[71,71,71,71,71,71,71,71,71,71,71,71,71,71,71,71,71,71,71,71,71,71,71,71,71,71,71,71,71],"card_choices":[{"not_picked":["Force Field","Double Energy"],"picked":"Defragment","floor":1},{"not_picked":["Skim","Scrape"],"picked":"Storm","floor":5},{"not_picked":["Blizzard","Hologram"],"picked":"Compile Driver","floor":7},{"not_picked":["Stack","Hologram"],"picked":"FTL","floor":10},{"not_picked":["Go for the Eyes","Turbo"],"picked":"Beam Cell","floor":11},{"not_picked":["Go for the Eyes","Beam Cell"],"picked":"BootSequence","floor":12},{"not_picked":["Scrape","Barrage"],"picked":"Auto Shields","floor":13},{"not_picked":["Meteor Strike","Thunder Strike"],"picked":"Electrodynamics","floor":16},{"not_picked":["Steam","Storm+1"],"picked":"Coolheaded","floor":18},{"not_picked":["Steam","Aggregate"],"picked":"Tempest","floor":19},{"not_picked":["Hologram","Conserve Battery"],"picked":"Force Field","floor":21},{"not_picked":["Hologram","Conserve Battery","Steam Power"],"picked":"SKIP","floor":22},{"not_picked":["Stack","Coolheaded"],"picked":"Recycle","floor":27}],"player_experience":1254134,"relics_obtained":[{"floor":7,"key":"Incense Burner"},{"floor":9,"key":"Bronze Scales"},{"floor":12,"key":"MealTicket"},{"floor":26,"key":"Art of War"},{"floor":27,"key":"MawBank"}],"event_choices":[{"damage_healed":0,"gold_gain":0,"player_choice":"Ignored","damage_taken":0,"max_hp_gain":0,"max_hp_loss":0,"event_name":"Liars Game","floor":3,"gold_loss":0},{"damage_healed":0,"gold_gain":0,"player_choice":"Success","damage_taken":11,"relics_obtained":["Shuriken"],"max_hp_gain":0,"max_hp_loss":0,"event_name":"Scrap Ooze","floor":4,"gold_loss":0},{"damage_healed":0,"gold_gain":0,"player_choice":"Grow","damage_taken":0,"max_hp_gain":0,"max_hp_loss":0,"event_name":"Living Wall","floor":14,"gold_loss":0,"cards_upgraded":["Beam Cell"]},{"damage_healed":0,"gold_gain":50,"player_choice":"Pray","damage_taken":0,"max_hp_gain":0,"max_hp_loss":0,"event_name":"Golden Shrine","floor":25,"gold_loss":0}],"is_beta":false,"boss_relics":[{"not_picked":["Ectoplasm","Runic Pyramid"],"picked":"Snecko Eye"}],"items_purged_floors":[],"is_endless":false,"potions_floor_spawned":[1,7,10,11,18,21],"killed_by":"Shelled Parasite and Fungi","ascension_level":20}}