{"host":"t4ahr8360jjehcuv","time":1610971306,"event":{"mods":["BaseMod","Colored Map","DeckTracker","Highlight Path","Keyboard Shortcuts","Minty Spire (QoL Compilation)","Permanent Neow","Quick Restart","SuperFastMode","everything is the same but u backflip on backflip"],"gold_per_floor":[18,35,51,64,74,74,105,280,351,351,369,12,12,31,31,136,136,147,161,52,67,98,125,135,35,35,47,77,121,148,170,182,297,309,334,356,388,416,650,662,689,701,713,446,462,154,174,192,192,192],"floor_reached":51,"language":"KOR","playtime":1899,"items_purged":["Doubt","Strike_B","Strike_B","Strike_B"],"score":774,"play_id":"4c2bd4a4-0ca5-4bbe-9736-42dea9992949","local_time":"20210118210146","is_ascension_mode":false,"campfire_choices":[{"data":"Dualcast","floor":6.0,"key":"SMITH"},{"floor":15.0,"key":"REST"},{"data":"Defragment","floor":27.0,"key":"SMITH"},{"floor":32.0,"key":"REST"},{"floor":42,"key":"REST"},{"data":"1","floor":49,"key":"LIFT"}],"circlet_count":0,"master_deck":["Defend_B","Defend_B","Defend_B","Defend_B","Zap","Dualcast+1","Electrodynamics","Coolheaded","Melter","Streamline","Chill","Go for the Eyes","Recycle","Defragment+1","Tempest","Core Surge","Loop+1","Auto Shields","Storm+1","BootSequence","Self Repair+1","Defragment+1","Biased Cognition+1","Skim+1","Conserve Battery","Lockon","Dramatic Entrance"],"relics":["Cracked Core","InkBottle","Mercury Hourglass","Mummified Hand","Frozen Egg 2","Inserter","Red Mask","Girya","MawBank","Ancient Tea Set","Fusion Hammer","Pear","Chemical X"],"acts_visited":["Exordium","TheCity","TheBeyond"],"potions_floor_usage":[45,50,50,50],"damage_taken":[{"damage":1.0,"enemies":"Cultist","floor":1.0,"turns":3.0},{"damage":4.0,"enemies":"Jaw Worm","floor":2.0,"turns":4.0},{"damage":1.0,"enemies":"Small Slimes","floor":3.0,"turns":3.0},{"damage":2.0,"enemies":"Exordium Wildlife","floor":4.0,"turns":4.0},{"damage":20.0,"enemies":"Gremlin Gang","floor":5.0,"turns":3.0},{"damage":24.0,"enemies":"Lagavulin","floor":7.0,"turns":7.0},{"damage":2.0,"enemies":"Blue Slaver","floor":11.0,"turns":2.0},{"damage":0.0,"enemies":"Exordium Thugs","floor":14.0,"turns":3.0},{"damage":0.0,"enemies":"Slime Boss","floor":16.0,"turns":5.0},{"damage":2.0,"enemies":"3 Byrds","floor":18.0,"turns":2.0},{"damage":9.0,"enemies":"2 Thieves","floor":19.0,"turns":3.0},{"damage":0.0,"enemies":"Chosen and Byrds","floor":21.0,"turns":4.0},{"damage":5.0,"enemies":"Masked Bandits","floor":22.0,"turns":2.0},{"damage":8.0,"enemies":"Gremlin Leader","floor":23.0,"turns":5.0},{"damage":7.0,"enemies":"Snecko","floor":24.0,"turns":4.0},{"damage":8.0,"enemies":"Snake Plant","floor":28.0,"turns":4.0},{"damage":9.0,"enemies":"Slavers","floor":29.0,"turns":2.0},{"damage":22.0,"enemies":"Shelled Parasite and Fungi","floor":30.0,"turns":3.0},{"damage":6.0,"enemies":"3 Cultists","floor":31.0,"turns":3.0},{"damage":24.0,"enemies":"Collector","floor":33.0,"turns":7.0},{"damage":0.0,"enemies":"3 Darklings","floor":35.0,"turns":2.0},{"damage":0.0,"enemies":"Orb Walker","floor":36.0,"turns":2.0},{"damage":28.0,"enemies":"Spire Growth","floor":37.0,"turns":4.0},{"damage":1.0,"enemies":"Transient","floor":38.0,"turns":5.0},{"damage":18,"enemies":"4 Shapes","floor":41,"turns":4},{"damage":1,"enemies":"Spire Growth","floor":45,"turns":3},{"damage":5,"enemies":"Writhing Mass","floor":47,"turns":4},{"damage":0,"enemies":"3 Darklings","floor":48,"turns":4},{"damage":28,"enemies":"Donu and Deca","floor":50,"turns":4}],"seed_played":"-814758472125257585","potions_obtained":[{"floor":2.0,"key":"Block Potion"},{"floor":7.0,"key":"FocusPotion"},{"floor":14.0,"key":"Block Potion"},{"floor":16.0,"key":"SpeedPotion"},{"floor":18.0,"key":"EntropicBrew"},{"floor":31.0,"key":"GamblersBrew"},{"floor":35.0,"key":"DuplicationPotion"},{"floor":36.0,"key":"Swift Potion"},{"floor":48,"key":"SkillPotion"}],"is_trial":false,"path_per_floor":["M","M","M","M","M","R","E","?","T","T","M","$","?","M","R","B",null,"M","M","$","M","?","E","M","$","T","R","M","E","M","M","R","B",null,"M","M","M","M","?","?","M","R","T","$","M","$","M","M","R","B",null],"character_chosen":"DEFECT","items_purchased":["Defragment","Frozen Egg 2","Loop+1","Auto Shields","Chemical X","Ancient Potion","Dramatic Entrance"],"campfire_rested":3,"item_purchase_floors":[12,12,20,20,44,46,46],"current_hp_per_floor":[74,70,69,67,47,47,23,23,23,23,21,21,14,14,36,36,75,73,64,64,64,59,51,44,44,44,44,36,37,25,19,41,27,75,75,75,57,66,66,66,48,70,80,80,85,85,85,85,85,67],"gold":192,"neow_bonus":"THREE_RARE_CARDS","is_daily":false,"chose_seed":false,"campfire_upgraded":2,"win_rate":0.0,"timestamp":1610971306,"path_taken":["M","M","M","M","M","R","E","?","T","?","M","$","?","M","R","BOSS","M","M","$","M","?","E","M","$","T","R","M","E","M","M","R","BOSS","M","M","M","M","?","?","M","R","T","$","M","$","M","M","R","BOSS"],"items_purchased_type":["Card","Relic","Card","Card","Relic","Potion","Card"],"build_version":"2020-12-22","purchased_purges":4,"victory":true,"max_hp_per_floor":[75,75,75,75,75,75,75,75,75,75,75,75,75,75,75,75,75,75,75,75,75,75,75,75,75,75,75,75,75,75,75,75,75,75,75,75,75,75,75,75,75,75,85,85,85,85,85,85,85,85],"card_choices":[{"not_picked":["Amplify","Thunder Strike"],"picked":"Electrodynamics","floor":0.0},{"not_picked":["Leap","Cold Snap"],"picked":"Coolheaded","floor":1.0},{"not_picked":["Turbo","Steam Power"],"picked":"Melter","floor":2.0},{"not_picked":["Coolheaded","Machine Learning","Stack"],"picked":"SKIP","floor":3.0},{"not_picked":["Stack","Beam Cell"],"picked":"Streamline","floor":4.0},{"not_picked":["Consume","Glacier"],"picked":"Chill","floor":5.0},{"not_picked":["Turbo","Redo"],"picked":"Go for the Eyes","floor":7.0},{"not_picked":["Chill","Genetic Algorithm"],"picked":"Recycle","floor":11.0},{"not_picked":["Darkness","Beam Cell"],"picked":"Tempest","floor":14.0},{"not_picked":["All For One","Hyperbeam"],"picked":"Core Surge","floor":16.0},{"not_picked":["Go for the Eyes+1","Steam Power+1","Hologram+1"],"picked":"SKIP","floor":18.0},{"not_picked":["Conserve Battery","Compile Driver+1","Heatsinks+1"],"picked":"SKIP","floor":19.0},{"not_picked":["Chill","Scrape","Ball Lightning"],"picked":"SKIP","floor":21.0},{"not_picked":["Go for the Eyes+1","Beam Cell+1"],"picked":"Storm+1","floor":22.0},{"not_picked":["Genetic Algorithm","Beam Cell"],"picked":"BootSequence","floor":23.0},{"not_picked":["Tempest","Go for the Eyes+1","Turbo"],"picked":"SKIP","floor":24.0},{"not_picked":["Hologram","Gash"],"picked":"Self Repair+1","floor":28.0},{"not_picked":["Core Surge","Force Field","Beam Cell"],"picked":"SKIP","floor":29.0},{"not_picked":["FTL","Barrage"],"picked":"Defragment+1","floor":30.0},{"not_picked":["Beam Cell+1","Sweeping Beam+1","Barrage"],"picked":"SKIP","floor":31.0},{"not_picked":["Thunder Strike","Core Surge"],"picked":"Biased Cognition+1","floor":33.0},{"not_picked":["Fusion+1","FTL+1"],"picked":"Skim+1","floor":35.0},{"not_picked":["Reprogram","Redo","Reinforced Body"],"picked":"SKIP","floor":36.0},{"not_picked":["Rebound+1","Conserve Battery+1","Ball Lightning"],"picked":"SKIP","floor":37.0},{"not_picked":["Cold Snap","Beam Cell"],"picked":"Conserve Battery","floor":38.0},{"not_picked":["Force Field+1","Cold Snap"],"picked":"Lockon","floor":41},{"not_picked":["Sweeping Beam+1","Streamline+1","BootSequence"],"picked":"SKIP","floor":45},{"not_picked":["Meteor Strike","Conserve Battery+1","Barrage+1"],"picked":"SKIP","floor":47},{"not_picked":["Auto Shields","Ball Lightning","Beam Cell+1"],"picked":"SKIP","floor":48}],"player_experience":53796,"relics_obtained":[{"floor":7.0,"key":"InkBottle"},{"floor":9.0,"key":"Mercury Hourglass"},{"floor":10.0,"key":"Mummified Hand"},{"floor":22.0,"key":"Red Mask"},{"floor":23.0,"key":"Girya"},{"floor":26.0,"key":"MawBank"},{"floor":29.0,"key":"Ancient Tea Set"},{"floor":43,"key":"Pear"}],"event_choices":[{"damage_healed":0.0,"max_hp_gain":0.0,"max_hp_loss":0.0,"gold_gain":175.0,"event_name":"Liars Game","player_choice":"AGREE","floor":8.0,"gold_loss":0.0,"damage_taken":0.0,"cards_obtained":["Doubt"]},{"cards_removed":["Strike_B"],"damage_healed":0.0,"max_hp_gain":0.0,"max_hp_loss":0.0,"gold_gain":0.0,"event_name":"Golden Wing","player_choice":"Card Removal","floor":13.0,"gold_loss":0.0,"damage_taken":7.0},{"damage_healed":0.0,"max_hp_gain":0.0,"max_hp_loss":0.0,"gold_gain":0.0,"event_name":"Masked Bandits","player_choice":"Fought Bandits","floor":22.0,"gold_loss":0.0,"damage_taken":0.0},{"damage_healed":0.0,"max_hp_gain":0.0,"max_hp_loss":0.0,"gold_gain":222.0,"event_name":"Tomb of Lord Red Mask","player_choice":"Wore Mask","floor":39.0,"gold_loss":0.0,"damage_taken":0.0},{"damage_healed":0.0,"max_hp_gain":0.0,"max_hp_loss":0.0,"gold_gain":0.0,"event_name":"The Woman in Blue","player_choice":"Bought 0 Potions","floor":40.0,"gold_loss":0.0,"damage_taken":0.0}],"is_beta":false,"boss_relics":[{"not_picked":["SlaversCollar","Snecko Eye"],"picked":"Inserter"},{"not_picked":["Empty Cage","Runic Dome"],"picked":"Fusion Hammer"}],"items_purged_floors":[12,25,44,46],"is_endless":false,"potions_floor_spawned":[2,7,14,16,18,22,28,31,35,36,41,48],"ascension_level":0}}