{"host":"hwui1o2d2vvxl1xp","time":1610947418,"event":{"mods":["ATMod(阿瑾Mod)","AchievementEnabler","Act Like it!","Alarm Clock","BaseMod","CapriCore","Colored Map","Colored Powertips","Dota2Spire","Gensokyo","LagranYue(拉格朗・月)","Lobotomy","LobotomyExtend","Minty Spire (QoL Compilation)","MostiFishMod","Pale of the Ancients","Quick Restart","RumiaBox-露米娅的神秘盒子","Shop Mod","StSLib","TestMod","Waifu the Spire","[功能]功能增强和修复MOD","simple","【功能Mod】混沌之环修复补丁","【功能Mod】聪明的最终Boss","【遗物卡牌】REMEMod","篝火指南"],"gold_per_floor":[115,115,133,63,42,10,41,30,57,67,67,96,96,123,110,215,215,231,163,183,583,579,614,633,611,611,638,638,638,564,1180,1088,1192,1192,1204,1214,1214,1166,1186,1197,1213,1213,1213,1285,1135,1074,1102,1055,1011,971,1094,1094,1056,994,1046,1046],"floor_reached":22,"language":"ZHS","playtime":3903,"items_purged":["VoidDream","Clumsy","Injury","Dualcast"],"score":1222,"play_id":"9ea221d0-3e30-4556-ac6e-183598abd427","local_time":"20210118132338","is_ascension_mode":true,"campfire_choices":[{"floor":28.0,"key":"RECALL"}],"circlet_count":0,"master_deck":["Strike_B","Strike_B","Strike_B","Strike_B","Defend_B","Defend_B","Defend_B","Defend_B","Zap","testmod-Dream","AT_FamilyPortrait","VoidDream","Redo","FairyFestival","MostiFishMod:LinkProtocol","Storm","MHz","MostiFishMod:GatherIntelligence","Defragment","Panacea","UniverseFragment","Machine Learning","Turbo","AT_StudyProgram","OSAHOGD","MostiFishMod:Mottled","MostiFishMod:Tomorrow","HeroicMonk","Storm","Static Discharge","Static Discharge","testmod-EternalityOfKhronos","Glacier+1","Panache","Murderer","MostiFishMod:ActiveDefenseSystem+1","Conserve Battery","Beam Cell+1","HappyTeddy","Hello World+1","REME_BodyOfCthun","AT_StudyProgram","REME_DataAnalysis+1","testmod-ComboMaster+1","MeatLantern","MostiFishMod:Hijack","Gash+1","Amplify","Bloodbath","AT_RightCognition+1","Alriune","MostiFishMod:Distribution","Barrage+1","WhitesApple","Beam Cell+1","OldLady","Chaos","REME_FirmDetermination","AT_StudyProgram","testmod-ChaoticCore","MostiFishMod:Distribution","Redo","Defragment","PunishingBird","MostiFishMod:SeaWaves","Loop","MostiFishMod:Galeforce","Defragment","Scorched","MostiFishMod:Exploitation"],"relics":["Cracked Core","REME_ComplimentaryCards","AT_ATBox","HereWithMe","testmod-IndustrialRevolution","LagranYue:RandomDrawCardRelic","CogitoBucket","SynthV:TestCard","testmod-OneHitWonder","MerchantsRug","Dota2Spire:BattleFury","Chemical X","MagicDraw4","ClockworkSouvenir","Kunai","AT_DeathDance","Dota2Spire:BlackKingBar","testmod-Justice","Dota2Spire:AghanimScepter","Dota2Spire:MagicBottle","Dota2Spire:ArmletOfMordiggian","Gensokyo:NagashiBinaDoll","GodSword5","Dota2Spire:CrimsonGuard","Lantern","Busted Crown","LuminousBracelet","Dota2Spire:MonkeyKingBar","TheAbacus","testmod-Nyarlathotep","REME_LimitBreaker","StrikeDummy","AT_RedTearstoneRing","Ccalipers","Runic Capacitor","MagicDraw1","LagranYue:WskJewelryRelic","Molten Egg 2","Mercury Hourglass","OrangePellets","FleshIdol","Orichalcum","LagranYue:NewUniverseRelic","InkBottle","testmod-Prudence","SynthV:TestCard","LetterFromLob","Dota2Spire:LinkenSphere","Oddly Smooth Stone","AtMidnight","DaveBox","xbg","GodSword4","Singing Bowl","testmod-Antiphasic","Dota2Spire:Mjollnir","Technique","Blood Vial","Dota2Spire:PowerTreads","CeramicFish","testmod-TurbochargingSystem","Dota2Spire:DivineRapier","Dota2Spire:PhaseBoots","Dota2Spire:ShadowBlade","GodSword1","Dota2Spire:EtherealBlade","Juzu Bracelet","HandDrill","testmod-LifeArmor"],"acts_visited":["Gensokyo:Gensokyo","Gensokyo:Gensokyoer","Gensokyo:Gensokyoest","TheEnding"],"potions_floor_usage":[12],"damage_taken":[{"damage":0.0,"enemies":"Gensokyo:3_Fairies","floor":1.0,"turns":3.0},{"damage":0.0,"enemies":"Gensokyo:Python","floor":3.0,"turns":2.0},{"damage":11.0,"enemies":"Gensokyo:Mamizou","floor":7.0,"turns":7.0},{"damage":3.0,"enemies":"Gensokyo:Gryphon","floor":10.0,"turns":4.0},{"damage":0.0,"enemies":"Gensokyo:Cirno","floor":12.0,"turns":5.0},{"damage":0.0,"enemies":"Gensokyo:Mamizou","floor":14.0,"turns":4.0},{"damage":15.0,"enemies":"Gensokyo:Kokoro","floor":16.0,"turns":7.0},{"damage":11.0,"enemies":"Gensokyo:CosmicMonolith","floor":18.0,"turns":3.0},{"damage":0.0,"enemies":"Gensokyo:2_Gloops","floor":20.0,"turns":2.0},{"damage":8.0,"enemies":"Gensokyo:Tenshi","floor":23.0,"turns":2.0},{"damage":0.0,"enemies":"Gensokyo:Slime_Group","floor":24.0,"turns":1.0},{"damage":0.0,"enemies":"Gensokyo:Koishi","floor":27.0,"turns":2.0},{"damage":0.0,"enemies":"Gensokyo:Chomper_and_Gloop","floor":31.0,"turns":1.0},{"damage":11.0,"enemies":"Gensokyo:Eternal_Rivals","floor":33.0,"turns":2.0},{"damage":0.0,"enemies":"Gensokyo:AncientGuardian","floor":35.0,"turns":1.0},{"damage":0.0,"enemies":"Small Slimes","floor":1.0,"turns":1.0},{"damage":0.0,"enemies":"2 Louse","floor":4.0,"turns":1.0},{"damage":0.0,"enemies":"Cultist","floor":5.0,"turns":1.0},{"damage":0.0,"enemies":"Large Slime","floor":6.0,"turns":1.0},{"damage":0,"enemies":"Lagavulin","floor":12,"turns":1},{"damage":0,"enemies":"The Guardian","floor":16,"turns":1},{"damage":0,"enemies":"Shield and Spear","floor":20,"turns":1},{"damage":6,"enemies":"The Heart","floor":21,"turns":4}],"seed_played":"-629006205805149200","potions_obtained":[{"floor":3.0,"key":"Block Potion"},{"floor":7.0,"key":"Fire Potion"},{"floor":7.0,"key":"testmod-TestPotion"},{"floor":10.0,"key":"AttackPotion"},{"floor":14.0,"key":"testmod-EscapePotion"},{"floor":23.0,"key":"testmod-TestPotion"},{"floor":12,"key":"Fruit Juice"}],"is_trial":false,"path_per_floor":["M","?","M","?","$","R","E","R","T","M","?","E","?","E","R","B",null,"M","$","M","?","$","E","M","$","T","E","R","?","R","M","R","B",null,"M","?","M","?","$","M","M","M","?","?","T","?","R","E","R","$","R","B",null,"R","$","E","B",null],"character_chosen":"DEFECT","items_purchased":["MerchantsRug","SmokeBomb","SkillPotion","Strength Potion","Storm","Dota2Spire:BattleFury","Chemical X","MagicDraw4","ColorlessPotion","FearPotion","Block Potion","ClockworkSouvenir","Kunai","AT_DeathDance","Dota2Spire:Clarity","Dota2Spire:HealingSalve","DuplicationPotion","testmod-Justice","Dota2Spire:AghanimScepter","Defragment","Panacea","Dota2Spire:CrimsonGuard","Lantern","Weak Potion","Strength Potion","MostiFishMod:Mottled","FocusPotion","Dota2Spire:MonkeyKingBar","TheAbacus","testmod-Nyarlathotep","Static Discharge","ColorlessPotion","Energy Potion","Block Potion","REME_LimitBreaker","GamblersBrew","ColorlessPotion","PowerPotion","testmod-EternalityOfKhronos","AT_RedTearstoneRing","Ccalipers","Runic Capacitor","Panache","FocusPotion","Explosive Potion","Ancient Potion","Molten Egg 2","Mercury Hourglass","OrangePellets","Conserve Battery","Beam Cell+1","Orichalcum","LagranYue:NewUniverseRelic","testmod-SpacePotion","PotionOfCapacity","EssenceOfSteel","InkBottle","REME_BodyOfCthun","AT_StudyProgram","REME_DataAnalysis+1","testmod-ComboMaster+1","Dota2Spire:LinkenSphere","Oddly Smooth Stone","testmod-SpacePotion","Dota2Spire:Clarity","Explosive Potion","AT_RightCognition","testmod-Antiphasic","Dota2Spire:Mjollnir","Technique","Blood Vial","Dota2Spire:PowerTreads","REME_FirmDetermination","AT_StudyProgram","CeramicFish","testmod-TurbochargingSystem","testmod-ChaoticCore","MostiFishMod:Distribution","Redo","Dota2Spire:DivineRapier","Dota2Spire:PhaseBoots","Defragment","Dota2Spire:ShadowBlade","GodSword1","Loop","Dota2Spire:EtherealBlade","Juzu Bracelet","HandDrill","MostiFishMod:Galeforce","Defragment"],"campfire_rested":0,"item_purchase_floors":[5,5,5,5,5,5,5,5,6,6,6,6,6,6,8,8,8,8,8,8,8,15,15,15,15,15,15,19,19,19,19,19,19,19,22,22,22,22,22,25,25,25,25,25,25,25,30,30,30,30,30,32,32,32,32,32,32,32,32,32,32,3,3,3,3,3,3,11,11,11,13,13,13,13,14,14,14,14,14,15,15,15,18,18,18,19,19,19,19,19],"current_hp_per_floor":[75,68,68,68,68,68,64,64,64,66,66,74,74,74,74,59,89,96,96,96,96,96,88,88,88,88,90,90,90,90,90,90,80,104,104,104,104,104,104,104,104,104,104,104,104,104,109,109,109,109,109,109,109,109,109,109],"gold":1046,"neow_bonus":"","is_daily":false,"chose_seed":false,"campfire_upgraded":0,"win_rate":0.0,"timestamp":1610947418,"path_taken":["M","?","M","?","$","R","E","R","T","M","?","E","?","E","R","BOSS","M","$","M","?","$","E","M","$","T","E","R","?","R","?","R","BOSS","M","?","M","?","$","?","M","M","?","?","T","?","R","E","R","$","R","BOSS","R","$","E","BOSS"],"items_purchased_type":["Relic","Potion","Potion","Potion","Card","Relic","Relic","Relic","Potion","Potion","Potion","Relic","Relic","Relic","Potion","Potion","Potion","Relic","Relic","Card","Card","Relic","Card","Potion","Potion","Card","Potion","Relic","Relic","Relic","Card","Potion","Potion","Potion","Relic","Potion","Potion","Potion","Card","Relic","Relic","Relic","Card","Potion","Potion","Potion","Relic","Relic","Relic","Card","Card","Relic","Relic","Potion","Potion","Potion","Relic","Card","Card","Card","Card","Relic","Relic","Potion","Potion","Potion","Card","Relic","Relic","Relic","Relic","Relic","Card","Card","Relic","Relic","Card","Card","Card","Relic","Relic","Card","Relic","Relic","Card","Relic","Relic","Relic","Card","Card"],"build_version":"2020-12-22","purchased_purges":4,"victory":true,"max_hp_per_floor":[75,89,89,89,89,89,89,89,89,89,89,89,89,89,89,89,89,104,104,104,104,104,104,104,104,104,104,104,104,104,104,104,104,104,104,104,104,104,104,104,104,104,104,104,104,104,109,109,109,109,109,109,109,109,109,109],"card_choices":[{"not_picked":["MeatLantern","GreedKing"],"picked":"VoidDream","floor":1.0},{"not_picked":["AT_HeatAcrobatics","Steam"],"picked":"Redo","floor":1.0},{"not_picked":["MHz","DreamingCurrent"],"picked":"FairyFestival","floor":3.0},{"not_picked":["Hologram","Lockon","Redo","Go for the Eyes"],"picked":"MostiFishMod:LinkProtocol","floor":3.0},{"not_picked":["UniverseFragment","Freischutz"],"picked":"MHz","floor":7.0},{"not_picked":["MostiFishMod:LinkProtocol","MostiFishMod:PushDownKick","Chill","Beam Cell"],"picked":"MostiFishMod:GatherIntelligence","floor":7.0},{"not_picked":["OSAHOGD","OldLady"],"picked":"UniverseFragment","floor":10.0},{"not_picked":["Gash","Aggregate","Hologram","Fusion"],"picked":"Machine Learning","floor":10.0},{"not_picked":["PunishingBird","ShyLook"],"picked":"DespairKnight","floor":12.0},{"not_picked":["AT_HeatAcrobatics","Stack","Barrage","Sweeping Beam"],"picked":"Turbo","floor":12.0},{"not_picked":["AT_RobotInSpace","Blizzard","Stack","MostiFishMod:LinkProtocol"],"picked":"AT_StudyProgram","floor":14.0},{"not_picked":["BeautyBeast","Scorched"],"picked":"OSAHOGD","floor":14.0},{"not_picked":["Thunder Strike","MostiFishMod:Prepare","MostiFishMod:StarOceanB","MostiFishMod:TalkingToTheRain"],"picked":"MostiFishMod:Tomorrow","floor":16.0},{"not_picked":["Porccubus","GalaxyChild"],"picked":"HeroicMonk","floor":18.0},{"not_picked":["Barrage","Stack"],"picked":"Storm","floor":18.0},{"not_picked":["Stack","Barrage"],"picked":"Static Discharge","floor":20.0},{"not_picked":["Skim","Barrage"],"picked":"Steam","floor":23.0},{"not_picked":["Barrage+1","Redo"],"picked":"Glacier+1","floor":24.0},{"not_picked":["Laetitia","Woodsman"],"picked":"Murderer","floor":27.0},{"not_picked":["Beam Cell+1","Seek","Streamline+1"],"picked":"SKIP","floor":27.0},{"not_picked":["Bloodbath","LongBird"],"picked":"HappyTeddy","floor":31.0},{"not_picked":["Cold Snap+1","Coolheaded+1"],"picked":"Hello World+1","floor":31.0},{"not_picked":["BigBadWolf","FieryBird"],"picked":"MeatLantern","floor":33.0},{"not_picked":["Multi-Cast","MostiFishMod:Tomorrow"],"picked":"MostiFishMod:Hijack","floor":33.0},{"not_picked":["Lockon+1","Rebound+1"],"picked":"Gash+1","floor":35.0},{"not_picked":["CENSORED","LongBird"],"picked":"QueenOfHatred","floor":35.0},{"not_picked":["Barrage+1","Beam Cell+1"],"picked":"Amplify","floor":1.0},{"not_picked":["Scarecrow","OldLady"],"picked":"Bloodbath","floor":1.0},{"not_picked":["Wellcheers","SnowQueen"],"picked":"Alriune","floor":4.0},{"not_picked":["Rebound+1","Steam","MostiFishMod:PushDownKick+1","Sweeping Beam+1"],"picked":"MostiFishMod:Distribution","floor":4.0},{"not_picked":["Cold Snap+1","Rebound+1","Melter+1","MostiFishMod:FluxCapactior"],"picked":"Barrage+1","floor":5.0},{"not_picked":["ShyLook","Scorched"],"picked":"WhitesApple","floor":6.0},{"not_picked":["MostiFishMod:GatherIntelligence","Undo","Rebound+1","Heatsinks"],"picked":"Beam Cell+1","floor":6.0},{"not_picked":["BeautyBeast","CrumblingArmor"],"picked":"OldLady","floor":12},{"not_picked":["AT_EMC2","Melter+1","REME_Compress","Barrage+1"],"picked":"Chaos","floor":12},{"not_picked":["Freischutz","CherryBlossoms"],"picked":"PunishingBird","floor":16},{"not_picked":["Buffer","All For One+1","MostiFishMod:ActiveDefenseSystem","Electrodynamics"],"picked":"MostiFishMod:SeaWaves","floor":16},{"not_picked":["Porccubus","WallGazer"],"picked":"Scorched","floor":20},{"not_picked":["Self Repair","Genetic Algorithm+1","MostiFishMod:Culaccino","Stack+1"],"picked":"MostiFishMod:Exploitation","floor":20}],"player_experience":25116,"relics_obtained":[{"floor":1.0,"key":"SynthV:TestCard"},{"floor":1.0,"key":"LetterFromLob"},{"floor":7.0,"key":"Dota2Spire:BlackKingBar"},{"floor":12.0,"key":"Dota2Spire:ArmletOfMordiggian"},{"floor":14.0,"key":"GodSword5"},{"floor":23.0,"key":"StrikeDummy"},{"floor":26.0,"key":"MagicDraw1"},{"floor":27.0,"key":"LagranYue:WskJewelryRelic"},{"floor":1.0,"key":"SynthV:TestCard"},{"floor":1.0,"key":"LetterFromLob"},{"floor":5.0,"key":"AtMidnight"},{"floor":9.0,"key":"GodSword4"},{"floor":20,"key":"testmod-LifeArmor"}],"event_choices":[{"damage_healed":0.0,"max_hp_gain":0.0,"max_hp_loss":0.0,"gold_gain":400.0,"event_name":"恩洛斯的盘子","player_choice":"Sell","floor":21.0,"relics_lost":["testmod-TestBox"],"gold_loss":0.0,"damage_taken":0.0},{"damage_healed":0.0,"max_hp_gain":0.0,"max_hp_loss":0.0,"gold_gain":0.0,"event_name":"Match and Keep!","player_choice":"0 cards matched","floor":2.0,"gold_loss":0.0,"damage_taken":0.0,"cards_obtained":[]},{"damage_healed":0.0,"max_hp_gain":0.0,"max_hp_loss":0.0,"gold_gain":0.0,"event_name":"给自己的盒子","player_choice":"Swap Relic","floor":8.0,"relics_lost":["DaveBox"],"gold_loss":0.0,"damage_taken":0.0,"relics_obtained":["DaveBox"]},{"damage_healed":0,"gold_gain":0,"player_choice":"Paid Gold","damage_taken":0,"relics_obtained":["Singing Bowl"],"max_hp_gain":0,"max_hp_loss":0,"event_name":"WeMeetAgain","floor":10,"gold_loss":150}],"is_beta":false,"boss_relics":[{"not_picked":["SlaversCollar","Fusion Hammer"],"picked":"Busted Crown"},{"not_picked":["EE1DDrone","REME_DuelDisc"],"picked":"testmod-Prudence"}],"items_purged_floors":[15,19,19,14],"is_endless":false,"potions_floor_spawned":[3,7,7,10,14,16,20,20,23,23,24,27,35,4,5,6,12,12],"ascension_level":1}}