{"host":"sy0sbf0rsk5t5kf4","time":1610977160,"event":{"mods":["BaseMod","Downfall","Minty Spire (QoL Compilation)","StSLib"],"gold_per_floor":[99,114,178,178,353,365,365,365,383,383,393,412,412,412,432,531,531,531,549,166,266,73,73,98,98,98,98],"floor_reached":25,"language":"ZHS","playtime":1635,"items_purged":["Regret","Doubt"],"score":214,"play_id":"4b8fad6a-1f49-491d-9a70-85c7feb95bc3","local_time":"20210118213920","is_ascension_mode":false,"campfire_choices":[{"floor":1,"key":"RECALL"},{"floor":8,"key":"REST"},{"floor":10,"key":"REST"},{"floor":13,"key":"REST"},{"data":"Slimebound:RejuvenatingLick","floor":18,"key":"SMITH"}],"circlet_count":0,"master_deck":["Slimebound:Tackle","Slimebound:Defend_Slimebound","Slimebound:Defend_Slimebound","Slimebound:Defend_Slimebound","Slimebound:Defend_Slimebound","Slimebound:Split","Slimebound:CorrosiveSpit","Slimebound:RejuvenatingLick","Slimebound:TongueLash","Slimebound:FinishingTackle","Slimebound:RejuvenatingLick+1","Slimebound:ItLooksTasty","Slimebound:Nibble","Slimebound:ItLooksTasty","Slimebound:OozeBath","Slimebound:TongueLash+1","Slimebound:SplitMire","Slimebound:MassFeed","Slimebound:ItLooksTasty+1","Slimebound:Grow","Slimebound:DisruptingSlam","Bite","Bite","Bite","Bite","Bite"],"relics":["Slimebound:AbsorbEndCombat","White Beast Statue","Gambling Chip","downfall:BrokenWingStatue","bronze:MakeshiftBattery","Lee\u0027s Waffle","Ornamental Fan","Calipers","Lantern"],"acts_visited":["Exordium","TheCity"],"potions_floor_usage":[12,12,16,16,21,21,21,22],"damage_taken":[{"damage":5,"enemies":"2 Louse","floor":2,"turns":3},{"damage":60,"enemies":"Lagavulin Event","floor":3,"turns":7},{"damage":12,"enemies":"Small Slimes","floor":6,"turns":3},{"damage":18,"enemies":"Jaw Worm","floor":9,"turns":3},{"damage":9,"enemies":"Large Slime","floor":11,"turns":3},{"damage":11,"enemies":"Red Slaver","floor":12,"turns":3},{"damage":2,"enemies":"Large Slime","floor":15,"turns":5},{"damage":40,"enemies":"IC_STATUS_ARCHETYPE","floor":16,"turns":8},{"damage":31,"enemies":"Shell Parasite","floor":19,"turns":5},{"damage":9,"enemies":"downfall:FleeingMerchant","floor":20,"turns":4},{"damage":73,"enemies":"SI_SHIV_ARCHETYPE","floor":21,"turns":5},{"damage":1,"enemies":"downfall:FleeingMerchant","floor":22,"turns":4},{"damage":29,"enemies":"Snecko","floor":25,"turns":3}],"seed_played":"-4426288316461349039","potions_obtained":[{"floor":2,"key":"PowerPotion"},{"floor":6,"key":"Regen Potion"},{"floor":9,"key":"SpeedPotion"},{"floor":11,"key":"ColorlessPotion"},{"floor":12,"key":"DuplicationPotion"},{"floor":15,"key":"ColorlessPotion"},{"floor":16,"key":"Fire Potion"},{"floor":19,"key":"ColorlessPotion"},{"floor":21,"key":"Ancient Potion"},{"floor":22,"key":"BlessingOfTheForge"}],"is_trial":false,"path_per_floor":["R","M","?","?","?","M","T","R","M","R","M","M","R","?","M","B",null,"R","M","$","?","$","?","T","M"],"character_chosen":"SLIMEBOUND","items_purchased":["Lee\u0027s Waffle","Slimebound:MassFeed","Slimebound:DisruptingSlam"],"campfire_rested":3,"item_purchase_floors":[20,20,22],"current_hp_per_floor":[71,67,11,11,11,2,2,23,7,28,22,17,38,38,41,9,71,71,47,78,12,20,20,20,0,0,0],"gold":98,"neow_bonus":"TEN_PERCENT_HP_BONUS","is_daily":false,"chose_seed":false,"campfire_upgraded":1,"win_rate":0.0,"timestamp":1610977160,"path_taken":["R","M","?","?","?","M","T","R","M","R","?","M","R","?","M","BOSS","R","M","$","?","$","?","T","M"],"items_purchased_type":["Relic","Card","Card"],"build_version":"2020-12-22","purchased_purges":2,"victory":false,"max_hp_per_floor":[71,71,71,71,71,71,71,71,71,71,71,71,71,71,71,71,71,71,71,78,78,78,54,54,54,54,54],"card_choices":[{"not_picked":["Slimebound:LeechingTouch","Slimebound:SplitAcid"],"picked":"Slimebound:RejuvenatingLick","floor":2},{"not_picked":["Slimebound:ViciousTackle","Slimebound:LivingWall"],"picked":"Slimebound:TongueLash","floor":3},{"not_picked":["Slimebound:SplitLeeching","Slimebound:Prepare"],"picked":"Slimebound:FinishingTackle","floor":6},{"not_picked":["Slimebound:BestDefense","Slimebound:SamplingLick"],"picked":"Slimebound:RejuvenatingLick","floor":9},{"not_picked":["Slimebound:GoopSpray","Slimebound:ViciousTackle"],"picked":"Slimebound:ItLooksTasty","floor":11},{"not_picked":["Slimebound:Prepare","Slimebound:SplitBruiser"],"picked":"Slimebound:Nibble","floor":12},{"not_picked":["Slimebound:GoopTackle","Slimebound:SplitLeeching"],"picked":"Slimebound:ItLooksTasty","floor":15},{"not_picked":["Slimebound:Teamwork","Slimebound:RallyTheTroops"],"picked":"Slimebound:OozeBath","floor":16},{"not_picked":["Slimebound:LeadByExample","Slimebound:FormOfPuddle"],"picked":"Slimebound:TongueLash+1","floor":19},{"not_picked":["Slimebound:Repurpose+1","Slimebound:RollThrough"],"picked":"Slimebound:SplitMire","floor":20},{"not_picked":["Slimebound:PressTheAttack","Slimebound:ForwardTackle"],"picked":"Slimebound:ItLooksTasty+1","floor":21},{"not_picked":["Slimebound:TongueLash+1","Slimebound:Chomp"],"picked":"Slimebound:Grow","floor":22}],"player_experience":165224,"relics_obtained":[{"floor":3,"key":"White Beast Statue"},{"floor":21,"key":"Ornamental Fan"},{"floor":21,"key":"Calipers"},{"floor":24,"key":"Lantern"}],"event_choices":[{"damage_healed":0,"gold_gain":0,"player_choice":"Box","damage_taken":0,"relics_obtained":["Gambling Chip"],"max_hp_gain":0,"max_hp_loss":0,"event_name":"Big Fish","floor":4,"gold_loss":0,"cards_obtained":["Regret"]},{"damage_healed":0,"gold_gain":0,"player_choice":"Became a vampire","damage_taken":0,"max_hp_gain":0,"max_hp_loss":24,"event_name":"Vampires","floor":23,"gold_loss":0,"cards_obtained":["Bite","Bite","Bite","Bite","Bite"]}],"is_beta":false,"boss_relics":[{"not_picked":["Velvet Choker","Tiny House"],"picked":"bronze:MakeshiftBattery"}],"items_purged_floors":[20,22],"is_endless":false,"potions_floor_spawned":[2,6,9,11,12,15,16,19,20,21,22],"killed_by":"Snecko","ascension_level":0}}