{"host":"v4pe0ixo3k7iwzp0","time":1610958898,"event":{"mods":["Ascension Reborn","BaseMod","Bestiary","Highlight Path","Minty Spire (QoL Compilation)","StSLib","The Marked"],"gold_per_floor":[114,133,149,169,183,183,358,358,382,382,382,80,80,107,107,212,212,230,246,264,278,106,106,141,141,141,141,155,165,165,185,185,284,284,300,313,332,138,155,182,182,199,226,125,125,141,161,15,15,15],"floor_reached":51,"language":"ENG","playtime":3477,"items_purged":["Strike_G","Strike_G"],"score":753,"play_id":"03446961-e1be-4ac1-a3b7-9a58539cb790","local_time":"20210118003458","is_ascension_mode":true,"campfire_choices":[{"data":"Calculated Gamble","floor":6.0,"key":"SMITH"},{"data":"Footwork","floor":8.0,"key":"SMITH"},{"data":"Crippling Poison","floor":10.0,"key":"SMITH"},{"data":"Neutralize","floor":13.0,"key":"SMITH"},{"data":"Catalyst","floor":15.0,"key":"SMITH"},{"floor":23,"key":"REST"},{"floor":25,"key":"REST"},{"floor":32,"key":"REST"},{"floor":41,"key":"REST"},{"data":"Bouncing Flask","floor":45,"key":"SMITH"},{"floor":49,"key":"REST"}],"circlet_count":0,"master_deck":["Strike_G","Strike_G","Strike_G","Defend_G","Defend_G","Defend_G","Defend_G","Defend_G","Survivor","Neutralize+1","Footwork+1","Heel Hook","Crippling Poison+1","Calculated Gamble+1","Flying Knee","Dash","Bouncing Flask+1","Catalyst+1","Night Terror+1","Cloak And Dagger","Backflip+1","Acrobatics","Dagger Throw","Noxious Fumes","Finisher+1","Dagger Spray","PiercingWail","Distraction+1","Sucker Punch","Catalyst+1","Slice+1","Underhanded Strike+1","Catalyst+1"],"relics":["Ring of the Snake","Toy Ornithopter","Orichalcum","Smiling Mask","Busted Crown","Anchor","Letter Opener","Ninja Scroll","Ancient Tea Set","Boot","Omamori","Pen Nib"],"acts_visited":["Exordium","TheCity","TheBeyond"],"potions_floor_usage":[18,24,33,37,39],"damage_taken":[{"damage":0.0,"enemies":"2 Louse","floor":1.0,"turns":3.0},{"damage":0.0,"enemies":"Small Slimes","floor":2.0,"turns":4.0},{"damage":0.0,"enemies":"Jaw Worm","floor":3.0,"turns":4.0},{"damage":2.0,"enemies":"Exordium Wildlife","floor":4.0,"turns":8.0},{"damage":3.0,"enemies":"Lots of Slimes","floor":5.0,"turns":4.0},{"damage":9.0,"enemies":"3 Sentries","floor":14.0,"turns":5.0},{"damage":9.0,"enemies":"The Guardian","floor":16.0,"turns":8.0},{"damage":12,"enemies":"2 Thieves","floor":18,"turns":4},{"damage":17,"enemies":"Spheric Guardian","floor":19,"turns":5},{"damage":0,"enemies":"Snake Plant","floor":20,"turns":4},{"damage":0,"enemies":"3 Cultists","floor":21,"turns":5},{"damage":34,"enemies":"Slavers","floor":24,"turns":5},{"damage":3,"enemies":"Centurion and Healer","floor":28,"turns":4},{"damage":7,"enemies":"Snake Plant","floor":29,"turns":4},{"damage":1,"enemies":"Snecko","floor":31,"turns":5},{"damage":38,"enemies":"Collector","floor":33,"turns":7},{"damage":4,"enemies":"3 Shapes","floor":35,"turns":4},{"damage":1,"enemies":"Orb Walker","floor":36,"turns":4},{"damage":14,"enemies":"Sphere and 2 Shapes","floor":37,"turns":5},{"damage":6,"enemies":"3 Darklings","floor":39,"turns":4},{"damage":19,"enemies":"Giant Head","floor":40,"turns":6},{"damage":3,"enemies":"Jaw Worm Horde","floor":42,"turns":2},{"damage":0,"enemies":"4 Shapes","floor":46,"turns":2},{"damage":21,"enemies":"Sphere and 2 Shapes","floor":47,"turns":5},{"damage":0,"enemies":"Time Eater","floor":50,"turns":4}],"seed_played":"-4337616032488056838","potions_obtained":[{"floor":2.0,"key":"ColorlessPotion"},{"floor":4.0,"key":"Regen Potion"},{"floor":14.0,"key":"Fire Potion"},{"floor":21,"key":"Dexterity Potion"},{"floor":24,"key":"SkillPotion"},{"floor":29,"key":"ColorlessPotion"},{"floor":36,"key":"Strength Potion"},{"floor":37,"key":"Weak Potion"},{"floor":42,"key":"PowerPotion"}],"is_trial":false,"path_per_floor":["M","M","M","M","M","R","?","R","T","R","?","$","R","E","R","B",null,"M","M","M","M","$","R","E","R","T","?","M","M","?","M","R","B",null,"M","M","M","$","M","E","R","M","T","$","R","M","M","$","R","B",null],"character_chosen":"THE_SILENT","items_purchased":["Dash","Orichalcum","Bouncing Flask","Dagger Throw","Block Potion","Noxious Fumes","Ancient Tea Set","Weak Potion","Pen Nib"],"campfire_rested":5,"item_purchase_floors":[12,12,12,22,22,22,38,44,48],"current_hp_per_floor":[77,77,77,75,72,72,72,72,72,72,72,72,72,77,77,68,77,65,48,48,48,48,71,42,65,65,65,62,55,55,54,77,44,77,73,72,63,63,62,43,66,63,63,63,63,63,42,42,65,65],"gold":15,"neow_bonus":"TEN_PERCENT_HP_BONUS","is_daily":false,"chose_seed":false,"campfire_upgraded":6,"win_rate":0.0,"timestamp":1610958898,"path_taken":["M","M","M","M","M","R","?","R","T","R","?","?","R","E","R","BOSS","M","M","M","M","$","R","E","R","T","?","?","M","?","M","R","BOSS","M","M","M","$","M","E","R","M","T","$","R","?","M","$","R","BOSS"],"items_purchased_type":["Card","Relic","Card","Card","Potion","Card","Relic","Potion","Relic"],"build_version":"2020-12-22","purchased_purges":2,"victory":true,"max_hp_per_floor":[77,77,77,77,77,77,77,77,77,77,77,77,77,77,77,77,77,77,77,77,77,77,77,77,77,77,77,77,77,77,77,77,77,77,77,77,77,77,77,77,77,77,77,77,77,77,77,77,77,77],"card_choices":[{"not_picked":["Backflip","Dagger Spray"],"picked":"Footwork","floor":1.0},{"not_picked":["Slice","Caltrops"],"picked":"Heel Hook","floor":2.0},{"not_picked":["Quick Slash","Bullet Time"],"picked":"Crippling Poison","floor":3.0},{"not_picked":["Predator","All Out Attack"],"picked":"Calculated Gamble","floor":4.0},{"not_picked":["Backflip","Masterful Stab"],"picked":"Flying Knee","floor":5.0},{"not_picked":["Sucker Punch","Bouncing Flask"],"picked":"Catalyst","floor":14.0},{"not_picked":["Storm of Steel","Doppelganger"],"picked":"Night Terror","floor":16.0},{"not_picked":[],"picked":"Cloak And Dagger","floor":18},{"not_picked":[],"picked":"Backflip+1","floor":19},{"not_picked":["Quick Slash+1"],"picked":"SKIP","floor":20},{"not_picked":[],"picked":"Acrobatics","floor":21},{"not_picked":[],"picked":"Finisher+1","floor":24},{"not_picked":[],"picked":"Dagger Spray","floor":28},{"not_picked":[],"picked":"PiercingWail","floor":29},{"not_picked":[],"picked":"Distraction+1","floor":31},{"not_picked":[],"picked":"Sucker Punch","floor":35},{"not_picked":[],"picked":"Catalyst+1","floor":36},{"not_picked":[],"picked":"Slice+1","floor":37},{"not_picked":["Well Laid Plans+1"],"picked":"SKIP","floor":39},{"not_picked":[],"picked":"Underhanded Strike+1","floor":40},{"not_picked":["Cloak And Dagger+1"],"picked":"SKIP","floor":42},{"not_picked":["Well Laid Plans+1"],"picked":"SKIP","floor":46},{"not_picked":[],"picked":"Catalyst+1","floor":47}],"player_experience":144874,"relics_obtained":[{"floor":9.0,"key":"Toy Ornithopter"},{"floor":14.0,"key":"Smiling Mask"},{"floor":24,"key":"Anchor"},{"floor":26,"key":"Letter Opener"},{"floor":40,"key":"Boot"},{"floor":43,"key":"Omamori"}],"event_choices":[{"damage_healed":0.0,"max_hp_gain":0.0,"max_hp_loss":0.0,"gold_gain":175.0,"event_name":"Liars Game","player_choice":"AGREE","floor":7.0,"gold_loss":0.0,"damage_taken":0.0,"cards_obtained":["Doubt"]},{"cards_removed":["Doubt"],"damage_healed":0.0,"max_hp_gain":0.0,"max_hp_loss":0.0,"gold_gain":0.0,"event_name":"Living Wall","player_choice":"Forget","floor":11.0,"gold_loss":0.0,"damage_taken":0.0},{"damage_healed":0,"gold_gain":0,"player_choice":"Gave Potion","damage_taken":0,"relics_obtained":["Ninja Scroll"],"max_hp_gain":0,"max_hp_loss":0,"event_name":"WeMeetAgain","floor":27,"gold_loss":0},{"damage_healed":0,"gold_gain":0,"player_choice":"Upgraded","damage_taken":0,"max_hp_gain":0,"max_hp_loss":0,"event_name":"Upgrade Shrine","floor":30,"gold_loss":0,"cards_upgraded":["Night Terror"]}],"is_beta":false,"boss_relics":[{"not_picked":["HoveringKite","Snecko Eye"],"picked":"Busted Crown"},{"not_picked":["Runic Pyramid","Sozu","Coffee Dripper"]}],"items_purged_floors":[38,44],"is_endless":false,"potions_floor_spawned":[2,4,14,21,24,29,36,37,42,46],"ascension_level":0}}