{"host":"t4313i2190y6fz3q","time":1610944417,"event":{"mods":["2.2 Compatiblity","AchievementEnabler","Act Like it!","BaseMod","Colored Powertips","Downfall","Highlight Path","Minty Spire (QoL Compilation)","Permanent Neow","Quick Restart","Rare Cards Sparkle","StSLib"],"gold_per_floor":[114,128,77,92,92,92,119,119,143,171,44,44,57,57,57,158,158,171,171,96,109,109,109,139,139,139,139,139],"floor_reached":27,"language":"ENG","playtime":882,"items_purged":["Strike_B"],"score":379,"play_id":"b990abf0-a5a1-4718-ae41-6fa073de449e","local_time":"20210117203337","is_ascension_mode":true,"campfire_choices":[{"data":"Beam Cell","floor":6.0,"key":"SMITH"},{"data":"Hologram","floor":8.0,"key":"SMITH"},{"floor":15.0,"key":"REST"},{"data":"Hello World","floor":23,"key":"SMITH"},{"data":"Creative AI","floor":25,"key":"SMITH"}],"circlet_count":0,"master_deck":["AscendersBane","Strike_B","Strike_B+1","Strike_B","Defend_B","Defend_B","Defend_B","Defend_B","Zap","Dualcast","Hologram+1","Beam Cell+1","Ball Lightning","Go for the Eyes","Coolheaded+1","Chill","Steam","Stack+1","Hello World+1","Aggregate","Creative AI+1","Gash","BootSequence","Amplify"],"relics":["Cracked Core","Potion Belt","Pen Nib","Letter Opener","Toy Ornithopter","Coffee Dripper","Pantograph","Kunai"],"acts_visited":["Exordium","TheCity"],"potions_floor_usage":[24,27],"damage_taken":[{"damage":0.0,"enemies":"2 Louse","floor":1.0,"turns":2.0},{"damage":0.0,"enemies":"Small Slimes","floor":2.0,"turns":3.0},{"damage":2.0,"enemies":"Jaw Worm","floor":4.0,"turns":2.0},{"damage":18.0,"enemies":"Lagavulin","floor":7.0,"turns":5.0},{"damage":26.0,"enemies":"3 Sentries","floor":10.0,"turns":7.0},{"damage":1.0,"enemies":"Exordium Wildlife","floor":13.0,"turns":4.0},{"damage":3.0,"enemies":"Hexaghost","floor":16.0,"turns":9.0},{"damage":0.0,"enemies":"Chosen","floor":18.0,"turns":6.0},{"damage":11,"enemies":"3 Byrds","floor":21,"turns":5},{"damage":36,"enemies":"Book of Stabbing","floor":24,"turns":6},{"damage":28,"enemies":"Gremlin Leader","floor":27,"turns":6}],"seed_played":"8352466613765139452","potions_obtained":[{"floor":1.0,"key":"hexamod:SoulburnPotion"},{"floor":7.0,"key":"FearPotion"},{"floor":13.0,"key":"PotionOfCapacity"},{"floor":16.0,"key":"sneckomod:MuddlingPotion"},{"floor":21,"key":"champ:CounterPotion"}],"is_trial":false,"path_per_floor":["M","M","$","M","?","R","E","R","T","E","$","?","M","?","R","B",null,"M","?","$","M","?","R","E","R","T","E"],"character_chosen":"DEFECT","items_purchased":["Go for the Eyes","Stack","Hello World"],"campfire_rested":1,"item_purchase_floors":[3,11,11],"current_hp_per_floor":[68,68,68,66,51,51,33,33,33,7,7,7,11,11,33,30,64,64,64,64,53,53,53,22,22,22,0,0],"gold":139,"neow_bonus":"THREE_CARDS","is_daily":false,"chose_seed":false,"campfire_upgraded":4,"win_rate":0.0,"timestamp":1610944417,"path_taken":["M","M","$","M","?","R","E","R","T","E","$","?","M","?","R","BOSS","M","?","$","M","?","R","E","R","T","E"],"items_purchased_type":["Card","Card","Card"],"build_version":"2020-12-22","purchased_purges":1,"victory":false,"max_hp_per_floor":[75,75,75,75,75,75,75,75,75,75,75,75,75,75,75,75,75,75,75,75,75,75,75,75,75,75,75,75],"card_choices":[{"not_picked":["Conserve Battery","Reinforced Body"],"picked":"Hologram","floor":0.0},{"not_picked":["Force Field","Skim"],"picked":"Beam Cell","floor":1.0},{"not_picked":["Redo","Cold Snap"],"picked":"Ball Lightning","floor":2.0},{"not_picked":["Chaos","Hello World"],"picked":"Coolheaded","floor":4.0},{"not_picked":["Static Discharge","Reinforced Body"],"picked":"Chill","floor":7.0},{"not_picked":["Conserve Battery","Genetic Algorithm"],"picked":"Steam","floor":10.0},{"not_picked":["Conserve Battery","Reinforced Body"],"picked":"Aggregate","floor":13.0},{"not_picked":["Amplify","Core Surge"],"picked":"Creative AI","floor":16.0},{"not_picked":["Cold Snap","Force Field"],"picked":"Gash","floor":18.0},{"not_picked":["Tempest","Cold Snap"],"picked":"BootSequence","floor":21},{"not_picked":["Tempest","Steam"],"picked":"Amplify","floor":24}],"player_experience":225646,"relics_obtained":[{"floor":7.0,"key":"Potion Belt"},{"floor":9.0,"key":"Pen Nib"},{"floor":10.0,"key":"Letter Opener"},{"floor":24,"key":"Pantograph"},{"floor":26,"key":"Kunai"}],"event_choices":[{"damage_healed":0.0,"max_hp_gain":0.0,"max_hp_loss":0.0,"gold_gain":0.0,"event_name":"Shining Light","player_choice":"Entered Light","floor":5.0,"gold_loss":0.0,"damage_taken":15.0,"cards_upgraded":["Coolheaded","Strike_B"]},{"damage_healed":0.0,"max_hp_gain":0.0,"max_hp_loss":0.0,"gold_gain":0.0,"event_name":"Dead Adventurer","player_choice":"Searched \u00271\u0027 times","floor":12.0,"gold_loss":0.0,"damage_taken":0.0,"relics_obtained":["Toy Ornithopter"]},{"damage_healed":0.0,"max_hp_gain":0.0,"max_hp_loss":0.0,"gold_gain":0.0,"event_name":"Living Wall","player_choice":"Grow","floor":14.0,"gold_loss":0.0,"damage_taken":0.0,"cards_upgraded":["Stack"]},{"damage_healed":0,"gold_gain":0,"player_choice":"Ignored","damage_taken":0,"max_hp_gain":0,"max_hp_loss":0,"event_name":"Vampires","floor":22,"gold_loss":0}],"is_beta":false,"boss_relics":[{"not_picked":["Empty Cage","Black Star"],"picked":"Coffee Dripper"}],"items_purged_floors":[20],"is_endless":false,"potions_floor_spawned":[1,7,13,16,21],"killed_by":"Gremlin Leader","ascension_level":12}}