{"host":"ika5blmljv34vrx1","time":1610988926,"event":{"mods":["AchievementEnabler","Act Like it!","Aspiration","BaseMod","CapriCore","Challenge The Spire","Conspire","Gensokyo","Gold Saver","Grow up Mod","KinomotoSakuraMod(ƒæ÷Æ±æ”£)","Koishi","Marisa£®ÏF”Í°°ƒß¿Ì…≥£©","Minty Spire (QoL Compilation)","Pale of the Ancients","Quick Restart","Reimu£®≤©¿ˆ¡È√Œ£©","Remilia£®¿Ÿ√◊¿Ú—«£©","Remove Card Discount Mod","Replay The Spire","StSLib","The Immortal","Yakumo Yukari mod"],"gold_per_floor":[118,118,31,31,31,63,63,93,93,87,87,87,87,87,87,163,163,1419,1369,1121,1121,740,770,784,784,810,842,1910,1935,1597,1615,1615,1689,1689,1705,1303,1314,1314,1324,1349,1429,1429,1429,1461,814,724,757,1086,1086,1086,1086,1096,1116,1116,614,614,624,624,286,286,286],"floor_reached":62,"language":"ZHS","playtime":2001,"items_purged":["GalacticHalo","AsteroidBelt","NonDirectionalLaser","Envy_TH","NonDirectionalLaser","Pain","Normality","DC","conspire:Blindness","Gensokyo:AllTheWorldsEvil","Hallucinations"],"score":3830,"play_id":"d33477fc-b5a0-4686-8d5d-45aba448c125","local_time":"20210119005526","daily_mods":["SealedDeck","Heirloom","Time Dilation","Flight"],"is_ascension_mode":true,"campfire_choices":[{"floor":7,"key":"RECALL"},{"data":"MilkyWay","floor":13,"key":"SMITH"},{"data":"StarBarrage","floor":15,"key":"SMITH"},{"data":"UltimateShortwave","floor":32,"key":"SMITH"},{"data":"MillisecondPulsars","floor":32,"key":"SMITH"},{"data":"BlazeAway","floor":42,"key":"SMITH"},{"data":"CollectingQuirk","floor":42,"key":"SMITH"},{"data":"EnergyFlow","floor":49,"key":"SMITH"},{"data":"ChargingUp","floor":49,"key":"SMITH"},{"data":"ShootTheMoon","floor":56,"key":"SMITH"},{"data":"MeteoricShower","floor":56,"key":"SMITH"}],"circlet_count":0,"master_deck":["AscendersBane","ChargingUp+1","MeteoricShower+1","EnergyFlow+1","MilkyWay+1","ShootTheMoon+1","StarBarrage+1","UltimateShortwave+1","OortCloud+1","CollectingQuirk+1","CurseOfTheBell","BlazeAway+1","Gensokyo:CustomPotion"],"relics":["MiniHakkero","TungstenRod","Gensokyo:CelestialsFlawlessClothing","Gensokyo:MarisaImprobabilityPotion","Singing Bowl","Gensokyo:Justice","Gensokyo:OccultBall","Cursed Key","ReplayTheSpireMod:CursedCoin","ReplayFunnel","Replay:Baseball","conspire:TreasureMap","SimpleLauncher","Lantern","InkBottle","aspiration:HatOfInfinitePower","Replay:Arrowhead","ReplayTheSpireMod:Lightbulb","Gremlin Food","HandDrill","Replay:Rubber Ducky","Replay:Grab Bag","Coffee Dripper","ChewingGum","Calling Bell","PreservedInsect","Letter Opener","Turnip","Frozen Eye","OrangePellets","Bag of Marbles","HandmadeGrimoire","FossilizedHelix","Incense Burner","Calipers","aspiration:SeaSaltIceCream","Philosopher\u0027s Stone","Shuriken","Old Coin","Replay:WaspNest","paleoftheancients:Timepiece","paleoftheancients:KeyRelic","Gremlin Horn","CultistMask","Ring of Searing","War Paint","conspire:GiftBox","paleoftheancients:SoulOfTheBandit","Membership Card","Pantograph"],"acts_visited":["Exordium","Gensokyo:Gensokyo","Gensokyo:Gensokyoer","Gensokyo:Gensokyoest"],"potions_floor_usage":[16,16,27,57,61,61],"damage_taken":[{"damage":7,"enemies":"Gensokyo:2_Kodama","floor":1,"turns":3},{"damage":0,"enemies":"Gensokyo:Aya","floor":6,"turns":6},{"damage":0,"enemies":"Gensokyo:Mamizou","floor":8,"turns":8},{"damage":12,"enemies":"Gensokyo:Yukari","floor":16,"turns":4},{"damage":134,"enemies":"Gensokyo:AngelMirror","floor":18,"turns":2},{"damage":14,"enemies":"Gensokyo:Koishi","floor":23,"turns":3},{"damage":2,"enemies":"Gensokyo:CosmicMonolith","floor":24,"turns":3},{"damage":0,"enemies":"Gensokyo:Tenshi","floor":27,"turns":3},{"damage":118,"enemies":"Gensokyo:Koishi","floor":28,"turns":4},{"damage":0,"enemies":"Gensokyo:Swordslinger","floor":31,"turns":1},{"damage":0,"enemies":"Gensokyo:Eiki","floor":33,"turns":5},{"damage":0,"enemies":"Gensokyo:AncientGuardian","floor":35,"turns":3},{"damage":0,"enemies":"Gensokyo:3_Boulders","floor":37,"turns":1},{"damage":17,"enemies":"Gensokyo:4_Bats","floor":39,"turns":2},{"damage":0,"enemies":"Gensokyo:Doremy","floor":40,"turns":2},{"damage":0,"enemies":"Gensokyo:Marisa","floor":44,"turns":2},{"damage":0,"enemies":"Gensokyo:Doremy","floor":47,"turns":1},{"damage":0,"enemies":"Gensokyo:Kasen","floor":48,"turns":1},{"damage":0,"enemies":"Gensokyo:Shinki","floor":50,"turns":3},{"damage":0,"enemies":"Gensokyo:Yuyuko","floor":51,"turns":1},{"damage":0,"enemies":"Gensokyo:Yuyuko","floor":52,"turns":1},{"damage":0,"enemies":"Gensokyo:Yuyuko","floor":53,"turns":1},{"damage":574,"enemies":"Gensokyo:Yuyuko","floor":57,"turns":6},{"damage":0,"enemies":"paleoftheancients:N","floor":61,"turns":3}],"seed_played":"2015613925522471170","potions_obtained":[{"floor":6,"key":"LiquidBronze"},{"floor":8,"key":"GamblersBrew"},{"floor":16,"key":"Fruit Juice"},{"floor":31,"key":"Elixir"},{"floor":39,"key":"Swift Potion"}],"is_trial":true,"path_per_floor":["M","?","COS","?","?","E","R","E","T","$","?","?","R","?","R","B",null,"M","?","$","?","COS","E","M","?","T","E","E","T","$","M","R","B",null,"M","COS","M","?","M","E","T","R","T","E","$","?","E","E","R","B","B","M","M","?","$","R","M","R","$","?","B",null],"character_chosen":"MARISA","items_purchased":["ReplayTheSpireMod:CursedCoin","ReplayFunnel","AttackPotion","Replay:Baseball","HandDrill","Replay:Rubber Ducky","Calipers","aspiration:SeaSaltIceCream","DC","War Paint","conspire:GiftBox","Membership Card","Pantograph","Venom Potion"],"campfire_rested":0,"item_purchase_floors":[20,20,20,20,30,30,45,45,45,55,55,59,59,59],"current_hp_per_floor":[76,60,70,80,90,110,120,130,140,150,160,161,171,181,191,194,250,126,143,153,163,173,169,179,189,199,211,105,115,125,137,147,157,379,391,401,411,445,440,452,462,472,482,494,504,514,526,538,548,558,616,637,654,664,676,686,413,423,433,443,610],"gold":286,"neow_bonus":"","is_daily":false,"chose_seed":false,"campfire_upgraded":10,"win_rate":0.0,"timestamp":1610988926,"path_taken":["M","?","COS","?","?","E","R","E","T","?","?","?","R","?","R","BOSS","M","?","$","?","COS","E","M","?","T","E","E","?","$","?","R","BOSS","M","COS","?","?","?","E","?","R","T","E","?","?","E","E","R","BOSS","BOSS","M","M","?","$","R","M","R","$","?","BOSS"],"items_purchased_type":["Relic","Relic","Potion","Relic","Relic","Relic","Relic","Relic","Card","Relic","Relic","Relic","Relic","Potion"],"build_version":"2020-12-22","purchased_purges":11,"victory":true,"max_hp_per_floor":[90,100,110,120,130,150,160,170,180,190,200,210,220,230,240,255,265,275,292,302,312,322,332,344,354,364,376,388,398,408,420,430,440,450,462,472,482,492,504,516,526,536,546,558,568,578,590,602,612,622,632,644,656,666,678,688,700,710,720,730,740],"card_choices":[{"not_picked":["MachineGunSpark","GalacticHalo"],"picked":"ShootTheMoon","floor":1},{"not_picked":["WitchOfGreed","IllusionStar","ShootingEcho"],"picked":"SKIP","floor":6},{"not_picked":["DeepEcoloBomb","ShootingEcho"],"picked":"StarBarrage","floor":8},{"not_picked":["JA","AbsoluteMagnitude"],"picked":"UltimateShortwave","floor":16},{"not_picked":["EventHorizon","MilkyWay+1"],"picked":"OortCloud+1","floor":18},{"not_picked":["AsteroidBelt","GalacticHalo"],"picked":"MillisecondPulsars","floor":23},{"not_picked":["6A","Orbital+1","DarkMatter"],"picked":"Singing Bowl","floor":24},{"not_picked":["ShootingEcho","StarBarrage","RefractionSpark"],"picked":"Singing Bowl","floor":27},{"not_picked":["GalacticHalo","BigCrunch","DarkMatter"],"picked":"Singing Bowl","floor":28},{"not_picked":["FairyDestructionRay","WitchLeyline","6A"],"picked":"Singing Bowl","floor":31},{"not_picked":["BlazingStar","TreasureHunter"],"picked":"CollectingQuirk","floor":33},{"not_picked":["Acceleration","IllusionStar","Robbery+1"],"picked":"Singing Bowl","floor":35},{"not_picked":["Acceleration+1","MagicAbsorber"],"picked":"BlazeAway","floor":37},{"not_picked":["ChargingUp+1","FairyDestructionRay","UnstableBomb"],"picked":"Singing Bowl","floor":39},{"not_picked":["SuperPerseids","GravityBeat","EnergyFlow"],"picked":"Singing Bowl","floor":40},{"not_picked":["BigCrunch","GrandCross","ChargingUp"],"picked":"Singing Bowl","floor":44},{"not_picked":["DC","NonDirectionalLaser","MilkyWay"],"picked":"Singing Bowl","floor":47},{"not_picked":["EventHorizon","MysteriousBeam","GrandCross"],"picked":"Singing Bowl","floor":48},{"not_picked":["RefractionSpark","IllusionStar","MagicAbsorber+1"],"picked":"Singing Bowl","floor":52},{"not_picked":["ChargingUp","DoubleSpark","IllusionStar+1"],"picked":"Singing Bowl","floor":53},{"not_picked":["StarDustReverie","BlazingStar","EscapeVelocity"],"picked":"Singing Bowl","floor":55},{"not_picked":["OortCloud+1","Robbery+1","BlazingStar"],"picked":"Singing Bowl","floor":57}],"player_experience":2083933,"relics_obtained":[{"floor":6,"key":"Pear"},{"floor":8,"key":"Singing Bowl"},{"floor":16,"key":"Gensokyo:OccultBall"},{"floor":23,"key":"Lantern"},{"floor":26,"key":"InkBottle"},{"floor":27,"key":"aspiration:HatOfInfinitePower"},{"floor":28,"key":"ReplayTheSpireMod:Lightbulb"},{"floor":29,"key":"Gremlin Food"},{"floor":33,"key":"Gensokyo:OccultBall"},{"floor":34,"key":"PreservedInsect"},{"floor":34,"key":"Letter Opener"},{"floor":34,"key":"Turnip"},{"floor":35,"key":"Gensokyo:OccultBall"},{"floor":40,"key":"Gensokyo:OccultBall"},{"floor":40,"key":"Bag of Marbles"},{"floor":41,"key":"HandmadeGrimoire"},{"floor":43,"key":"FossilizedHelix"},{"floor":44,"key":"Incense Burner"},{"floor":47,"key":"Shuriken"},{"floor":48,"key":"Replay:WaspNest"},{"floor":54,"key":"Ring of Searing"},{"floor":57,"key":"paleoftheancients:SoulOfTheBandit"}],"event_choices":[{"damage_healed":0,"gold_gain":0,"player_choice":"Leave","damage_taken":0,"max_hp_gain":0,"max_hp_loss":0,"event_name":"conspire:Investor","floor":12,"gold_loss":0}],"is_beta":false,"boss_relics":[{"not_picked":["Sozu","RampagingMagicTools"],"picked":"Cursed Key"},{"not_picked":["Honey Jar","conspire:SlowCooker"],"picked":"Replay:Grab Bag"},{"not_picked":["Fusion Hammer","Philosopher\u0027s Stone"],"picked":"Coffee Dripper"},{"not_picked":["Velvet Choker","Runic Dome"],"picked":"ChewingGum"},{"not_picked":["aspiration:RitualDagger","ExperimentalFamiliar"],"picked":"Calling Bell"}],"items_purged_floors":[10,10,10,20,20,30,30,45,45,45,55],"is_endless":false,"potions_floor_spawned":[6,8,16,27,28,31,35,39,40,47,52],"ascension_level":20}}