{"host":"s41rn2jhghpwfrvz","time":1610979008,"event":{"mods":["BaseMod","Minty Spire (QoL Compilation)","Quick Restart","Relic Stats","SuperFastMode"],"gold_per_floor":[417,289,289,41,56,56,71,71,71],"floor_reached":8,"language":"ENG","playtime":229,"items_purged":["Flex"],"score":92,"play_id":"b276764d-ccc1-4240-8f47-c0c081c88052","local_time":"20210118161008","daily_mods":["SealedDeck","Vintage","DeadlyEvents"],"is_ascension_mode":true,"campfire_choices":[{"data":"Shrug It Off","floor":6,"key":"SMITH"}],"circlet_count":0,"master_deck":["AscendersBane","Bloodletting","Armaments","Armaments","Sword Boomerang","Flex","Intimidate","Seeing Red","Ghostly Armor","Body Slam+1","Shrug It Off+1","Evolve"],"relics":["Burning Blood","Old Coin","Medical Kit","Omamori","CeramicFish"],"acts_visited":["Exordium"],"potions_floor_usage":[],"damage_taken":[{"damage":12,"enemies":"Cultist","floor":1,"turns":4},{"damage":0,"enemies":"Jaw Worm","floor":5,"turns":4},{"damage":4,"enemies":"2 Louse","floor":7,"turns":3},{"damage":79,"enemies":"Gremlin Nob","floor":8,"turns":4}],"seed_played":"-1223892020984036167","potions_obtained":[{"floor":1,"key":"Energy Potion"}],"is_trial":true,"path_per_floor":["M","$","?","$","M","R","M","E"],"character_chosen":"IRONCLAD","items_purchased":["Shrug It Off","Medical Kit","Evolve"],"campfire_rested":0,"item_purchase_floors":[2,4,4],"current_hp_per_floor":[62,62,62,62,68,68,70,0,0],"gold":71,"neow_bonus":"","is_daily":false,"chose_seed":false,"campfire_upgraded":1,"win_rate":0.0,"timestamp":1610979008,"path_taken":["M","$","?","$","M","R","M","E"],"items_purchased_type":["Card","Relic","Card"],"build_version":"2020-12-22","purchased_purges":1,"victory":false,"max_hp_per_floor":[75,75,75,75,75,75,75,75,75],"relic_stats":{"counters":[4,15],"CeramicFish":0,"Medical Kit":[0],"obtain_stats":[{"CeramicFish":7,"Omamori":5,"Medical Kit":4,"Burning Blood":0,"Old Coin":1},{"CeramicFish":3,"Omamori":2,"Medical Kit":1,"Burning Blood":0,"Old Coin":1},{"CeramicFish":11,"Omamori":8,"Medical Kit":4,"Burning Blood":0,"Old Coin":4}],"Burning Blood":18},"card_choices":[],"player_experience":1791759,"relics_obtained":[{"floor":1,"key":"Old Coin"},{"floor":5,"key":"Omamori"},{"floor":7,"key":"CeramicFish"}],"event_choices":[{"damage_healed":0,"gold_gain":0,"player_choice":"Grow","damage_taken":0,"max_hp_gain":0,"max_hp_loss":0,"event_name":"Living Wall","floor":3,"gold_loss":0,"cards_upgraded":["Body Slam"]}],"is_beta":false,"boss_relics":[],"items_purged_floors":[2],"is_endless":false,"potions_floor_spawned":[1],"killed_by":"Gremlin Nob","ascension_level":20}}