{"host":"04hh9gplt9wkfmr1","time":1610975464,"event":{"mods":["AchievementEnabler","BaseMod","Colored Map","KOR Keyword Fix","Minty Spire (QoL Compilation)","Rare Cards Sparkle","SuperFastMode"],"gold_per_floor":[118,132,132,142,156,156,189,209,291,291,305,320,320,355,355,479,479,503,292,292,312,327,327,327],"floor_reached":23,"language":"KOR","playtime":696,"items_purged":[],"score":246,"play_id":"fa3a31e7-f590-4880-a672-2c1e6318f643","local_time":"20210118221104","is_ascension_mode":true,"campfire_choices":[{"data":"Dualcast","floor":6,"key":"SMITH"},{"data":"Storm","floor":10,"key":"SMITH"},{"floor":15,"key":"REST"}],"circlet_count":0,"master_deck":["Strike_B","Strike_B","Strike_B","Strike_B","Defend_B","Defend_B","Defend_B","Defend_B","Zap+1","Dualcast+1","Ball Lightning","Storm+1","Glacier","Storm","Chill","BootSequence","Cold Snap","Core Surge","Stack","Necronomicurse","Leap+1","Coolheaded+1"],"relics":["Cracked Core","Matryoshka","The Courier","Eternal Feather","Golden Idol","Nunchaku","Inserter","Letter Opener","Necronomicon"],"acts_visited":["Exordium","TheCity"],"potions_floor_usage":[7,14,18,23],"damage_taken":[{"damage":0,"enemies":"Small Slimes","floor":1,"turns":2},{"damage":0,"enemies":"2 Louse","floor":2,"turns":2},{"damage":7,"enemies":"Jaw Worm","floor":4,"turns":3},{"damage":5,"enemies":"2 Fungi Beasts","floor":5,"turns":3},{"damage":20,"enemies":"3 Sentries","floor":7,"turns":6},{"damage":0,"enemies":"Exordium Wildlife","floor":8,"turns":4},{"damage":4,"enemies":"3 Louse","floor":11,"turns":4},{"damage":2,"enemies":"2 Fungi Beasts","floor":12,"turns":3},{"damage":22,"enemies":"Gremlin Nob","floor":14,"turns":5},{"damage":34,"enemies":"Slime Boss","floor":16,"turns":13},{"damage":2,"enemies":"3 Byrds","floor":18,"turns":5},{"damage":8,"enemies":"Chosen","floor":21,"turns":5},{"damage":22,"enemies":"Sentry and Sphere","floor":22,"turns":8},{"damage":36,"enemies":"Gremlin Leader","floor":23,"turns":2}],"seed_played":"1277300860242621549","potions_obtained":[{"floor":5,"key":"LiquidMemories"},{"floor":7,"key":"Weak Potion"},{"floor":8,"key":"Dexterity Potion"},{"floor":16,"key":"Explosive Potion"},{"floor":18,"key":"EssenceOfSteel"},{"floor":21,"key":"BlessingOfTheForge"}],"is_trial":false,"path_per_floor":["M","M","?","M","M","R","E","M","T","R","M","M","?","E","R","B",null,"M","$","?","M","M","E"],"character_chosen":"DEFECT","items_purchased":["Letter Opener","Stack"],"campfire_rested":1,"item_purchase_floors":[19,19],"current_hp_per_floor":[82,82,82,75,70,70,50,50,50,56,52,50,30,8,41,7,82,80,80,64,56,34,0,0],"gold":327,"neow_bonus":"TEN_PERCENT_HP_BONUS","is_daily":false,"chose_seed":false,"campfire_upgraded":2,"win_rate":0.0,"timestamp":1610975464,"path_taken":["M","M","?","M","M","R","E","M","T","R","M","M","?","E","R","BOSS","M","$","?","M","M","E"],"items_purchased_type":["Relic","Card"],"build_version":"2020-12-22","purchased_purges":0,"victory":false,"max_hp_per_floor":[82,82,82,82,82,82,82,82,82,82,82,82,82,82,82,82,82,82,82,82,82,82,82,82],"card_choices":[{"not_picked":["Hologram","Redo"],"picked":"Ball Lightning","floor":1},{"not_picked":["Redo","Scrape","Darkness"],"picked":"SKIP","floor":2},{"not_picked":["Scrape","Redo","Turbo"],"picked":"SKIP","floor":4},{"not_picked":["Ball Lightning","Glacier"],"picked":"Storm","floor":5},{"not_picked":["All For One","Reprogram"],"picked":"Glacier","floor":7},{"not_picked":["Streamline","Storm","Beam Cell"],"picked":"SKIP","floor":8},{"not_picked":["Streamline","Beam Cell"],"picked":"Storm","floor":8},{"not_picked":["Turbo","Ball Lightning"],"picked":"Chill","floor":11},{"not_picked":["Storm","Compile Driver"],"picked":"BootSequence","floor":12},{"not_picked":["All For One","Turbo"],"picked":"Cold Snap","floor":14},{"not_picked":["Amplify","Seek"],"picked":"Core Surge","floor":16},{"not_picked":["Rebound","Recycle","Storm"],"picked":"SKIP","floor":18},{"not_picked":["Compile Driver","Conserve Battery"],"picked":"Leap+1","floor":21},{"not_picked":["Multi-Cast","Steam"],"picked":"Coolheaded+1","floor":22}],"player_experience":52191,"relics_obtained":[{"floor":7,"key":"Matryoshka"},{"floor":9,"key":"The Courier"},{"floor":9,"key":"Eternal Feather"},{"floor":14,"key":"Nunchaku"},{"floor":20,"key":"Necronomicon"}],"event_choices":[{"damage_healed":0,"gold_gain":0,"player_choice":"Grow","damage_taken":0,"max_hp_gain":0,"max_hp_loss":0,"event_name":"Living Wall","floor":3,"gold_loss":0,"cards_upgraded":["Zap"]},{"damage_healed":0,"gold_gain":0,"player_choice":"Take Damage","damage_taken":20,"relics_obtained":["Golden Idol"],"max_hp_gain":0,"max_hp_loss":0,"event_name":"Golden Idol","floor":13,"gold_loss":0},{"damage_healed":0,"gold_gain":0,"player_choice":"Obtained Book","damage_taken":16,"max_hp_gain":0,"max_hp_loss":0,"event_name":"Cursed Tome","floor":20,"gold_loss":0}],"is_beta":false,"boss_relics":[{"not_picked":["Pandora\u0027s Box","Fusion Hammer"],"picked":"Inserter"}],"items_purged_floors":[],"is_endless":false,"potions_floor_spawned":[5,7,8,16,18,21],"killed_by":"Gremlin Leader","ascension_level":4}}