{"host":"99ewu7vvenm5p630","time":1610981367,"event":{"mods":["BaseMod","Minty Spire (QoL Compilation)"],"gold_per_floor":[109,284,311,324,334,362,362,392,392,392,407,93,108,143,143,238,238,249,265,265,294,101,135,135,170,194,537,566,601,636,660,660,762,762,781,297,0,28,28,71,71,110,137,172,172,184,184,221,233,245],"floor_reached":51,"language":"ENG","playtime":4392,"items_purged":[],"score":1094,"play_id":"d51abda6-31f7-4ca0-b4ae-df430fcebf66","local_time":"20210118144927","daily_mods":["Specialized","Heirloom","DeadlyEvents","Elite Swarm"],"is_ascension_mode":true,"campfire_choices":[{"data":"Doubt","floor":7,"key":"PURGE"},{"data":"Armaments","floor":10,"key":"SMITH"},{"data":"Armaments","floor":15,"key":"SMITH"},{"floor":24,"key":"REST"},{"floor":32,"key":"DIG"},{"floor":41,"key":"DIG"},{"floor":45,"key":"DIG"},{"floor":47,"key":"DIG"},{"floor":49,"key":"DIG"}],"circlet_count":0,"master_deck":["Strike_R","Strike_R","Strike_R","Strike_R","Strike_R","Defend_R","Defend_R","Defend_R","Defend_R","Bash","Perfected Strike+1","Perfected Strike","Perfected Strike","Perfected Strike","Perfected Strike+1","Armaments+1","Heavy Blade","Armaments+1","Immolate","Bludgeon","Perfected Strike","Pommel Strike","Flex","Barricade","Double Tap","Inflame","Blood for Blood+1","Demon Form","Perfected Strike","Feed+1","Limit Break","Feed+1","Cleave+1","Limit Break","Demon Form","Sword Boomerang+1","Inflame+1","Flex","Apotheosis","Flex+1","Immolate+1","Reaper+1","Limit Break","Limit Break"],"relics":["Burning Blood","Peace Pipe","Whetstone","Omamori","Pen Nib","InkBottle","Matryoshka","Centennial Puzzle","Fusion Hammer","WarpedTongs","Blue Candle","CeramicFish","Molten Egg 2","Shovel","Regal Pillow","Happy Flower","Old Coin","Bag of Preparation","Eternal Feather","Bronze Scales","Calling Bell","Vajra","Ornamental Fan","Torii","Membership Card","Self Forming Clay","Boot","Red Mask","StrikeDummy","Toy Ornithopter","Bottled Flame","Red Skull","Blood Vial","Unceasing Top","PreservedInsect","Art of War","MawBank","Anchor"],"acts_visited":["Exordium","TheCity","TheBeyond"],"potions_floor_usage":[6,14,16,23,27,28,29,33,38,40,44,44,50,50],"damage_taken":[{"damage":0,"enemies":"2 Louse","floor":1,"turns":2},{"damage":0,"enemies":"Jaw Worm","floor":4,"turns":1},{"damage":0,"enemies":"Cultist","floor":5,"turns":2},{"damage":13,"enemies":"3 Sentries","floor":6,"turns":6},{"damage":3,"enemies":"Gremlin Nob","floor":8,"turns":3},{"damage":0,"enemies":"3 Louse","floor":11,"turns":1},{"damage":16,"enemies":"Lots of Slimes","floor":13,"turns":3},{"damage":18,"enemies":"Lagavulin","floor":14,"turns":4},{"damage":36,"enemies":"The Guardian","floor":16,"turns":8},{"damage":0,"enemies":"Shell Parasite","floor":18,"turns":2},{"damage":10,"enemies":"Chosen","floor":19,"turns":2},{"damage":13,"enemies":"Gremlin Leader","floor":21,"turns":2},{"damage":16,"enemies":"Book of Stabbing","floor":23,"turns":2},{"damage":27,"enemies":"Gremlin Leader","floor":25,"turns":3},{"damage":7,"enemies":"Slavers","floor":27,"turns":3},{"damage":10,"enemies":"Centurion and Healer","floor":28,"turns":3},{"damage":28,"enemies":"Book of Stabbing","floor":29,"turns":3},{"damage":26,"enemies":"Slavers","floor":30,"turns":3},{"damage":7,"enemies":"Chosen and Byrds","floor":31,"turns":3},{"damage":34,"enemies":"Automaton","floor":33,"turns":5},{"damage":19,"enemies":"3 Darklings","floor":35,"turns":4},{"damage":11,"enemies":"Orb Walker","floor":38,"turns":2},{"damage":26,"enemies":"Giant Head","floor":40,"turns":6},{"damage":22,"enemies":"Reptomancer","floor":42,"turns":3},{"damage":4,"enemies":"Nemesis","floor":44,"turns":3},{"damage":33,"enemies":"3 Darklings","floor":46,"turns":4},{"damage":0,"enemies":"Reptomancer","floor":48,"turns":2},{"damage":64,"enemies":"Donu and Deca","floor":50,"turns":6}],"seed_played":"1770798744744249614","potions_obtained":[{"floor":4,"key":"PowerPotion"},{"floor":6,"key":"BloodPotion"},{"floor":13,"key":"SmokeBomb"},{"floor":14,"key":"AttackPotion"},{"floor":19,"key":"SteroidPotion"},{"floor":23,"key":"BloodPotion"},{"floor":25,"key":"ColorlessPotion"},{"floor":28,"key":"BloodPotion"},{"floor":29,"key":"Explosive Potion"},{"floor":30,"key":"FairyPotion"},{"floor":38,"key":"EntropicBrew"},{"floor":42,"key":"Weak Potion"},{"floor":44,"key":"SneckoOil"},{"floor":48,"key":"LiquidMemories"}],"is_trial":true,"path_per_floor":["M","?","T","M","M","E","R","E","T","R","M","$","M","E","R","B",null,"M","M","?","E","$","E","R","E","T","E","M","E","E","M","R","B",null,"M","$","?","M","?","E","R","E","T","E","R","M","R","E","R","B",null],"character_chosen":"IRONCLAD","items_purchased":["Matryoshka","Pommel Strike","CeramicFish","Perfected Strike","Membership Card","Self Forming Clay","BloodPotion","AttackPotion","Boot","Flex","Apotheosis"],"campfire_rested":1,"item_purchase_floors":[12,12,22,22,36,36,36,36,36,36,36],"current_hp_per_floor":[80,80,80,80,80,73,73,76,76,76,80,80,70,74,74,44,80,80,76,76,69,69,59,80,59,59,58,70,68,52,51,72,44,88,79,79,79,92,87,67,87,71,71,85,87,73,91,91,91,71],"gold":257,"neow_bonus":"","is_daily":false,"chose_seed":false,"campfire_upgraded":2,"win_rate":0.0,"timestamp":1610981367,"path_taken":["M","?","?","?","M","E","R","E","T","R","M","?","M","E","R","BOSS","M","?","?","?","$","E","R","E","T","E","M","?","E","M","R","BOSS","M","$","?","M","?","E","R","E","T","E","R","M","R","E","R","BOSS"],"items_purchased_type":["Relic","Card","Relic","Card","Relic","Relic","Potion","Potion","Relic","Card","Card"],"build_version":"2020-12-22","purchased_purges":0,"victory":true,"max_hp_per_floor":[80,80,80,80,80,80,80,80,80,80,80,80,80,80,80,80,80,80,80,80,80,80,80,80,80,80,80,80,84,88,88,88,88,88,92,92,92,92,87,87,87,87,87,87,87,91,91,91,91,91],"card_choices":[{"not_picked":["Pommel Strike","Havoc"],"picked":"Armaments","floor":1},{"not_picked":["Wild Strike","Bloodletting"],"picked":"Heavy Blade","floor":4},{"not_picked":["Warcry","Double Tap"],"picked":"Armaments","floor":5},{"not_picked":["Corruption","Brutality"],"picked":"Immolate","floor":6},{"not_picked":["Berserk","Juggernaut"],"picked":"Bludgeon","floor":8},{"not_picked":["Pummel","Sword Boomerang"],"picked":"Perfected Strike","floor":11},{"not_picked":["Battle Trance","Clothesline"],"picked":"Flex","floor":13},{"not_picked":["Exhume","Berserk"],"picked":"Barricade","floor":14},{"not_picked":["Bludgeon","Corruption"],"picked":"Double Tap","floor":16},{"not_picked":["Shockwave","Clash"],"picked":"Inflame","floor":18},{"not_picked":["Dark Embrace","Warcry"],"picked":"Blood for Blood+1","floor":19},{"not_picked":["Limit Break","Barricade"],"picked":"Demon Form","floor":21},{"not_picked":["Berserk","Demon Form"],"picked":"Feed+1","floor":23},{"not_picked":["Exhume","Barricade"],"picked":"Limit Break","floor":25},{"not_picked":["Reaper+1","Bludgeon+1"],"picked":"Feed+1","floor":27},{"not_picked":["True Grit","Clothesline+1"],"picked":"Cleave+1","floor":28},{"not_picked":["Fiend Fire+1","Offering"],"picked":"Limit Break","floor":29},{"not_picked":["Exhume","Immolate+1"],"picked":"Demon Form","floor":30},{"not_picked":["Metallicize","Shrug It Off"],"picked":"Sword Boomerang+1","floor":31},{"not_picked":["Iron Wave+1","Thunderclap+1"],"picked":"Inflame+1","floor":35},{"not_picked":["Perfected Strike+1","True Grit"],"picked":"Flex+1","floor":38},{"not_picked":["Fiend Fire+1","Berserk"],"picked":"Immolate+1","floor":40},{"not_picked":["Barricade","Immolate+1"],"picked":"Reaper+1","floor":42},{"not_picked":["Corruption","Immolate+1"],"picked":"Limit Break","floor":44},{"not_picked":["Searing Blow+1","Fire Breathing+1","Whirlwind+1"],"picked":"SKIP","floor":46},{"not_picked":["Juggernaut","Double Tap"],"picked":"Limit Break","floor":48}],"player_experience":270170,"relics_obtained":[{"floor":3,"key":"Whetstone"},{"floor":6,"key":"Omamori"},{"floor":8,"key":"Pen Nib"},{"floor":9,"key":"InkBottle"},{"floor":14,"key":"Centennial Puzzle"},{"floor":21,"key":"Blue Candle"},{"floor":23,"key":"Molten Egg 2"},{"floor":25,"key":"Shovel"},{"floor":26,"key":"Regal Pillow"},{"floor":26,"key":"Happy Flower"},{"floor":27,"key":"Old Coin"},{"floor":29,"key":"Bag of Preparation"},{"floor":30,"key":"Eternal Feather"},{"floor":32,"key":"Bronze Scales"},{"floor":34,"key":"Vajra"},{"floor":34,"key":"Ornamental Fan"},{"floor":34,"key":"Torii"},{"floor":40,"key":"StrikeDummy"},{"floor":41,"key":"Toy Ornithopter"},{"floor":42,"key":"Bottled Flame"},{"floor":43,"key":"Red Skull"},{"floor":43,"key":"Blood Vial"},{"floor":44,"key":"Unceasing Top"},{"floor":45,"key":"PreservedInsect"},{"floor":47,"key":"Art of War"},{"floor":48,"key":"MawBank"},{"floor":49,"key":"Anchor"}],"event_choices":[{"damage_healed":0,"gold_gain":175,"player_choice":"AGREE","damage_taken":0,"max_hp_gain":0,"max_hp_loss":0,"event_name":"Liars Game","floor":2,"gold_loss":0,"cards_obtained":["Doubt"]},{"damage_healed":0,"gold_gain":0,"player_choice":"Rummage","damage_taken":0,"relics_obtained":["WarpedTongs"],"max_hp_gain":0,"max_hp_loss":0,"event_name":"Accursed Blacksmith","floor":20,"gold_loss":0,"cards_obtained":["Pain"]},{"damage_healed":0,"gold_gain":0,"player_choice":"Paid","damage_taken":0,"relics_obtained":["Red Mask"],"max_hp_gain":0,"max_hp_loss":0,"event_name":"Tomb of Lord Red Mask","floor":37,"gold_loss":297},{"damage_healed":0,"gold_gain":0,"player_choice":"Max HP","damage_taken":0,"max_hp_gain":0,"max_hp_loss":5,"event_name":"Winding Halls","floor":39,"gold_loss":0}],"is_beta":false,"boss_relics":[{"not_picked":["Astrolabe","Coffee Dripper"],"picked":"Fusion Hammer"},{"not_picked":["Runic Cube","Philosopher\u0027s Stone"],"picked":"Calling Bell"}],"items_purged_floors":[],"is_endless":false,"potions_floor_spawned":[4,6,13,14,19,23,25,28,29,30,38,42,44,48],"ascension_level":1}}