{"host":"egwexuw5uvnxf11j","time":1610932116,"event":{"mods":["2.2 Compatiblity","Aspiration","BaseMod","Better Altar","Better Note","Better Sensory Stone","Better Third Choice","Displayed Cursed Tome","Downfall","Hermit","Key Reminder","Koishi","Marisa????????","Minty Spire (QoL Compilation)","Quick Restart","Shade Mod","Spicy Shops","StSLib","The Construct","The Cursed","The Hierophant","The Runesmith","The Senshi","The Servant 0.9.4","Transform Curses"],"gold_per_floor":[116,116,28,47,117,143,157,186,186,186,2,31,43,57,57,156,206,222,222,222,222,238,238,257,270,270,270,133,165,165,175,175,277,277,291,306,121,121,121],"floor_reached":38,"language":"ENG","playtime":4164,"items_purged":[],"score":489,"play_id":"191232d7-f601-4872-a063-8e069181b94f","local_time":"20210117200836","is_ascension_mode":false,"campfire_choices":[{"floor":10.0,"key":"REST"},{"floor":15.0,"key":"REST"},{"floor":23.0,"key":"REST"},{"floor":27.0,"key":"REST"},{"floor":32,"key":"REST"}],"circlet_count":0,"master_deck":["Runesmith:Strike_RS","Runesmith:Strike_RS","Runesmith:Strike_RS","Runesmith:Strike_RS","Runesmith:Defend_RS","Runesmith:Defend_RS","Runesmith:Defend_RS","Runesmith:Defend_RS","Runesmith:CraftFirestone","Runesmith:Fortify","Runesmith:EnergizedChisel","Runesmith:CraftMagma","Runesmith:CraftProtectio+1","Runesmith:OneForEveryone","Runesmith:Grindstone","Runesmith:CraftIncendium","Runesmith:CraftProtectio","Runesmith:PoweredAnvil","Runesmith:Accelerate","Runesmith:GrandSlam","Runesmith:CraftObretio","Runesmith:EarthShield","Runesmith:CreatorForm","Runesmith:Grindstone","Runesmith:StaticCage","Runesmith:Refine+1","Runesmith:Terraform+1","Runesmith:EnergizedChisel","Runesmith:RunicBlueprint+1","Runesmith:PoweredAnvil","Runesmith:Refine","Runesmith:HammerThrow+1","Runesmith:EarthShield","Runesmith:FissionHammer","Runesmith:ChiselStab","Runesmith:Overpower+1","Runesmith:StaticCage","Runesmith:Retool","Panacea"],"relics":["Runesmith:BrokenRuby","NeowsBlessing","keyreminder:keyreminder","Regal Pillow","Eternal Feather","InkBottle","Tiny House","aspiration:AnachronicSnailShell","Centennial Puzzle","Nloth\u0027s Gift","Black Star"],"acts_visited":["Exordium","TheCity","TheBeyond"],"potions_floor_usage":[33,38],"damage_taken":[{"damage":0.0,"enemies":"Jaw Worm","floor":1.0,"turns":1.0},{"damage":0.0,"enemies":"Cultist","floor":4.0,"turns":1.0},{"damage":0.0,"enemies":"Gremlin Nob","floor":6.0,"turns":1.0},{"damage":0.0,"enemies":"Small Slimes","floor":7.0,"turns":4.0},{"damage":36.0,"enemies":"Lagavulin","floor":8.0,"turns":10.0},{"damage":60.0,"enemies":"Gremlin Nob","floor":12.0,"turns":7.0},{"damage":2.0,"enemies":"Blue Slaver","floor":13.0,"turns":6.0},{"damage":2.0,"enemies":"Large Slime","floor":14.0,"turns":7.0},{"damage":11.0,"enemies":"Slime Boss","floor":16.0,"turns":11.0},{"damage":28.0,"enemies":"2 Thieves","floor":18.0,"turns":4.0},{"damage":19.0,"enemies":"Chosen","floor":22.0,"turns":8.0},{"damage":2.0,"enemies":"Snecko","floor":24.0,"turns":5.0},{"damage":35.0,"enemies":"3 Cultists","floor":25.0,"turns":7.0},{"damage":65,"enemies":"Gremlin Leader","floor":29,"turns":12},{"damage":17,"enemies":"Centurion and Healer","floor":31,"turns":10},{"damage":18,"enemies":"Champ","floor":33,"turns":16},{"damage":63,"enemies":"3 Shapes","floor":35,"turns":7},{"damage":29,"enemies":"3 Darklings","floor":36,"turns":6},{"damage":21,"enemies":"Writhing Mass","floor":38,"turns":7}],"seed_played":"-9177172724949483165","potions_obtained":[{"floor":2.0,"key":"Fruit Juice"},{"floor":2.0,"key":"Dexterity Potion"},{"floor":2.0,"key":"bronze:BurnAndBuffPotion"},{"floor":6.0,"key":"Guardian:BlockOnCardUsePotion"},{"floor":12.0,"key":"Fruit Juice"},{"floor":14.0,"key":"SmokeBomb"},{"floor":17.0,"key":"CultistPotion"},{"floor":29,"key":"FairyPotion"},{"floor":31,"key":"SkillPotion"}],"is_trial":false,"path_per_floor":["M","?","$","M","T","E","M","E","T","R","$","E","M","M","R","B",null,"M","?","?","?","M","R","M","M","T","R","$","E","?","M","R","B",null,"M","M","$","M"],"character_chosen":"RUNESMITH_CLASS","items_purchased":["Runesmith:CraftMagma","Runesmith:CraftProtectio","Runesmith:PoweredAnvil","Runesmith:Accelerate","Runesmith:PoweredAnvil","Runesmith:Refine","Runesmith:StaticCage","Runesmith:Retool","Panacea"],"campfire_rested":5,"item_purchase_floors":[3,3,11,11,28,28,37,37,37],"current_hp_per_floor":[70,75,75,75,75,75,75,39,39,75,75,20,18,16,67,56,85,57,57,57,57,38,85,83,48,48,85,85,20,20,3,61,43,85,22,19,19,0,0],"gold":121,"neow_bonus":"THREE_ENEMY_KILL","is_daily":false,"chose_seed":false,"campfire_upgraded":0,"win_rate":0.0,"timestamp":1610932116,"path_taken":["M","?","$","?","?","E","M","E","T","R","?","E","?","M","R","BOSS","M","?","?","?","M","R","M","M","T","R","?","E","?","M","R","BOSS","M","M","$","M"],"items_purchased_type":["Card","Card","Card","Card","Card","Card","Card","Card","Card"],"build_version":"2020-12-22","purchased_purges":0,"victory":false,"max_hp_per_floor":[70,75,75,75,75,75,75,75,75,75,75,80,80,80,80,80,85,85,85,85,85,85,85,85,85,85,85,85,85,85,85,85,85,85,85,85,85,85,85],"card_choices":[{"not_picked":["Runesmith:Overpower","Runesmith:RuneHurl"],"picked":"Runesmith:EnergizedChisel","floor":1.0},{"not_picked":["Runesmith:NanitesCloud","Runesmith:CraftReservo"],"picked":"Runesmith:OneForEveryone","floor":4.0},{"not_picked":["Runesmith:Repurpose","Runesmith:HammerTime"],"picked":"Runesmith:Grindstone","floor":6.0},{"not_picked":["Runesmith:RuneHurl","Runesmith:ElementalConversion"],"picked":"Runesmith:CraftIncendium","floor":7.0},{"not_picked":["Runesmith:EnergizedChisel","Runesmith:Prism"],"picked":"Runesmith:CraftProtectio","floor":8.0},{"not_picked":["Runesmith:HammerThrow","Runesmith:MakeshiftArmor","Runesmith:Superposition"],"picked":"Runesmith:GrandSlam","floor":12.0},{"not_picked":["Runesmith:Overpower","Runesmith:Permafrost","Runesmith:CraftProtectio"],"picked":"Runesmith:CraftObretio","floor":13.0},{"not_picked":["Runesmith:ChargedHammer","Runesmith:Electrocute","Runesmith:CraftVitae"],"picked":"Runesmith:EarthShield","floor":14.0},{"not_picked":["Runesmith:ArcReactor","Runesmith:ReplicatingBarrier","Runesmith:Supernova"],"picked":"Runesmith:CreatorForm","floor":16.0},{"not_picked":["Runesmith:RuneHurl","Runesmith:HeatedChisel","Runesmith:OneForEveryone"],"picked":"Runesmith:Grindstone","floor":17.0},{"not_picked":["Runesmith:ChiselStab","Runesmith:CraftSpiculum","Runesmith:MakeshiftArmor"],"picked":"Runesmith:StaticCage","floor":18.0},{"not_picked":["Runesmith:Permafrost","Runesmith:Repurpose","Runesmith:CraftProtectio"],"picked":"Runesmith:Terraform+1","floor":22.0},{"not_picked":["Runesmith:CraftIndustria","Runesmith:Overpower","Runesmith:StaticCage"],"picked":"Runesmith:EnergizedChisel","floor":24.0},{"not_picked":["Runesmith:Grindstone","Runesmith:Firewall","Runesmith:WhiteBalance"],"picked":"Runesmith:RunicBlueprint+1","floor":25.0},{"not_picked":["Runesmith:EnergizedChisel","Runesmith:Supernova","Runesmith:Malloc"],"picked":"Runesmith:HammerThrow+1","floor":29},{"not_picked":["Runesmith:HammerThrow","Runesmith:Overpower+1"],"picked":"Runesmith:EarthShield","floor":31},{"not_picked":["Runesmith:ReplicatingBarrier","Runesmith:LightningRod"],"picked":"Runesmith:FissionHammer","floor":33},{"not_picked":["Runesmith:RunicBlueprint","Runesmith:ShiftingStrike+1"],"picked":"Runesmith:ChiselStab","floor":35},{"not_picked":["Runesmith:ReplicatingBarrier","Runesmith:ChargedHammer"],"picked":"Runesmith:Overpower+1","floor":36}],"player_experience":2241613,"relics_obtained":[{"floor":6.0,"key":"Regal Pillow"},{"floor":8.0,"key":"Eternal Feather"},{"floor":9.0,"key":"Question Card"},{"floor":12.0,"key":"InkBottle"},{"floor":26.0,"key":"aspiration:AnachronicSnailShell"},{"floor":29,"key":"Centennial Puzzle"}],"event_choices":[{"damage_healed":0.0,"max_hp_gain":0.0,"max_hp_loss":0.0,"gold_gain":0.0,"event_name":"Lab","player_choice":"Got Potions","floor":2.0,"gold_loss":0.0,"damage_taken":0.0},{"cards_removed":["Runesmith:Grindstone"],"damage_healed":0.0,"max_hp_gain":0.0,"max_hp_loss":0.0,"gold_gain":0.0,"event_name":"betterNote:BetterNote","player_choice":"Take \u0026 Give","floor":19.0,"gold_loss":0.0,"damage_taken":0.0,"cards_obtained":["Runesmith:Refine"]},{"damage_healed":0,"gold_gain":0,"player_choice":"Traded Relic","damage_taken":0,"relics_obtained":["Nloth\u0027s Gift"],"max_hp_gain":0,"max_hp_loss":0,"event_name":"N\u0027loth","floor":30,"relics_lost":["Question Card"],"gold_loss":0}],"is_beta":false,"boss_relics":[{"not_picked":["aspiration:MarisaSkillbook","Cursed Key"],"picked":"Tiny House"},{"not_picked":["Philosopher\u0027s Stone","Runesmith:PocketReactor"],"picked":"Black Star"}],"items_purged_floors":[],"is_endless":false,"potions_floor_spawned":[6,8,12,14,25,29,31],"killed_by":"Writhing Mass","ascension_level":0}}