{"host":"ockkdcgl3b18tfz9","time":1610985428,"event":{"mods":["2.2 Compatiblity","BaseMod","Better Skull","Better Third Choice","BetterRewards","Hermit","Minty Spire (QoL Compilation)","Quick Restart","Replay The Spire","Spicy Shops","StSLib","SuperFastMode","The Jungle"],"gold_per_floor":[110,110,110,123,133,133,162,182,208,208,74,103,159,193,193,193,193,291,291,308,407,433,449,449,480,498,512,512,538,209,209,209,224,224,224,224],"floor_reached":35,"language":"ENG","playtime":565,"items_purged":["Voices"],"score":445,"play_id":"1d932255-9f49-44c9-9dc2-7c5a3a4c0c10","local_time":"20210118225708","is_ascension_mode":true,"campfire_choices":[{"floor":6,"key":"REST"},{"floor":16,"key":"REST"},{"data":"Demon Form","floor":17,"key":"SMITH"},{"floor":31,"key":"RECALL"},{"floor":34,"key":"REST"}],"circlet_count":0,"master_deck":["Strike_R","Strike_R","Strike_R","Strike_R","Defend_R","Defend_R","Defend_R","Defend_R","Bash","Cleave","Headbutt","Thunderclap","Demon Form+1","Hemokinesis","Shrug It Off+1","Flame Barrier","Armaments+1","Fiend Fire+1","Ghostly Armor+1","True Grit"],"relics":["Sozu","PreservedInsect","Bag of Marbles","Gremlin Food","Tiny Chest","Champion Belt","Gremlin Horn","Strawberry","Busted Crown","ReplayFunnel","Kunai","Golden Egg","Mummified Hand","Matryoshka"],"acts_visited":["Exordium","TheCity"],"potions_floor_usage":[],"damage_taken":[{"damage":0,"enemies":"Small Slimes","floor":1,"turns":2},{"damage":0,"enemies":"2 Louse","floor":4,"turns":3},{"damage":0,"enemies":"Cultist","floor":5,"turns":3},{"damage":5,"enemies":"3 Sentries","floor":7,"turns":5},{"damage":0,"enemies":"3 Louse","floor":8,"turns":2},{"damage":17,"enemies":"Lagavulin","floor":12,"turns":6},{"damage":2,"enemies":"3 Sentries","floor":14,"turns":4},{"damage":10,"enemies":"Slime Boss","floor":18,"turns":7},{"damage":2,"enemies":"Chosen","floor":20,"turns":4},{"damage":6,"enemies":"Spheric Guardian","floor":23,"turns":4},{"damage":11,"enemies":"Gremlin Leader","floor":25,"turns":5},{"damage":7,"enemies":"Snake Plant","floor":26,"turns":3},{"damage":7,"enemies":"Centurion and Healer","floor":27,"turns":7},{"damage":16,"enemies":"Sentry and Sphere","floor":33,"turns":4},{"damage":65,"enemies":"Collector","floor":35,"turns":7}],"seed_played":"4418623851343172235","potions_obtained":[],"is_trial":false,"path_per_floor":["M","?","?","M","M","R","E","M","T","T","$","E","?","E","?","R","R","B",null,"M","?","T","M","?","E","M","M","T","T","$","R","?","M","R","B"],"character_chosen":"IRONCLAD","items_purchased":["Champion Belt","Shrug It Off+1","Matryoshka"],"campfire_rested":3,"item_purchase_floors":[11,11,30],"current_hp_per_floor":[72,54,54,54,54,78,73,73,73,73,73,56,56,61,61,87,87,77,85,83,83,83,77,77,66,59,52,52,52,52,52,52,36,62,0,0],"gold":224,"neow_bonus":"BOSS_RELIC","is_daily":false,"chose_seed":false,"campfire_upgraded":1,"win_rate":0.0,"timestamp":1610985428,"path_taken":["M","?","?","?","M","R","E","M","T","T","$","E","?","E","?","R","R","BOSS","M","?","?","M","?","E","?","?","T","?","$","R","?","M","R","BOSS"],"items_purchased_type":["Relic","Card","Relic"],"build_version":"2020-12-22","purchased_purges":1,"victory":false,"max_hp_per_floor":[80,80,80,80,80,80,80,80,80,80,80,80,80,87,87,87,87,87,87,87,87,87,87,87,87,87,87,87,87,87,87,87,87,87,87,87],"card_choices":[{"not_picked":["Wild Strike","Intimidate"],"picked":"Cleave","floor":1},{"not_picked":["Sword Boomerang","Warcry"],"picked":"Headbutt","floor":4},{"not_picked":["Iron Wave","Massacre"],"picked":"Thunderclap","floor":5},{"not_picked":["Immolate","Sentinel"],"picked":"Demon Form","floor":7},{"not_picked":["Twin Strike","Burning Pact"],"picked":"Hemokinesis","floor":8},{"not_picked":["Power Through","Cleave"],"picked":"Flame Barrier","floor":12},{"not_picked":["Wild Strike","Iron Wave"],"picked":"Inflame","floor":14},{"not_picked":["Demon Form","Offering"],"picked":"Fiend Fire","floor":18},{"not_picked":["Headbutt"],"picked":"SKIP","floor":20},{"not_picked":[],"picked":"Ghostly Armor+1","floor":23},{"not_picked":["Perfected Strike+1"],"picked":"SKIP","floor":25},{"not_picked":[],"picked":"True Grit","floor":26},{"not_picked":["Sword Boomerang"],"picked":"SKIP","floor":27},{"not_picked":["Dropkick"],"picked":"SKIP","floor":33}],"player_experience":288299,"relics_obtained":[{"floor":7,"key":"Bag of Marbles"},{"floor":9,"key":"Gremlin Food"},{"floor":10,"key":"Tiny Chest"},{"floor":12,"key":"Gremlin Horn"},{"floor":14,"key":"Strawberry"},{"floor":22,"key":"ReplayFunnel"},{"floor":25,"key":"Golden Egg"},{"floor":28,"key":"Mummified Hand"}],"event_choices":[{"damage_healed":0,"gold_gain":0,"player_choice":"Relic ","damage_taken":18,"max_hp_gain":0,"max_hp_loss":0,"event_name":"betterThird:BetterScrap","floor":2,"gold_loss":0,"cards_obtained":["EmptyMind"]},{"damage_healed":0,"gold_gain":0,"player_choice":"Got Potions","damage_taken":0,"max_hp_gain":0,"max_hp_loss":0,"event_name":"Lab","floor":3,"gold_loss":0},{"damage_healed":0,"gold_gain":56,"player_choice":"Gained Gold","damage_taken":0,"max_hp_gain":0,"max_hp_loss":0,"event_name":"Golden Wing","floor":13,"gold_loss":0},{"damage_healed":0,"gold_gain":99,"player_choice":"Steal","damage_taken":0,"max_hp_gain":0,"max_hp_loss":0,"event_name":"betterThird:BetterNest","floor":21,"gold_loss":0},{"cards_removed":["Strike_R"],"damage_healed":0,"gold_gain":0,"player_choice":"Elegance","damage_taken":0,"max_hp_gain":0,"max_hp_loss":0,"event_name":"betterThird:BetterWriting","floor":32,"gold_loss":0}],"is_beta":false,"boss_relics":[{"not_picked":["Painkiller Herb","Replay:Bronze Core"],"picked":"Busted Crown"}],"items_purged_floors":[30],"is_endless":false,"potions_floor_spawned":[5,7,8,14,23,26],"killed_by":"Collector","ascension_level":8}}