{"host":"54jr43vd79817238","time":1610956913,"event":{"mods":["100% Spire Juice","ATMod(°¢èªMod)","Act Like it!","Arknights The Spire","Aspiration","BaseMod","CapriCore","Dota2Spire","Friendly Minions","Gensokyo","Hallownest","Hermit","Jedi Mod","KinomotoSakuraMod(Ä¾Ö®±¾Ó£)","Koishi","Lobotomy","LobotomyExtend","Mari Mod (Legacy)","Mari\u0027s V1 Patch","Marisa£¨ìFÓê¡¡Ä§ÀíÉ³£©","Minty Spire (QoL Compilation)","MostiFishMod","Quarter Circle Forward PUNCH!","Replay The Spire","Robot Space Explorer","RumiaBox-Â¶Ã×æ«µÄÉñÃØºÐ×Ó","Spicy Shops","StSLib","TestMod","The Dragon Tamer","The Marked","WarShipGirlsR/Õ½½¢ÉÙÅ®R mod","Yakumo Yukari mod","Youmu£¨»êÆÇÑýÃÎ£©","vexMod","¡¾ÒÅÎï¿¨ÅÆ¡¿REMEMod"],"gold_per_floor":[113,113,88,102,102,102,132,132,132,132,150,150,5,5,5,5,5],"floor_reached":16,"language":"ZHS","playtime":660,"items_purged":[],"score":215,"play_id":"7ec301d4-c2f6-4974-95a4-c97cc9fdcc52","local_time":"20210118160153","is_ascension_mode":true,"campfire_choices":[{"floor":6,"key":"RECALL"}],"circlet_count":0,"master_deck":["SpecialBullet","SpecialBullet","SpecialBullet","SpecialBullet","SpecialBullet","SpecialBullet","SpecialBullet","InformationCode","SecurityCode","TrainingCode","MariMod:Mari_Approved","OldLady","Reverberation","Wellcheers","CherryBlossom","Ecstasy+1"],"relics":["CogitoBucket","testmod-TestBox","DaveBox","REME_ComplimentaryCards","AT_ATBox","MostiFishMod:Haymaker","testmod-AscensionHeart","LetterFromLob","Gensokyo:Mercy","Ginger","aspiration:StickyExplosives_weak","Sling"],"acts_visited":["Gensokyo:Gensokyo"],"potions_floor_usage":[16,16],"damage_taken":[{"damage":8,"enemies":"Gensokyo:Gryphon","floor":1,"turns":3},{"damage":0,"enemies":"Gensokyo:Python","floor":4,"turns":2},{"damage":54,"enemies":"Gensokyo:Cirno","floor":7,"turns":6},{"damage":5,"enemies":"Gensokyo:2_Kodama","floor":11,"turns":2},{"damage":40,"enemies":"Gensokyo:Reimu","floor":16,"turns":4}],"seed_played":"-3746919449012905480","potions_obtained":[{"floor":4,"key":"testmod-TestPotion"},{"floor":11,"key":"Explosive Potion"}],"is_trial":false,"path_per_floor":["M","T","?","M","?","R","E","R","T","R","M","R","COS","?","R","B"],"character_chosen":"Angela","items_purchased":[],"campfire_rested":0,"item_purchase_floors":[],"current_hp_per_floor":[70,70,70,70,70,70,27,27,27,27,30,30,30,30,30,0,0],"gold":5,"neow_bonus":"UPGRADE_CARD","is_daily":false,"chose_seed":false,"campfire_upgraded":0,"win_rate":0.0,"timestamp":1610956913,"path_taken":["M","?","?","M","?","R","E","R","T","R","M","R","COS","?","R","BOSS"],"items_purchased_type":[],"build_version":"2020-12-22","purchased_purges":0,"victory":false,"max_hp_per_floor":[70,70,70,70,70,70,70,70,70,70,70,70,70,70,70,70,70],"card_choices":[{"not_picked":["Murderer","WhitesApple"],"picked":"OldLady","floor":1},{"not_picked":["RapturousDream"],"picked":"Reverberation","floor":1},{"not_picked":["CherryBlossoms","MeatLantern"],"picked":"Wellcheers","floor":4},{"not_picked":["ScreamingWedge"],"picked":"CherryBlossom","floor":4},{"not_picked":["CENSORED_ego","Justitia"],"picked":"SKIP","floor":7},{"not_picked":["NothingThere","Bloodbath"],"picked":"Mercenary","floor":11},{"not_picked":["Harvest"],"picked":"Ecstasy","floor":11}],"player_experience":245269,"relics_obtained":[{"floor":1,"key":"LetterFromLob"},{"floor":7,"key":"Ginger"},{"floor":9,"key":"aspiration:StickyExplosives_weak"}],"event_choices":[],"is_beta":false,"boss_relics":[],"items_purged_floors":[],"is_endless":false,"potions_floor_spawned":[4,11],"killed_by":"Gensokyo:Reimu","ascension_level":2}}