{"host":"xt797mi8yhee06c1","time":1610939702,"event":{"mods":["100% Spire Juice","BaseMod","Bestiary","Koishi","Marisa£¨Ùöéë¡¡Øª×âÞÞ£©","Minty Spire (QoL Compilation)","Poor People Problems","Prisma Mod","Relic Filter","Shop Mod","Spicy Shops","StSLib","The Marked","The Servant 0.9.4","WarShipGirlsR/??á´Ò³R mod"],"gold_per_floor":[110,110,110,110,126,126,161,185,211,223,260,307,319,331,343,355,355],"floor_reached":16,"language":"KOR","playtime":1160,"items_purged":[],"score":158,"play_id":"db16fad0-4fcc-44f1-bb90-e96667e6f9d8","local_time":"20210118121502","is_ascension_mode":false,"campfire_choices":[{"data":"rmod:basicallowance","floor":6.0,"key":"SMITH"},{"floor":10.0,"key":"REST"},{"floor":15,"key":"REST"}],"circlet_count":0,"master_deck":["rmod:strick","rmod:strick","rmod:strick","rmod:strick","rmod:defend","rmod:defend","rmod:defend","rmod:defend","rmod:basicallowance+1","rmod:maingunfire","rmod:luckystar","rmod:ammunitionsupply","rmod:goodfighter","rmod:steelsupply","rmod:launchingtorpedo","rmod:highspeedmaneuver"],"relics":["rmod:firstchargereward","Golden Idol","Meat on the Bone","Letter Opener","MawBank","InkBottle"],"acts_visited":["Exordium"],"potions_floor_usage":[],"damage_taken":[{"damage":0.0,"enemies":"Jaw Worm","floor":1.0,"turns":3.0},{"damage":0.0,"enemies":"2 Louse","floor":5.0,"turns":1.0},{"damage":40.0,"enemies":"Lagavulin","floor":7.0,"turns":7.0},{"damage":0.0,"enemies":"Small Slimes","floor":8.0,"turns":3.0},{"damage":12.0,"enemies":"Blue Slaver","floor":11.0,"turns":4.0},{"damage":32.0,"enemies":"3 Sentries","floor":12.0,"turns":5.0},{"damage":31,"enemies":"Hexaghost","floor":16,"turns":9}],"seed_played":"5339496839865545123","potions_obtained":[{"floor":5.0,"key":"SpeedPotion"},{"floor":8.0,"key":"DuplicationPotion"}],"is_trial":false,"path_per_floor":["M","?","?","$","M","R","E","M","T","R","M","E","$","$","R","B"],"character_chosen":"PRAEFECT","items_purchased":[],"campfire_rested":2,"item_purchase_floors":[],"current_hp_per_floor":[68,51,33,33,45,45,17,29,29,49,37,17,17,17,37,6,6],"gold":355,"neow_bonus":"THREE_RARE_CARDS","is_daily":false,"chose_seed":false,"campfire_upgraded":1,"win_rate":0.0,"timestamp":1610939702,"path_taken":["M","?","?","$","M","R","E","M","T","R","M","E","?","$","R","BOSS"],"items_purchased_type":[],"build_version":"2020-12-22","purchased_purges":0,"victory":false,"max_hp_per_floor":[68,68,68,68,68,68,68,68,68,68,68,68,68,68,68,68,68],"card_choices":[{"not_picked":["rmod:expeditionaryescort","rmod:timeschanged"],"picked":"rmod:saltedfish","floor":0.0},{"not_picked":["rmod:generalist","rmod:capitalist"],"picked":"rmod:luckystar","floor":1.0},{"not_picked":["rmod:unsinkable","rmod:goodsister"],"picked":"rmod:ammunitionsupply","floor":5.0},{"not_picked":["rmod:smokecover","rmod:gendarmerie"],"picked":"rmod:goodfighter","floor":7.0},{"not_picked":["rmod:victimresponsibility","rmod:circuitoustactics"],"picked":"rmod:steelsupply","floor":8.0},{"not_picked":["rmod:ring","rmod:ammunitionsupply"],"picked":"rmod:launchingtorpedo","floor":11.0},{"not_picked":["rmod:shuttlebombing","rmod:aluminumsupply"],"picked":"rmod:highspeedmaneuver","floor":12.0}],"player_experience":384130,"relics_obtained":[{"floor":7.0,"key":"Letter Opener"},{"floor":9.0,"key":"MawBank"},{"floor":12.0,"key":"InkBottle"}],"event_choices":[{"damage_healed":0.0,"max_hp_gain":0.0,"max_hp_loss":0.0,"gold_gain":0.0,"event_name":"Golden Idol","player_choice":"Take Damage","floor":2.0,"gold_loss":0.0,"damage_taken":17.0,"relics_obtained":["Golden Idol"]},{"damage_healed":0.0,"max_hp_gain":0.0,"max_hp_loss":0.0,"gold_gain":0.0,"event_name":"Scrap Ooze","player_choice":"Success","floor":3.0,"gold_loss":0.0,"damage_taken":18.0,"relics_obtained":["Meat on the Bone"]}],"is_beta":false,"boss_relics":[],"items_purged_floors":[],"is_endless":false,"potions_floor_spawned":[5,8],"killed_by":"Hexaghost","ascension_level":0}}