{"host":"3j2m8n0ywf988fwb","time":1610956038,"event":{"mods":["2.2 Compatiblity","AchievementEnabler","Aspiration","BaseMod","Bestiary","Better Altar","Better Match","Better Note","Better Sensory Stone","Better Skull","Better Third Choice","CCEM","Colored Map","Colored Powertips","Dark Map","Googly Eyes","Halation","HexUI Lib","Highlight Path","Hubris","Infinite Spire","Jedi Mod","Marked Mod","Mimic Mod","Minty Spire (QoL Compilation)","Random Character Button","Relic Stats","Replay The Spire","Shop Mod","StS++","StSLib","Unceasing Turn Reminder","everything is the same but u backflip on backflip"],"gold_per_floor":[109,109,127,127,127,127,161,336,388,420,420,438,438,112,112,216,216,200,220,236,186,186,186],"floor_reached":22,"language":"ENG","playtime":860,"items_purged":["Doubt"],"score":260,"play_id":"02ce6f7b-abd9-496f-a743-a959125c9d45","local_time":"20210118014718","is_ascension_mode":true,"campfire_choices":[{"data":"Infernal Blade","floor":6,"key":"SMITH"},{"floor":11,"key":"REST"},{"data":"jedi:fear","floor":11,"key":"SMITH"},{"data":"Inflame","floor":15,"key":"SMITH"}],"circlet_count":0,"master_deck":["Strike_R","Strike_R","Strike_R","Strike_R","Defend_R","Defend_R","Defend_R","Defend_R","Bash","Infernal Blade+1","Injury","Burning Pact+1","jedi:fear+1","Flex","Sadistic Nature","Inflame+1","Pommel Strike+1","Double Tap","jedi:fear+1","Anger+1"],"relics":["Burning Blood","NeowsBlessing","Molten Egg 2","InkBottle","Anchor","infinitespire:Magic Flask","Membership Card","aspiration:TomeofQuesting","halation:HeavySnake"],"acts_visited":["Exordium","TheCity"],"potions_floor_usage":[],"damage_taken":[{"damage":0,"enemies":"Jaw Worm","floor":1,"turns":1},{"damage":0,"enemies":"Small Slimes","floor":3,"turns":1},{"damage":0,"enemies":"Lagavulin","floor":7,"turns":2},{"damage":51,"enemies":"3 Sentries","floor":10,"turns":9},{"damage":3,"enemies":"2 Louse","floor":12,"turns":3},{"damage":51,"enemies":"Hexaghost","floor":16,"turns":8},{"damage":18,"enemies":"2 Thieves","floor":18,"turns":4},{"damage":26,"enemies":"Shell Parasite","floor":19,"turns":4},{"damage":61,"enemies":"Centurion and Healer","floor":20,"turns":6},{"damage":37,"enemies":"Snake Plant","floor":22,"turns":4}],"seed_played":"-5753478993313412423","potions_obtained":[{"floor":1,"key":"FairyPotion"},{"floor":12,"key":"PowerPotion"},{"floor":16,"key":"SpeedPotion"}],"is_trial":false,"path_per_floor":["M","?","M","?","?","R","E","?","T","E","R","M","?","$","R","B",null,"M","M","M","?","M"],"character_chosen":"IRONCLAD","items_purchased":["Membership Card","Inflame","aspiration:TomeofQuesting","Pommel Strike+1"],"campfire_rested":1,"item_purchase_floors":[14,14,14,14],"current_hp_per_floor":[80,80,80,80,80,80,80,80,80,35,59,62,62,62,62,17,80,68,48,30,30,0,0],"gold":186,"neow_bonus":"THREE_ENEMY_KILL","is_daily":false,"chose_seed":false,"campfire_upgraded":3,"win_rate":0.0,"timestamp":1610956038,"path_taken":["M","?","M","?","?","R","E","?","T","E","R","M","?","$","R","BOSS","M","M","M","?","?"],"items_purchased_type":["Relic","Card","Relic","Card"],"build_version":"2020-12-22","purchased_purges":1,"victory":false,"max_hp_per_floor":[80,80,80,80,80,80,80,80,80,80,80,80,80,80,80,80,80,80,80,80,80,80,80],"relic_stats":{"counters":[10,42],"obtain_stats":[{"Anchor":9,"NeowsBlessing":0,"Molten Egg 2":2,"aspiration:TomeofQuesting":14,"infinitespire:Magic Flask":10,"Membership Card":14,"Burning Blood":0,"InkBottle":7,"halation:HeavySnake":17},{"Anchor":3,"NeowsBlessing":0,"Molten Egg 2":1,"aspiration:TomeofQuesting":5,"infinitespire:Magic Flask":4,"Membership Card":5,"Burning Blood":0,"InkBottle":3,"halation:HeavySnake":6},{"Anchor":4,"NeowsBlessing":0,"Molten Egg 2":1,"aspiration:TomeofQuesting":16,"infinitespire:Magic Flask":13,"Membership Card":16,"Burning Blood":0,"InkBottle":4,"halation:HeavySnake":24}],"Burning Blood":36,"InkBottle":[12]},"card_choices":[{"not_picked":["Cleave","Warcry"],"picked":"Infernal Blade","floor":1},{"not_picked":["Iron Wave+1","Seeing Red","Wild Strike+1"],"picked":"SKIP","floor":3},{"not_picked":["StSpp:TheBiggerTheyAre+1","jedi:harder"],"picked":"jedi:fear","floor":7},{"not_picked":["Thunderclap+1","Wild Strike+1","hubris:StunningStrike+1"],"picked":"SKIP","floor":10},{"not_picked":["StSpp:Succumb","Headbutt+1"],"picked":"Flex","floor":12},{"not_picked":["ReplayTheSpireMod:Brewmster","Transmutation"],"picked":"Sadistic Nature","floor":13},{"not_picked":["hubris:StunningStrike+1","Fiend Fire+1"],"picked":"Double Tap","floor":16},{"not_picked":["StSpp:Sprint","StSpp:CounterStrike+1"],"picked":"jedi:fear+1","floor":18},{"not_picked":["Seeing Red+1","jedi:hate+1"],"picked":"Anger+1","floor":19},{"not_picked":["Seeing Red","ReplayReversal","Iron Wave+1"],"picked":"SKIP","floor":20}],"player_experience":755864,"relics_obtained":[{"floor":7,"key":"InkBottle"},{"floor":9,"key":"Anchor"},{"floor":10,"key":"infinitespire:Magic Flask"}],"event_choices":[{"damage_healed":0,"gold_gain":175,"player_choice":"AGREE","damage_taken":161,"max_hp_gain":0,"max_hp_loss":0,"event_name":"betterThird:BetterSerpent","floor":8,"gold_loss":0},{"damage_healed":0,"gold_gain":1,"player_choice":"1","damage_taken":0,"max_hp_gain":0,"max_hp_loss":0,"event_name":"betterStone:BetterStone","floor":13,"gold_loss":0},{"damage_healed":0,"gold_gain":0,"player_choice":"Bet on Murderer","damage_taken":0,"max_hp_gain":0,"max_hp_loss":0,"event_name":"The Joust","floor":21,"gold_loss":50}],"is_beta":false,"boss_relics":[{"not_picked":["Fusion Hammer","jedi:paperlyon"],"picked":"halation:HeavySnake"}],"items_purged_floors":[14],"is_endless":false,"potions_floor_spawned":[1,12,16,18],"killed_by":"Snake Plant","ascension_level":4}}