{"host":"fkig9nrckec4xsh0","time":1610937098,"event":{"mods":["BaseMod","Colored Map","Minty Spire (QoL Compilation)","Quick Restart","Replay The Spire","StSLib"],"gold_per_floor":[113,189,20,20,32,32,64,76,76,104,104,137,155,155,155],"floor_reached":14,"language":"ENG","playtime":481,"items_purged":[],"score":211,"play_id":"c9f2ed1c-daca-41e3-82cf-87662d9ebb10","local_time":"20210117213138","is_ascension_mode":true,"campfire_choices":[{"data":"Bloodletting","floor":6,"key":"SMITH"}],"circlet_count":0,"master_deck":["AscendersBane","Strike_R","Strike_R","Strike_R","Defend_R","Defend_R","Defend_R","Defend_R","Bash","Doubt","Bludgeon","Bludgeon","Eclipse","Bloodletting+1","ReplayTheSpireMod:Stacked","Anger","Spot Weakness+1","Offering"],"relics":["Burning Blood","DollysMirror","Blue Doll","Ornamental Fan","Juzu Bracelet","Strawberry"],"acts_visited":["Exordium"],"potions_floor_usage":[7,7,10,14],"damage_taken":[{"damage":0,"enemies":"Cultist","floor":1,"turns":2},{"damage":12,"enemies":"Jaw Worm","floor":5,"turns":3},{"damage":8,"enemies":"3 Sentries","floor":7,"turns":5},{"damage":7,"enemies":"2 Louse","floor":8,"turns":2},{"damage":30,"enemies":"Lagavulin","floor":10,"turns":5},{"damage":34,"enemies":"3 Sentries","floor":12,"turns":7},{"damage":6,"enemies":"Blue Slaver","floor":13,"turns":2},{"damage":62,"enemies":"Gremlin Nob","floor":14,"turns":3}],"seed_played":"1572520217920876924","potions_obtained":[{"floor":1,"key":"SneckoOil"},{"floor":5,"key":"LifebloodPotion"},{"floor":8,"key":"Energy Potion"},{"floor":10,"key":"Ancient Potion"}],"is_trial":false,"path_per_floor":["M","?","$","?","M","R","E","M","T","E","?","E","M","E"],"character_chosen":"IRONCLAD","items_purchased":["DollysMirror"],"campfire_rested":0,"item_purchase_floors":[3],"current_hp_per_floor":[74,74,74,74,68,68,66,65,65,41,41,20,20,0,0],"gold":155,"neow_bonus":"THREE_RARE_CARDS","is_daily":false,"chose_seed":false,"campfire_upgraded":1,"win_rate":0.0,"timestamp":1610937098,"path_taken":["M","?","$","?","M","R","E","?","T","E","?","E","M","E"],"items_purchased_type":["Relic"],"build_version":"2020-12-22","purchased_purges":0,"victory":false,"max_hp_per_floor":[75,75,75,75,75,75,75,75,75,75,75,82,82,82,82],"card_choices":[{"not_picked":["Reaper","Double Tap"],"picked":"Bludgeon","floor":0},{"not_picked":["Sword Boomerang","ReplayTheSpireMod:Strike From Hell","Flex"],"picked":"SKIP","floor":1},{"not_picked":["Burning Pact","Pummel"],"picked":"Bloodletting","floor":5},{"not_picked":["Replay:Undeath\u0027s Touch","Power Through","ReplayTheSpireMod:Corrosion Curse"],"picked":"SKIP","floor":7},{"not_picked":["Sever Soul","Clash"],"picked":"ReplayTheSpireMod:Stacked","floor":8},{"not_picked":["True Grit","Sword Boomerang"],"picked":"Anger","floor":10},{"not_picked":["Shrug It Off","Armaments"],"picked":"Offering","floor":12},{"not_picked":["ReplayTheSpireMod:Strike From Hell","Replay:Undeath\u0027s Touch","Combust"],"picked":"SKIP","floor":13}],"player_experience":345741,"relics_obtained":[{"floor":7,"key":"Blue Doll"},{"floor":9,"key":"Ornamental Fan"},{"floor":10,"key":"Juzu Bracelet"},{"floor":12,"key":"Strawberry"}],"event_choices":[{"damage_healed":0,"gold_gain":76,"player_choice":"Gained Gold","damage_taken":0,"max_hp_gain":0,"max_hp_loss":0,"event_name":"Golden Wing","floor":2,"gold_loss":0},{"damage_healed":0,"gold_gain":0,"cards_transformed":["Strike_R"],"player_choice":"Transformed","damage_taken":0,"max_hp_gain":0,"max_hp_loss":0,"event_name":"Transmorgrifier","floor":4,"gold_loss":0,"cards_obtained":["Eclipse"]}],"is_beta":false,"boss_relics":[],"items_purged_floors":[],"is_endless":false,"potions_floor_spawned":[1,5,8,10],"killed_by":"Gremlin Nob","ascension_level":19}}