{"host":"op7lvjy5lsqtpdgx","time":1610949413,"event":{"mods":["BaseMod","Minty Spire (QoL Compilation)","StSLib"],"gold_per_floor":[114,129,129,204,67,105,105,105,130,155,155,155,155,174,174,299,299,318,318,318,161,161,161,161],"floor_reached":23,"language":"ENG","playtime":837,"items_purged":["Dropkick"],"score":183,"play_id":"f6942759-534d-426b-b170-172c3237855b","local_time":"20210118185653","daily_mods":["Draft","Flight","Lethality"],"is_ascension_mode":false,"campfire_choices":[{"data":"Limit Break","floor":8,"key":"SMITH"},{"data":"Armaments","floor":12,"key":"SMITH"},{"data":"Armaments","floor":13,"key":"SMITH"},{"data":"Dark Embrace","floor":15,"key":"SMITH"}],"circlet_count":0,"master_deck":["Rampage","Cleave","Anger","Armaments+1","Sword Boomerang","Sentinel","Wild Strike","Heavy Blade","Dual Wield","True Grit","Sentinel","True Grit","Armaments+1","Shrug It Off","True Grit","Injury","Dark Embrace+1","Limit Break+1","Barricade","Fire Breathing","RitualDagger","Purity"],"relics":["Burning Blood","Golden Idol","Juzu Bracelet","Tiny Chest","Boot","Omamori","WarpedTongs","Mark of Pain","Darkstone Periapt","HornCleat"],"acts_visited":["Exordium","TheCity"],"potions_floor_usage":[5,16],"damage_taken":[{"damage":0,"enemies":"Cultist","floor":1,"turns":2},{"damage":0,"enemies":"2 Louse","floor":2,"turns":2},{"damage":28,"enemies":"Lagavulin","floor":6,"turns":5},{"damage":0,"enemies":"Small Slimes","floor":14,"turns":2},{"damage":14,"enemies":"Slime Boss","floor":16,"turns":6},{"damage":30,"enemies":"2 Thieves","floor":18,"turns":3},{"damage":56,"enemies":"Book of Stabbing","floor":23,"turns":4}],"seed_played":"-1283480827410872575","potions_obtained":[{"floor":1,"key":"Energy Potion"},{"floor":6,"key":"HeartOfIron"},{"floor":16,"key":"Weak Potion"}],"is_trial":false,"path_per_floor":["M","M","?","?","$","E","T","R","T","T","?","R","R","M","R","B",null,"M","?","T","$","T","E"],"character_chosen":"IRONCLAD","items_purchased":["Fruit Juice","Dark Embrace","Purity"],"campfire_rested":0,"item_purchase_floors":[5,5,21],"current_hp_per_floor":[80,80,80,69,74,52,52,52,52,52,52,52,52,58,58,50,85,61,55,55,55,55,0,0],"gold":161,"neow_bonus":"","is_daily":true,"chose_seed":false,"campfire_upgraded":4,"win_rate":0.0,"timestamp":1610949413,"path_taken":["M","?","?","?","?","E","?","R","T","?","?","R","R","M","R","BOSS","M","?","?","$","?","E"],"items_purchased_type":["Potion","Card","Card"],"build_version":"2020-12-22","purchased_purges":1,"victory":false,"max_hp_per_floor":[80,80,80,80,85,85,85,85,85,85,85,85,85,85,85,85,85,85,85,85,85,85,85,85],"card_choices":[{"not_picked":["Second Wind","True Grit"],"picked":"Rampage","floor":0},{"not_picked":["Metallicize","Feel No Pain"],"picked":"Cleave","floor":0},{"not_picked":["Flex","Hemokinesis"],"picked":"Anger","floor":0},{"not_picked":["Twin Strike","Clash"],"picked":"Armaments","floor":0},{"not_picked":["Hemokinesis","Armaments"],"picked":"Sword Boomerang","floor":0},{"not_picked":["Cleave","Inflame"],"picked":"Sentinel","floor":0},{"not_picked":["Iron Wave","Entrench"],"picked":"Wild Strike","floor":0},{"not_picked":["True Grit","Cleave"],"picked":"Heavy Blade","floor":0},{"not_picked":["Cleave","Thunderclap"],"picked":"Dual Wield","floor":0},{"not_picked":["Flex","Armaments"],"picked":"Dropkick","floor":0},{"not_picked":["Feel No Pain","Anger"],"picked":"True Grit","floor":0},{"not_picked":["Anger","Clothesline"],"picked":"Sentinel","floor":0},{"not_picked":["Armaments","Anger"],"picked":"True Grit","floor":0},{"not_picked":["Wild Strike","Flex"],"picked":"Armaments","floor":0},{"not_picked":["Warcry","Bloodletting"],"picked":"Shrug It Off","floor":0},{"not_picked":["Body Slam","Cleave"],"picked":"True Grit","floor":1},{"not_picked":["Flex","Anger","Wild Strike"],"picked":"SKIP","floor":2},{"not_picked":["Havoc","Heavy Blade"],"picked":"Limit Break","floor":6},{"not_picked":["Combust","Heavy Blade","True Grit"],"picked":"SKIP","floor":14},{"not_picked":["Bludgeon","Limit Break"],"picked":"Barricade","floor":16},{"not_picked":["Iron Wave","Clash"],"picked":"Fire Breathing","floor":18}],"player_experience":169042,"relics_obtained":[{"floor":6,"key":"Juzu Bracelet"},{"floor":7,"key":"Tiny Chest"},{"floor":9,"key":"Boot"},{"floor":10,"key":"Omamori"},{"floor":20,"key":"Darkstone Periapt"},{"floor":22,"key":"HornCleat"}],"event_choices":[{"damage_healed":0,"gold_gain":0,"player_choice":"Take Wound","damage_taken":0,"relics_obtained":["Golden Idol"],"max_hp_gain":0,"max_hp_loss":0,"event_name":"Golden Idol","floor":3,"gold_loss":0,"cards_obtained":["Injury"]},{"damage_healed":0,"gold_gain":75,"player_choice":"Gather Gold","damage_taken":11,"max_hp_gain":0,"max_hp_loss":0,"event_name":"World of Goop","floor":4,"gold_loss":0},{"damage_healed":0,"gold_gain":0,"player_choice":"Rummage","damage_taken":0,"relics_obtained":["WarpedTongs"],"max_hp_gain":0,"max_hp_loss":0,"event_name":"Accursed Blacksmith","floor":11,"gold_loss":0,"cards_obtained":["Pain"]},{"damage_healed":0,"gold_gain":0,"player_choice":"Joined the Cult","damage_taken":6,"max_hp_gain":0,"max_hp_loss":0,"event_name":"Nest","floor":19,"gold_loss":0,"cards_obtained":["RitualDagger"]}],"is_beta":false,"boss_relics":[{"not_picked":["Runic Dome","Sozu"],"picked":"Mark of Pain"}],"items_purged_floors":[21],"is_endless":false,"potions_floor_spawned":[1,6,16],"killed_by":"Book of Stabbing","ascension_level":0}}