{"host":"2brg86hfzr3u5cix","time":1610978108,"event":{"mods":["AchievementEnabler","Ascension Unlocker","BaseMod","CapriCore","DeckTracker","Highlight Path","Keyboard Shortcuts","Minty Spire (QoL Compilation)","Permanent Neow","Relic Stats","StSLib","Twitch Utils","Uncapped","UnlockEverythingMod"],"gold_per_floor":[118,43,56,13,88,88,116,128,151,151,151,169,180,213,213,213,213],"floor_reached":16,"language":"KOR","playtime":517,"items_purged":[],"score":270,"play_id":"951b6f87-c9d4-42de-80fd-e082f80e49ed","local_time":"20210118225508","is_ascension_mode":true,"campfire_choices":[{"data":"SashWhip","floor":6.0,"key":"SMITH"},{"data":"Vigilance","floor":11.0,"key":"SMITH"},{"floor":15,"key":"REST"}],"circlet_count":0,"master_deck":["AscendersBane","Strike_P","Strike_P","Strike_P","Defend_P","Defend_P","Defend_P","Eruption+1","Vigilance+1","SashWhip+1","Collect","Halt","EmptyBody","MentalFortress","ConjureBlade","ThirdEye"],"relics":["PureWater","Bag of Preparation","Art of War","Oddly Smooth Stone"],"acts_visited":["Exordium"],"potions_floor_usage":[14,14,16],"damage_taken":[{"damage":8.0,"enemies":"Cultist","floor":1.0,"turns":4.0},{"damage":3.0,"enemies":"2 Louse","floor":3.0,"turns":3.0},{"damage":21.0,"enemies":"Gremlin Nob","floor":7.0,"turns":4.0},{"damage":4.0,"enemies":"Small Slimes","floor":8.0,"turns":3.0},{"damage":0.0,"enemies":"3 Louse","floor":12.0,"turns":3.0},{"damage":7,"enemies":"Gremlin Gang","floor":13,"turns":5},{"damage":0,"enemies":"Lagavulin","floor":14,"turns":3},{"damage":30,"enemies":"Hexaghost","floor":16,"turns":9}],"seed_played":"8835407419270265258","potions_obtained":[{"floor":3.0,"key":"DuplicationPotion"},{"floor":13,"key":"DuplicationPotion"},{"floor":14,"key":"Strength Potion"}],"is_trial":false,"path_per_floor":["M","?","M","$","?","R","E","M","T","?","R","M","M","E","R","B"],"character_chosen":"WATCHER","items_purchased":["Collect"],"campfire_rested":1,"item_purchase_floors":[4],"current_hp_per_floor":[53,53,50,50,39,39,18,14,14,14,14,14,7,7,27,0,0],"gold":213,"neow_bonus":"UPGRADE_CARD","is_daily":false,"chose_seed":false,"campfire_upgraded":2,"win_rate":0.0,"timestamp":1610978108,"path_taken":["M","?","M","$","?","R","E","M","T","?","R","M","M","E","R","BOSS"],"items_purchased_type":["Card"],"build_version":"2020-12-22","purchased_purges":0,"victory":false,"max_hp_per_floor":[68,68,68,68,68,68,68,68,68,68,68,68,68,68,68,68,68],"relic_stats":{"counters":[8,34],"Bag of Preparation":[10],"Art of War":[5],"obtain_stats":[{"Oddly Smooth Stone":14,"Bag of Preparation":7,"Art of War":9,"PureWater":0},{"Oddly Smooth Stone":7,"Bag of Preparation":3,"Art of War":4,"PureWater":0},{"Oddly Smooth Stone":25,"Bag of Preparation":11,"Art of War":14,"PureWater":0}]},"card_choices":[{"not_picked":["FlurryOfBlows","ClearTheMind"],"picked":"SashWhip","floor":1.0},{"not_picked":["Fasting2","Prostrate","JustLucky"],"picked":"SKIP","floor":3.0},{"not_picked":["SignatureMove","PathToVictory"],"picked":"Halt","floor":7.0},{"not_picked":["Evaluate","Wireheading"],"picked":"EmptyBody","floor":8.0},{"not_picked":["WaveOfTheHand","Sanctity"],"picked":"MentalFortress","floor":12.0},{"not_picked":["Halt","Consecrate"],"picked":"ConjureBlade","floor":13},{"not_picked":["FlurryOfBlows","FlyingSleeves"],"picked":"ThirdEye","floor":14}],"player_experience":322926,"relics_obtained":[{"floor":7.0,"key":"Bag of Preparation"},{"floor":9.0,"key":"Art of War"},{"floor":14,"key":"Oddly Smooth Stone"}],"event_choices":[{"cards_removed":["Strike_P"],"damage_healed":0.0,"max_hp_gain":0.0,"max_hp_loss":0.0,"gold_gain":0.0,"event_name":"The Cleric","player_choice":"Card Removal","floor":2.0,"gold_loss":75.0,"damage_taken":0.0},{"damage_healed":0.0,"max_hp_gain":0.0,"max_hp_loss":0.0,"gold_gain":75.0,"event_name":"World of Goop","player_choice":"Gather Gold","floor":5.0,"gold_loss":0.0,"damage_taken":11.0},{"cards_removed":["Defend_P"],"damage_healed":0.0,"max_hp_gain":0.0,"max_hp_loss":0.0,"gold_gain":0.0,"event_name":"Living Wall","player_choice":"Forget","floor":10.0,"gold_loss":0.0,"damage_taken":0.0}],"is_beta":false,"boss_relics":[],"items_purged_floors":[],"is_endless":false,"potions_floor_spawned":[3,13,14],"killed_by":"Hexaghost","ascension_level":20}}