{"host":"mai03x2ekbjy4059","time":1610934591,"event":{"mods":["2.2 Compatiblity","BaseMod","DeckTracker","Keyboard Shortcuts","Minty Spire (QoL Compilation)","Permanent Neow","Quick Restart","SuperFastMode","everything is the same but u backflip on backflip"],"gold_per_floor":[111,111,121,131,147,178,178,209,209,260,260,276,311,322,322,423,423,433,69,269,169,184,217,228,262,262,282,315,324,324,354,354,452,452,472,482,482,529,538,570,570,600,678,1028,1045,1045,161,173,173,173,173,173,23,49,49],"floor_reached":56,"language":"KOR","playtime":2226,"items_purged":["Strike_G","Defend_G","Defend_G","Strike_G"],"score":1586,"play_id":"b9eab143-8aba-4fc0-92f8-e773dbd0e185","local_time":"20210118104951","is_ascension_mode":true,"campfire_choices":[{"data":"Neutralize","floor":7.0,"key":"SMITH"},{"data":"1","floor":15.0,"key":"LIFT"},{"data":"2","floor":30.0,"key":"LIFT"},{"data":"3","floor":32,"key":"LIFT"},{"data":"Acrobatics","floor":41,"key":"SMITH"},{"data":"Trip","floor":46,"key":"SMITH"},{"floor":49,"key":"RECALL"},{"data":"Impatience","floor":52,"key":"SMITH"}],"circlet_count":0,"master_deck":["Strike_G","Strike_G","Strike_G","Defend_G+1","Defend_G","Defend_G+1","Neutralize","Neutralize+1","Acrobatics+1","Blur+1","Adrenaline","Heel Hook","After Image","Reflex","Escape Plan","Escape Plan","Trip+1","Panache","Impatience+1","Infinite Blades"],"relics":["Ring of the Serpent","Lantern","Singing Bowl","Girya","Vajra","Pear","Busted Crown","InkBottle","Paper Crane","CeramicFish","Nunchaku","Ninja Scroll","Regal Pillow","CaptainsWheel","MealTicket","War Paint","Gremlin Horn","Old Coin","Medical Kit","Juzu Bracelet","Omamori","Kunai"],"acts_visited":["Exordium","TheCity","TheBeyond","TheEnding"],"potions_floor_usage":[31,38,55,55,55],"damage_taken":[{"damage":0.0,"enemies":"Small Slimes","floor":1.0,"turns":3.0},{"damage":0.0,"enemies":"Cultist","floor":3.0,"turns":4.0},{"damage":0.0,"enemies":"Jaw Worm","floor":4.0,"turns":3.0},{"damage":1.0,"enemies":"2 Fungi Beasts","floor":5.0,"turns":4.0},{"damage":11.0,"enemies":"Gremlin Nob","floor":6.0,"turns":4.0},{"damage":13.0,"enemies":"3 Sentries","floor":8.0,"turns":13.0},{"damage":0.0,"enemies":"Looter","floor":12.0,"turns":2.0},{"damage":4.0,"enemies":"Lagavulin","floor":13.0,"turns":8.0},{"damage":1.0,"enemies":"Lots of Slimes","floor":14.0,"turns":4.0},{"damage":32.0,"enemies":"Hexaghost","floor":16.0,"turns":17.0},{"damage":2.0,"enemies":"2 Thieves","floor":18.0,"turns":5.0},{"damage":0.0,"enemies":"Chosen","floor":22.0,"turns":4.0},{"damage":3.0,"enemies":"Slavers","floor":23.0,"turns":7.0},{"damage":1.0,"enemies":"Snake Plant","floor":24.0,"turns":7.0},{"damage":2.0,"enemies":"Gremlin Leader","floor":25.0,"turns":9.0},{"damage":0.0,"enemies":"Centurion and Healer","floor":27.0,"turns":7.0},{"damage":3.0,"enemies":"Slavers","floor":28.0,"turns":6.0},{"damage":4,"enemies":"Gremlin Leader","floor":31,"turns":5},{"damage":48,"enemies":"Champ","floor":33,"turns":13},{"damage":2,"enemies":"3 Shapes","floor":35,"turns":2},{"damage":0,"enemies":"Orb Walker","floor":36,"turns":2},{"damage":0,"enemies":"2 Orb Walkers","floor":38,"turns":4},{"damage":6,"enemies":"Giant Head","floor":40,"turns":8},{"damage":0,"enemies":"Reptomancer","floor":42,"turns":5},{"damage":0,"enemies":"Mind Bloom Boss Battle","floor":44,"turns":6},{"damage":0,"enemies":"4 Shapes","floor":45,"turns":2},{"damage":0,"enemies":"Jaw Worm Horde","floor":48,"turns":2},{"damage":0,"enemies":"Donu and Deca","floor":50,"turns":7},{"damage":0,"enemies":"Shield and Spear","floor":54,"turns":4},{"damage":0,"enemies":"The Heart","floor":55,"turns":7}],"seed_played":"3340404446305930983","potions_obtained":[{"floor":1.0,"key":"Poison Potion"},{"floor":4.0,"key":"CunningPotion"},{"floor":6.0,"key":"LiquidBronze"},{"floor":8.0,"key":"Strength Potion"},{"floor":14.0,"key":"CunningPotion"},{"floor":23.0,"key":"Strength Potion"},{"floor":24.0,"key":"Dexterity Potion"},{"floor":25.0,"key":"PowerPotion"},{"floor":31,"key":"Fire Potion"},{"floor":33,"key":"EssenceOfSteel"},{"floor":35,"key":"PowerPotion"},{"floor":40,"key":"SkillPotion"},{"floor":45,"key":"PowerPotion"}],"is_trial":false,"path_per_floor":["M","?","M","M","M","E","R","E","T","T","?","M","E","M","R","B",null,"M","$","?","$","M","E","M","E","T","M","E","?","R","E","R","B",null,"M","M","?","?","?","E","R","E","T","?","M","R","$","M","R","B",null,"R","$","E","B",null],"character_chosen":"THE_SILENT","items_purchased":["Reflex","InkBottle","Medical Kit","Juzu Bracelet","Omamori","Panache","Impatience","Infinite Blades"],"campfire_rested":0,"item_purchase_floors":[19,19,47,47,47,47,47,47],"current_hp_per_floor":[70,70,70,70,69,58,58,45,45,45,31,33,41,40,40,8,84,84,84,84,84,86,85,86,86,86,88,87,87,87,85,85,39,102,100,102,102,104,98,94,94,96,96,98,100,100,115,117,117,117,120,120,120,122,122],"gold":49,"neow_bonus":"RANDOM_COMMON_RELIC","is_daily":false,"chose_seed":false,"campfire_upgraded":4,"win_rate":0.0,"timestamp":1610934591,"path_taken":["M","?","M","?","?","E","R","E","T","?","?","M","E","M","R","BOSS","M","$","?","$","?","E","M","E","T","M","E","?","R","E","R","BOSS","M","M","?","?","?","E","R","E","T","?","M","R","$","M","R","BOSS","R","$","E","BOSS"],"items_purchased_type":["Card","Relic","Relic","Relic","Relic","Card","Card","Card"],"build_version":"2020-12-22","purchased_purges":4,"victory":true,"max_hp_per_floor":[70,70,70,70,70,70,70,70,70,70,70,72,84,84,84,84,84,86,86,86,86,88,90,92,94,94,96,98,98,98,100,100,102,102,102,104,104,106,110,112,112,114,114,116,118,118,118,120,120,120,120,120,120,122,122],"card_choices":[{"not_picked":["Dash","Deadly Poison","Caltrops"],"picked":"SKIP","floor":1.0},{"not_picked":["Dash","Bane","Outmaneuver"],"picked":"SKIP","floor":3.0},{"not_picked":["Dash","Deadly Poison"],"picked":"Acrobatics","floor":4.0},{"not_picked":["Poisoned Stab","Dagger Spray","Flying Knee"],"picked":"SKIP","floor":5.0},{"not_picked":["Setup","Blade Dance"],"picked":"Blur","floor":6.0},{"not_picked":["Dodge and Roll","Flechettes"],"picked":"Adrenaline","floor":8.0},{"not_picked":["Dagger Spray","Distraction","Blade Dance"],"picked":"Singing Bowl","floor":12.0},{"not_picked":["Slice","Noxious Fumes","Dash"],"picked":"Singing Bowl","floor":13.0},{"not_picked":["Poisoned Stab","Choke"],"picked":"Heel Hook","floor":14.0},{"not_picked":["Glass Knife","Bullet Time"],"picked":"After Image","floor":16.0},{"not_picked":["Acrobatics"],"picked":"Singing Bowl","floor":18.0},{"not_picked":["Distraction+1"],"picked":"Singing Bowl","floor":22.0},{"not_picked":["Catalyst"],"picked":"Singing Bowl","floor":23.0},{"not_picked":["Cloak And Dagger"],"picked":"Singing Bowl","floor":24.0},{"not_picked":["Blade Dance"],"picked":"Singing Bowl","floor":25.0},{"not_picked":["Caltrops"],"picked":"Singing Bowl","floor":27.0},{"not_picked":["Caltrops"],"picked":"Singing Bowl","floor":28.0},{"not_picked":["Deflect"],"picked":"Singing Bowl","floor":31},{"not_picked":["Night Terror"],"picked":"Singing Bowl","floor":33},{"not_picked":[],"picked":"Escape Plan","floor":35},{"not_picked":["Blade Dance"],"picked":"Singing Bowl","floor":36},{"not_picked":["Prepared+1"],"picked":"Singing Bowl","floor":38},{"not_picked":["PanicButton"],"picked":"Singing Bowl","floor":39},{"not_picked":["Secret Technique"],"picked":"Singing Bowl","floor":39},{"not_picked":[],"picked":"Trip","floor":39},{"not_picked":["Slice"],"picked":"Singing Bowl","floor":40},{"not_picked":["Acrobatics"],"picked":"Singing Bowl","floor":42},{"not_picked":["Dodge and Roll"],"picked":"Singing Bowl","floor":44},{"not_picked":["Prepared"],"picked":"Singing Bowl","floor":45},{"not_picked":["Flying Knee"],"picked":"Singing Bowl","floor":48},{"not_picked":["Prepared+1"],"picked":"Singing Bowl","floor":54}],"player_experience":1077522,"relics_obtained":[{"floor":6.0,"key":"Singing Bowl"},{"floor":8.0,"key":"Girya"},{"floor":10.0,"key":"Vajra"},{"floor":13.0,"key":"Pear"},{"floor":23.0,"key":"Paper Crane"},{"floor":25.0,"key":"CeramicFish"},{"floor":26.0,"key":"Nunchaku"},{"floor":28.0,"key":"Ninja Scroll"},{"floor":31,"key":"Regal Pillow"},{"floor":38,"key":"CaptainsWheel"},{"floor":40,"key":"MealTicket"},{"floor":42,"key":"War Paint"},{"floor":43,"key":"Gremlin Horn"},{"floor":44,"key":"Old Coin"},{"floor":54,"key":"Kunai"}],"event_choices":[{"damage_healed":0.0,"max_hp_gain":0.0,"max_hp_loss":0.0,"gold_gain":0.0,"event_name":"Match and Keep!","player_choice":"1 cards matched","floor":2.0,"gold_loss":0.0,"damage_taken":0.0,"cards_obtained":["Neutralize"]},{"damage_healed":0.0,"max_hp_gain":0.0,"max_hp_loss":0.0,"gold_gain":0.0,"event_name":"Shining Light","player_choice":"Entered Light","floor":11.0,"gold_loss":0.0,"damage_taken":14.0,"cards_upgraded":["Defend_G","Survivor"]},{"damage_healed":0.0,"max_hp_gain":0.0,"max_hp_loss":0.0,"gold_gain":250.0,"event_name":"The Joust","player_choice":"Bet on Owner","floor":20.0,"gold_loss":50.0,"damage_taken":0.0},{"damage_healed":0.0,"max_hp_gain":0.0,"max_hp_loss":0.0,"gold_gain":0.0,"event_name":"The Library","player_choice":"Read","floor":29.0,"gold_loss":0.0,"damage_taken":0.0,"cards_obtained":["Escape Plan"]},{"cards_removed":["Survivor"],"damage_healed":0,"gold_gain":0,"player_choice":"Removed Skill","damage_taken":0,"max_hp_gain":0,"max_hp_loss":0,"event_name":"Falling","floor":37,"gold_loss":0},{"damage_healed":0,"gold_gain":0,"player_choice":"Fight","damage_taken":0,"max_hp_gain":0,"max_hp_loss":0,"event_name":"Mysterious Sphere","floor":38,"gold_loss":0},{"damage_healed":0,"gold_gain":0,"player_choice":"Memory 3","damage_taken":10,"max_hp_gain":0,"max_hp_loss":0,"event_name":"SensoryStone","floor":39,"gold_loss":0},{"damage_healed":0,"gold_gain":0,"player_choice":"Fight","damage_taken":0,"max_hp_gain":0,"max_hp_loss":0,"event_name":"MindBloom","floor":44,"gold_loss":0}],"is_beta":false,"boss_relics":[{"not_picked":["SacredBark","Pandora\u0027s Box"],"picked":"Busted Crown"},{"not_picked":["Fusion Hammer","Calling Bell"],"picked":"Ring of the Serpent"}],"items_purged_floors":[19,21,47,53],"is_endless":false,"potions_floor_spawned":[1,4,6,8,14,23,24,25,31,33,35,40,42,45],"ascension_level":1}}