{"host":"1vqon1dbpr5c1qll","time":1610973476,"event":{"mods":["2.2 Compatiblity","AchievementEnabler","BaseMod","BetterRewards","Colored Map","DeckTracker","GungeonMod","Hermit","Highlight Path","Lobotomy","Minty Spire (QoL Compilation)","Permanent Neow","Quick Restart","Random Character Button","Replay The Spire","StSLib","SuperFastMode","The Cursed","The Dragon Tamer","The Servant 0.9.4","everything is the same but u backflip on backflip"],"gold_per_floor":[114,129,144,159,174,204,204,234,309,322,337,352,367,382,382,482,482,497,497,512,59,59,74,89,119,119,149,149,149,179,194,194,294,294,309,324,324,221,236,266,281,296,321,21,21,21,51,66,66,66],"floor_reached":51,"language":"KOR","playtime":4713,"items_purged":[],"score":1210,"play_id":"8de89406-991c-408f-bf10-2dfb69a520bc","local_time":"20210118213756","daily_mods":["Draft","Green Cards","Lethality"],"is_ascension_mode":false,"campfire_choices":[{"data":"hermit:Roughhouse","floor":7.0,"key":"SMITH"},{"floor":28.0,"key":"REST"},{"data":"hermit:Combo","floor":32.0,"key":"SMITH"},{"data":"hermit:EyeOfTheStorm","floor":32.0,"key":"SMITH"},{"data":"hermit:RoundhouseKick","floor":46,"key":"SMITH"},{"data":"hermit:RoundhouseKick","floor":46,"key":"SMITH"},{"floor":49,"key":"REST"}],"circlet_count":0,"master_deck":["hermit:Dive","hermit:Deadeye","hermit:Feint","hermit:BodyArmor","hermit:WideOpen","hermit:Feint","hermit:Snipe","hermit:Ricochet","hermit:Headshot","hermit:Feint","hermit:HoleUp","hermit:Ricochet","hermit:HighCaliber","hermit:WideOpen","hermit:ItchyTrigger","hermit:Dive","hermit:TrackingShot","hermit:Roughhouse+1","hermit:NoHoldsBarred","hermit:Determination","hermit:EyeOfTheStorm+1","hermit:Midnight","hermit:CursedWeapon","hermit:Glare","hermit:Quickdraw","AbeCurse","hermit:Combo+1","hermit:Feint+1","hermit:Purgatory","hermit:Roughhouse+1","hermit:LowProfile+1","hermit:WideOpen+1","hermit:Vantage+1","hermit:ShadowCloak","hermit:TakeCover+1","hermit:Dissolve+1","hermit:Enervate+1","hermit:GoldenBullet+1","hermit:RoundhouseKick+1","hermit:RoundhouseKick+1","hermit:Misfire+1","hermit:Gestalt+1","hermit:GhostlyPresence","hermit:Glare","Swift Strike","hermit:Snipe+1","hermit:Vantage+1"],"relics":["hermit:Momento","Replay:Baseball","DemoMod:LamentConfigurum","Quantum Egg","Odd Mushroom","Divine Protection","Replay:Mystery Machine","Abe\u0027s Treasure","PreservedInsect","DollysMirror","Enchiridion","Replay:Arrowhead","ReplayTheSpireMod:Shallot","Blood Vial","Garlic","Torii","Honey Jar","Singing Bowl","Bag of Preparation","Juzu Bracelet","Nunchaku","StrikeDummy"],"acts_visited":["Exordium","TheCity","TheBeyond"],"potions_floor_usage":[41,50,50],"damage_taken":[{"damage":0.0,"enemies":"Cultist","floor":1.0,"turns":2.0},{"damage":0.0,"enemies":"2 Louse","floor":2.0,"turns":2.0},{"damage":0.0,"enemies":"Small Slimes","floor":3.0,"turns":1.0},{"damage":13.0,"enemies":"Blue Slaver","floor":4.0,"turns":2.0},{"damage":0.0,"enemies":"Looter","floor":5.0,"turns":1.0},{"damage":0.0,"enemies":"Gremlin Nob","floor":6.0,"turns":2.0},{"damage":2.0,"enemies":"Replay:BlueRogue","floor":8.0,"turns":3.0},{"damage":0.0,"enemies":"The Mushroom Lair","floor":10.0,"turns":2.0},{"damage":0.0,"enemies":"3 Louse","floor":11.0,"turns":2.0},{"damage":0.0,"enemies":"Gremlin Gang","floor":12.0,"turns":2.0},{"damage":0.0,"enemies":"Looter","floor":13.0,"turns":2.0},{"damage":0.0,"enemies":"Exordium Thugs","floor":14.0,"turns":2.0},{"damage":45.0,"enemies":"Hexaghost","floor":16.0,"turns":10.0},{"damage":6.0,"enemies":"Shell Parasite","floor":18.0,"turns":3.0},{"damage":0.0,"enemies":"2 Thieves","floor":20.0,"turns":3.0},{"damage":5.0,"enemies":"Shelled Parasite and Fungi","floor":23.0,"turns":2.0},{"damage":0.0,"enemies":"Sentry and Sphere","floor":24.0,"turns":3.0},{"damage":0.0,"enemies":"Slavers","floor":25.0,"turns":2.0},{"damage":1.0,"enemies":"Gremlin Leader","floor":27.0,"turns":4.0},{"damage":0.0,"enemies":"Book of Stabbing","floor":30.0,"turns":3.0},{"damage":3.0,"enemies":"Centurion and Healer","floor":31.0,"turns":5.0},{"damage":0.0,"enemies":"Pondfish","floor":33.0,"turns":11.0},{"damage":24.0,"enemies":"3 Darklings","floor":35.0,"turns":5.0},{"damage":0.0,"enemies":"Orb Walker","floor":36.0,"turns":2.0},{"damage":0.0,"enemies":"3 Darklings","floor":39.0,"turns":2.0},{"damage":0.0,"enemies":"Nemesis","floor":40.0,"turns":5.0},{"damage":0,"enemies":"Writhing Mass","floor":41,"turns":5},{"damage":0,"enemies":"Transient","floor":42,"turns":5},{"damage":0,"enemies":"Reptomancer","floor":47,"turns":4},{"damage":3,"enemies":"Maw","floor":48,"turns":5},{"damage":11,"enemies":"Awakened One","floor":50,"turns":14}],"seed_played":"-1283480827410872575","potions_obtained":[{"floor":1.0,"key":"Energy Potion"},{"floor":2.0,"key":"SkillPotion"},{"floor":4.0,"key":"DuplicationPotion"},{"floor":6.0,"key":"Fire Potion"},{"floor":11.0,"key":"LiquidMemories"},{"floor":13.0,"key":"AttackPotion"},{"floor":20.0,"key":"Adrenaline Potion"},{"floor":24.0,"key":"Ancient Potion"},{"floor":30.0,"key":"Block Potion"},{"floor":33.0,"key":"SkillPotion"},{"floor":35.0,"key":"SpeedPotion"},{"floor":40.0,"key":"SkillPotion"}],"is_trial":false,"path_per_floor":["M","M","M","M","M","E","R","E","T","?","M","M","M","M","R_BF","B",null,"M","?","M","$","?","M","M","E","T","E","R","?","E","M","R","B",null,"M","M","?","$","M","E","M","M","T","$","?","R","E","M","R","B",null],"character_chosen":"HERMIT","items_purchased":["hermit:Purgatory","PreservedInsect","DollysMirror","hermit:RoundhouseKick","Juzu Bracelet","Nunchaku"],"campfire_rested":2,"item_purchase_floors":[21,21,21,38,44,44],"current_hp_per_floor":[75,75,75,62,62,62,62,60,60,60,60,60,60,60,60,15,75,69,69,69,69,53,48,48,48,48,47,69,85,85,82,82,84,85,61,63,63,63,65,69,71,75,75,75,75,75,77,76,89,78],"gold":66,"neow_bonus":"","is_daily":true,"chose_seed":false,"campfire_upgraded":5,"win_rate":0.0,"timestamp":1610973476,"path_taken":["M","M","M","M","?","E","R","E","T","?","M","M","M","M","R_BF","BOSS","M","?","M","$","?","M","M","E","T","E","R","?","E","M","R","BOSS","M","?","?","?","M","E","M","M","T","$","?","R","E","M","R","BOSS"],"items_purchased_type":["Card","Relic","Relic","Card","Relic","Relic"],"build_version":"2020-12-22","purchased_purges":0,"victory":true,"max_hp_per_floor":[75,75,75,75,75,75,75,75,75,75,75,75,75,75,75,75,75,75,75,75,75,75,75,75,75,75,75,75,85,85,85,85,85,85,85,85,85,85,85,87,87,89,89,89,89,89,89,89,89,89],"card_choices":[{"not_picked":["hermit:LuckOfTheDraw","hermit:BigShot"],"picked":"hermit:Dive","floor":0.0},{"not_picked":["hermit:Quickdraw","hermit:TakeCover"],"picked":"hermit:Deadeye","floor":0.0},{"not_picked":["hermit:Roulette","hermit:Brawl"],"picked":"hermit:Feint","floor":0.0},{"not_picked":["hermit:ItchyTrigger","hermit:Ricochet"],"picked":"hermit:BodyArmor","floor":0.0},{"not_picked":["hermit:BigShot","hermit:Coalescence"],"picked":"hermit:WideOpen","floor":0.0},{"not_picked":["hermit:Gestalt","hermit:Combo"],"picked":"hermit:Feint","floor":0.0},{"not_picked":["hermit:Manifest","hermit:LoneWolf"],"picked":"hermit:Snipe","floor":0.0},{"not_picked":["hermit:WideOpen","hermit:BodyArmor"],"picked":"hermit:Ricochet","floor":0.0},{"not_picked":["hermit:LuckOfTheDraw","hermit:Glare"],"picked":"hermit:Headshot","floor":0.0},{"not_picked":["hermit:LoneWolf","hermit:CalledShot"],"picked":"hermit:Feint","floor":0.0},{"not_picked":["hermit:Vantage","hermit:DeadMansHand"],"picked":"hermit:HoleUp","floor":0.0},{"not_picked":["hermit:Combo","hermit:Vantage"],"picked":"hermit:Ricochet","floor":0.0},{"not_picked":["hermit:WideOpen","hermit:TrackingShot"],"picked":"hermit:HighCaliber","floor":0.0},{"not_picked":["hermit:BodyArmor","hermit:HoleUp"],"picked":"hermit:WideOpen","floor":0.0},{"not_picked":["hermit:FullyLoaded","hermit:CalledShot"],"picked":"hermit:ItchyTrigger","floor":0.0},{"not_picked":["hermit:Cheat","hermit:Shortfuse"],"picked":"hermit:Dive","floor":1.0},{"not_picked":["hermit:Maintenance","hermit:Misfire"],"picked":"hermit:TrackingShot","floor":2.0},{"not_picked":["hermit:Shortfuse","hermit:Roulette"],"picked":"hermit:Roughhouse","floor":3.0},{"not_picked":["hermit:Desperado","hermit:Roulette"],"picked":"hermit:NoHoldsBarred","floor":4.0},{"not_picked":["hermit:Malice","hermit:FromBeyond"],"picked":"hermit:Determination","floor":5.0},{"not_picked":["hermit:FullyLoaded","hermit:WideOpen"],"picked":"hermit:EyeOfTheStorm","floor":6.0},{"not_picked":["hermit:LuckOfTheDraw","hermit:Headshot"],"picked":"hermit:Midnight","floor":8.0},{"not_picked":["hermit:Snipe","hermit:LowProfile"],"picked":"hermit:CursedWeapon","floor":11.0},{"not_picked":["hermit:Misfire","hermit:Showdown"],"picked":"hermit:Glare","floor":12.0},{"not_picked":["hermit:HighCaliber","hermit:CursedWeapon"],"picked":"hermit:Quickdraw","floor":13.0},{"not_picked":["hermit:Cheat","hermit:SprayPray","hermit:Manifest"],"picked":"SKIP","floor":14.0},{"not_picked":["hermit:Magnum","hermit:HighNoon"],"picked":"hermit:Roughhouse","floor":16.0},{"not_picked":["hermit:Misfire","hermit:TrackingShot"],"picked":"hermit:Combo","floor":18.0},{"not_picked":["hermit:BodyArmor","hermit:ShadowCloak"],"picked":"hermit:Feint+1","floor":20.0},{"not_picked":["hermit:Headshot","hermit:Horror"],"picked":"hermit:LowProfile+1","floor":23.0},{"not_picked":["hermit:Ricochet+1","hermit:DeadMansHand"],"picked":"hermit:WideOpen+1","floor":24.0},{"not_picked":["hermit:Gambit","hermit:TrackingShot+1"],"picked":"hermit:Vantage+1","floor":25.0},{"not_picked":["hermit:Ricochet","hermit:BodyArmor","hermit:Gestalt"],"picked":"SKIP","floor":27.0},{"not_picked":["hermit:SprayPray","hermit:Misfire"],"picked":"hermit:ShadowCloak","floor":30.0},{"not_picked":["hermit:CursedWeapon+1","hermit:Enervate"],"picked":"hermit:TakeCover+1","floor":31.0},{"not_picked":["hermit:OverwhelmingPower","hermit:Magnum"],"picked":"hermit:Dissolve","floor":33.0},{"not_picked":["hermit:Manifest+1","hermit:Dive+1","hermit:Glare+1"],"picked":"hermit:Enervate+1","floor":35.0},{"not_picked":["hermit:BodyArmor+1","hermit:Deadeye","hermit:LuckOfTheDraw+1"],"picked":"hermit:GoldenBullet+1","floor":36.0},{"not_picked":["hermit:Desperado","hermit:SprayPray","hermit:Gestalt+1"],"picked":"hermit:Misfire+1","floor":39.0},{"not_picked":["hermit:Gestalt+1","hermit:Quickdraw","hermit:WideOpen","hermit:HighNoon"],"picked":"Singing Bowl","floor":40.0},{"not_picked":["hermit:Gestalt+1","hermit:Snipe","hermit:CursedWeapon"],"picked":"hermit:GhostlyPresence","floor":41},{"not_picked":["hermit:Glare","hermit:Roulette","hermit:Shortfuse","hermit:Desperado+1"],"picked":"Singing Bowl","floor":42},{"not_picked":["hermit:Malice","hermit:HeroicBravado","hermit:PistolWhip"],"picked":"hermit:Snipe+1","floor":47},{"not_picked":["hermit:ItchyTrigger+1","hermit:LowProfile","hermit:WideOpen+1"],"picked":"hermit:Vantage+1","floor":48}],"player_experience":959082,"relics_obtained":[{"floor":6.0,"key":"Replay:Baseball"},{"floor":8.0,"key":"DemoMod:LamentConfigurum"},{"floor":9.0,"key":"Quantum Egg"},{"floor":10.0,"key":"Odd Mushroom"},{"floor":22.0,"key":"Enchiridion"},{"floor":25.0,"key":"Replay:Arrowhead"},{"floor":26.0,"key":"ReplayTheSpireMod:Shallot"},{"floor":27.0,"key":"Blood Vial"},{"floor":30.0,"key":"Garlic"},{"floor":40.0,"key":"Singing Bowl"},{"floor":43,"key":"Bag of Preparation"},{"floor":47,"key":"StrikeDummy"}],"event_choices":[{"damage_healed":0.0,"max_hp_gain":0.0,"max_hp_loss":0.0,"gold_gain":0.0,"event_name":"Mushrooms","player_choice":"Fought Mushrooms","floor":10.0,"gold_loss":0.0,"damage_taken":0.0},{"damage_healed":0.0,"max_hp_gain":0.0,"max_hp_loss":0.0,"gold_gain":0.0,"event_name":"Big Fish","player_choice":"Box","floor":15.0,"gold_loss":0.0,"damage_taken":0.0,"relics_obtained":["Replay:Mystery Machine"],"cards_obtained":["Regret"]},{"cards_removed":["Regret"],"damage_healed":0.0,"max_hp_gain":0.0,"max_hp_loss":0.0,"gold_gain":0.0,"event_name":"Back to Basics","player_choice":"Elegance","floor":19.0,"gold_loss":0.0,"damage_taken":0.0},{"damage_healed":0.0,"max_hp_gain":0.0,"max_hp_loss":0.0,"gold_gain":0.0,"event_name":"Cursed Tome","player_choice":"Obtained Book","floor":22.0,"gold_loss":0.0,"damage_taken":16.0},{"cards_removed":["hermit:Roughhouse"],"damage_healed":6.0,"max_hp_gain":10.0,"max_hp_loss":0.0,"gold_gain":0.0,"event_name":"Bonfire Elementals","player_choice":"Offered Rare","floor":29.0,"gold_loss":0.0,"damage_taken":0.0},{"damage_healed":0.0,"max_hp_gain":0.0,"max_hp_loss":0.0,"gold_gain":0.0,"event_name":"Upgrade Shrine","player_choice":"Upgraded","floor":37.0,"gold_loss":0.0,"damage_taken":0.0,"cards_upgraded":["hermit:Dissolve"]},{"damage_healed":0,"gold_gain":0,"player_choice":"1 cards matched","damage_taken":0,"max_hp_gain":0,"max_hp_loss":0,"event_name":"Match and Keep!","floor":45,"gold_loss":0,"cards_obtained":["Swift Strike"]}],"is_beta":false,"boss_relics":[{"not_picked":["Snecko Eye","Fusion Hammer"],"picked":"Abe\u0027s Treasure"},{"not_picked":["Snecko Heart","Replay:Bronze Core"],"picked":"Honey Jar"}],"items_purged_floors":[],"is_endless":false,"potions_floor_spawned":[1,2,4,6,11,13,20,24,30,33,35,40],"ascension_level":0}}