{"host":"07e1k1rk6c4zn0bu","time":1610946475,"event":{"mods":["AchievementEnabler","BaseMod","Bestiary","Colored Map","Colored Powertips","DeckTracker","Minty Spire (QoL Compilation)","StSLib"],"gold_per_floor":[114,41,56,56,131,169,43,43,68,93,112,112,131,150,150,275,275,294,294,144,163,262,300,300,300,300,300,300,150,188,38,38,38,38],"floor_reached":33,"language":"ENG","playtime":1497,"items_purged":["Injury"],"score":329,"play_id":"a6a4aff0-95bc-4461-b165-0c9c10371482","local_time":"20210118000755","daily_mods":["Draft","Flight","Lethality"],"is_ascension_mode":false,"campfire_choices":[{"floor":12,"key":"REST"},{"data":"True Grit","floor":15,"key":"SMITH"},{"floor":25,"key":"REST"},{"floor":27,"key":"REST"},{"data":"Double Tap","floor":28,"key":"SMITH"},{"floor":32,"key":"REST"}],"circlet_count":0,"master_deck":["Rampage","Cleave","Anger","Armaments","Armaments","Sentinel","Entrench","Heavy Blade","Dual Wield","Dropkick","Anger","Clothesline","True Grit+1","Wild Strike","Bloodletting","Body Slam","Ghostly Armor","Clash","Havoc","Battle Trance","Carnage","Limit Break","Double Tap+1","Disarm","Perfected Strike","Ghostly Armor","Shrug It Off","Perfected Strike+1","Anger+1","Corruption"],"relics":["Burning Blood","Golden Idol","Juzu Bracelet","Tiny Chest","Boot","Omamori","Mark of Pain","Orrery","Happy Flower","Darkstone Periapt","HornCleat","Akabeko","Bird Faced Urn","Regal Pillow"],"acts_visited":["Exordium","TheCity"],"potions_floor_usage":[16,33,33,33,33,33],"damage_taken":[{"damage":0,"enemies":"Cultist","floor":1,"turns":2},{"damage":17,"enemies":"2 Louse","floor":3,"turns":2},{"damage":16,"enemies":"Lagavulin","floor":6,"turns":5},{"damage":0,"enemies":"Small Slimes","floor":11,"turns":2},{"damage":8,"enemies":"Blue Slaver","floor":13,"turns":2},{"damage":8,"enemies":"Looter","floor":14,"turns":2},{"damage":3,"enemies":"Slime Boss","floor":16,"turns":4},{"damage":19,"enemies":"2 Thieves","floor":18,"turns":3},{"damage":18,"enemies":"Shell Parasite","floor":21,"turns":4},{"damage":65,"enemies":"Book of Stabbing","floor":23,"turns":5},{"damage":45,"enemies":"Slavers","floor":30,"turns":6},{"damage":87,"enemies":"Champ","floor":33,"turns":9}],"seed_played":"-1283480827410872575","potions_obtained":[{"floor":1,"key":"Energy Potion"},{"floor":3,"key":"LiquidBronze"},{"floor":6,"key":"HeartOfIron"},{"floor":21,"key":"EssenceOfSteel"},{"floor":30,"key":"EntropicBrew"}],"is_trial":false,"path_per_floor":["M","$","M","?","?","E","$","T","T","T","M","R","M","M","R","B",null,"M","?","$","M","?","E","T","R","T","R","R","$","E","$","R","B"],"character_chosen":"IRONCLAD","items_purchased":["Ghostly Armor","Havoc","Orrery","Akabeko","Regal Pillow"],"campfire_rested":4,"item_purchase_floors":[2,7,20,29,31],"current_hp_per_floor":[80,80,69,69,58,48,48,48,48,48,54,78,76,74,74,77,80,67,90,90,78,78,19,19,46,46,73,73,73,34,34,76,0,0],"gold":38,"neow_bonus":"","is_daily":true,"chose_seed":false,"campfire_upgraded":2,"win_rate":0.0,"timestamp":1610946475,"path_taken":["M","$","?","?","?","E","?","?","T","?","M","R","M","M","R","BOSS","M","?","$","M","?","E","?","R","T","R","R","?","E","$","R","BOSS"],"items_purchased_type":["Card","Card","Relic","Relic","Relic"],"build_version":"2020-12-22","purchased_purges":1,"victory":false,"max_hp_per_floor":[80,80,80,80,80,80,80,80,80,80,80,80,80,80,80,80,80,80,90,90,90,90,90,90,90,90,90,90,90,90,90,90,90,90],"card_choices":[{"not_picked":["Second Wind","True Grit"],"picked":"Rampage","floor":0},{"not_picked":["Metallicize","Feel No Pain"],"picked":"Cleave","floor":0},{"not_picked":["Flex","Hemokinesis"],"picked":"Anger","floor":0},{"not_picked":["Twin Strike","Clash"],"picked":"Armaments","floor":0},{"not_picked":["Sword Boomerang","Hemokinesis"],"picked":"Armaments","floor":0},{"not_picked":["Cleave","Inflame"],"picked":"Sentinel","floor":0},{"not_picked":["Iron Wave","Wild Strike"],"picked":"Entrench","floor":0},{"not_picked":["True Grit","Cleave"],"picked":"Heavy Blade","floor":0},{"not_picked":["Cleave","Thunderclap"],"picked":"Dual Wield","floor":0},{"not_picked":["Flex","Armaments"],"picked":"Dropkick","floor":0},{"not_picked":["True Grit","Feel No Pain"],"picked":"Anger","floor":0},{"not_picked":["Sentinel","Anger"],"picked":"Clothesline","floor":0},{"not_picked":["Armaments","Anger"],"picked":"True Grit","floor":0},{"not_picked":["Armaments","Flex"],"picked":"Wild Strike","floor":0},{"not_picked":["Warcry","Shrug It Off"],"picked":"Bloodletting","floor":0},{"not_picked":["True Grit","Cleave"],"picked":"Body Slam","floor":1},{"not_picked":["Reckless Charge","Cleave"],"picked":"Clash","floor":3},{"not_picked":["Havoc","Heavy Blade"],"picked":"Limit Break","floor":6},{"not_picked":["Wild Strike","Warcry"],"picked":"Battle Trance","floor":11},{"not_picked":["Havoc","Wild Strike"],"picked":"Carnage","floor":13},{"not_picked":["Warcry","Rupture"],"picked":"Limit Break","floor":14},{"not_picked":["Impervious","Juggernaut"],"picked":"Double Tap","floor":16},{"not_picked":["Iron Wave","Fire Breathing","Clash"],"picked":"SKIP","floor":18},{"not_picked":["Sword Boomerang","Anger"],"picked":"Disarm","floor":20},{"not_picked":["Intimidate","Cleave+1"],"picked":"Perfected Strike","floor":20},{"not_picked":["Combust+1","Clash"],"picked":"Ghostly Armor","floor":20},{"not_picked":["Hemokinesis","Armaments+1"],"picked":"Shrug It Off","floor":20},{"not_picked":["Body Slam+1","Ghostly Armor"],"picked":"Perfected Strike+1","floor":20},{"not_picked":["Exhume","Clothesline+1"],"picked":"Anger+1","floor":21},{"not_picked":["Havoc","Warcry","Body Slam"],"picked":"SKIP","floor":23},{"not_picked":["Sword Boomerang","Shrug It Off"],"picked":"Corruption","floor":30}],"player_experience":56981,"relics_obtained":[{"floor":6,"key":"Juzu Bracelet"},{"floor":8,"key":"Tiny Chest"},{"floor":9,"key":"Boot"},{"floor":10,"key":"Omamori"},{"floor":23,"key":"Happy Flower"},{"floor":24,"key":"Darkstone Periapt"},{"floor":26,"key":"HornCleat"},{"floor":30,"key":"Bird Faced Urn"}],"event_choices":[{"damage_healed":0,"gold_gain":0,"player_choice":"Take Wound","damage_taken":0,"relics_obtained":["Golden Idol"],"max_hp_gain":0,"max_hp_loss":0,"event_name":"Golden Idol","floor":4,"gold_loss":0,"cards_obtained":["Injury"]},{"damage_healed":0,"gold_gain":75,"player_choice":"Gather Gold","damage_taken":11,"max_hp_gain":0,"max_hp_loss":0,"event_name":"World of Goop","floor":5,"gold_loss":0},{"cards_removed":["Limit Break"],"damage_healed":13,"gold_gain":0,"player_choice":"Offered Rare","damage_taken":0,"max_hp_gain":10,"max_hp_loss":0,"event_name":"Bonfire Elementals","floor":19,"gold_loss":0},{"damage_healed":0,"gold_gain":99,"player_choice":"Stole From Cult","damage_taken":0,"max_hp_gain":0,"max_hp_loss":0,"event_name":"Nest","floor":22,"gold_loss":0}],"is_beta":false,"boss_relics":[{"not_picked":["Runic Dome","Sozu"],"picked":"Mark of Pain"}],"items_purged_floors":[7],"is_endless":false,"potions_floor_spawned":[1,3,6,21,30],"killed_by":"Champ","ascension_level":0}}