{"host":"kzg3uglj8yekbxlz","time":1610941622,"event":{"mods":["Act Like it!","Alarm Clock","BaseMod","Better Synergies","Better Vampires","CapriCore","Challenge The Spire","Curses Come First","Displayed Cursed Tome","Downfall","Evolution","Gensokyo","Hallownest","Highlight Path","HololiveMod","HumanHunterMod(怪物杀人mod)","KinomotoSakuraMod(木之本樱)","Koishi","Lobotomy","LobotomyExtend","Marisa（F雨　魔理沙）","Minty Spire (QoL Compilation)","Poem Panic","Poor People Problems","Prisma Mod","Shop Mod","StSLib","The Administrix","The Alterego","The Bug Knight","The Hierophant","The Immortal","TheWitcher","WarShipGirlsR/战舰少女R mod","Yuri Mod","残留之物"],"gold_per_floor":[283,283,283,355,355,355,429,20,44,72,72,72,98,157,157,296,296,373,333,333,404,477,477,477,599,599,599,351,351,351,351,351,518,518,518,518],"floor_reached":35,"language":"ZHS","playtime":7260,"items_purged":["ClowCardTheDark","Machine Learning","SnafuTest:CurseWeakArmy"],"score":1522,"play_id":"41f1d82a-3d88-4e59-8e52-331bfd8b8102","local_time":"20210118114702","daily_mods":["Shiny","Red Cards","Green Cards","Blue Cards","Flight","downfall:Lament"],"is_ascension_mode":true,"campfire_choices":[{"data":"SnafuTest:MilitaryReview","floor":6.0,"key":"SMITH"},{"data":"SnafuTest:LastWish","floor":11.0,"key":"SMITH"},{"data":"Seek","floor":15.0,"key":"SMITH"},{"data":"alterego_mod:Vow","floor":23.0,"key":"SMITH"},{"data":"hierophant:BulkyChest","floor":24.0,"key":"SMITH"},{"data":"SnafuTest:Oriole","floor":30.0,"key":"PURGE"},{"data":"Adoration","floor":32.0,"key":"SMITH"}],"circlet_count":0,"master_deck":["Hololive_DiamondStrike","Hololive_Thief","Hololive_AWSL","PlaceholderMod:HornyCollision","PlaceholderMod:DoublePoint","PlaceholderMod:PericyclicReaction","PlaceholderMod:Activation+1","PlaceholderMod:Eat","PlaceholderMod:Assimilation","yuri:Virus+1","yuri:Suicide","Guardian:ExploitGems","Guardian:StasisStrike","Guardian:StasisField","Guardian:CompilePackage","SnafuTest:WarofClans","SnafuTest:LastWish+1","SnafuTest:PowerContactIsContract","SnafuTest:SweetHome","SnafuTest:BloodLineTracing","SnafuTest:FreyaBlessing","SnafuTest:MelitelesCare","SnafuTest:Awake","SnafuTest:ConciliatoryPresence","SnafuTest:MilitaryReview+1","SnafuTest:IndifferentImmortality","SnafuTest:GraveDancingPaleFire","MokouMod:Extinguish+1","MokouMod:Rekindle+1","alterego_mod:IdEs","alterego_mod:Vow+1","alterego_mod:SideboobHour","alterego_mod:Tantrum","AdministrixMod:FalseDeath","AdministrixMod:BattleforgedBonds","AdministrixMod:BrewingCloister","AdministrixMod:CosmosControl","AdministrixMod:LifeforceNet","AdministrixMod:TenDesires","rmod:windflower","rmod:desperatesituation","rmod:highspeedmaneuver","rmod:saltedfish","rmod:seals","rmod:ridicule+1","rmod:u235","hierophant:BulkyChest+1","hierophant:Invocation","PrismaMod:ChloeExhaustThree","PrismaMod:ChloeAnyAttackTrace","PrismaMod:ChloeAnyPowerTrace","PrismaMod:ChloeAnySkillTrace","PrismaMod:ChloeAnyRareTrace","PrismaMod:ChloeCarnivalAttack","PrismaMod:ChloeCarnivalDefend","PrismaMod:ChloeUnlimitedBladeWorks","PrismaMod:ChloeDevil","BigCrunch","TreasureHunter+1","BinaryStars","GoldRush","CENSORED_ego","DaCapo","Adoration+1","SoundOfStar","TheSmile","Koishi:MindStellarRelief","Koishi:PerfectMindControl","Koishi:SilentAndRestless","ClowCardTheTime","ClowCardTheFight","ClowCardTheDash","Core Surge","Seek+1","Reboot","Adrenaline","Doppelganger","Exhume","Impervious","LessonLearned","MasterReality","Scrawl","Vault","Blasphemy","DeusExMachina","Omniscience","Crescendo","alterego_mod:Birthday","alterego_mod:Belle"],"relics":["PureWater","EVO:Axolotl","NeowsBlessing","hexamod:TheBrokenSeal","LetterFromLob","TeardropLocket","Blue Candle","StrikeDummy","Darkstone Periapt","White Beast Statue","MerchantsRug","Frozen Eye","Oddly Smooth Stone","Calipers","yuri:PortableGlitches","CaptainsWheel","Du-Vu Doll","Cursed Key","Turnip","StoneCalendar","FossilizedHelix","Orichalcum","Peace Pipe","Boot","GoldenEye","Coffee Dripper"],"acts_visited":["Exordium","TheCity","TheBeyond"],"potions_floor_usage":[],"damage_taken":[{"damage":0.0,"enemies":"Cultist","floor":1.0,"turns":3.0},{"damage":0.0,"enemies":"2 Louse","floor":4.0,"turns":1.0},{"damage":0.0,"enemies":"Jaw Worm","floor":7.0,"turns":1.0},{"damage":0.0,"enemies":"Red Slaver","floor":10.0,"turns":1.0},{"damage":0.0,"enemies":"Gremlin Gang","floor":13.0,"turns":1.0},{"damage":0.0,"enemies":"The Guardian","floor":16.0,"turns":1.0},{"damage":0.0,"enemies":"3 Byrds","floor":18.0,"turns":1.0},{"damage":0.0,"enemies":"Spheric Guardian","floor":21.0,"turns":1.0},{"damage":0.0,"enemies":"Chosen and Byrds","floor":22.0,"turns":1.0},{"damage":0.0,"enemies":"Gremlin Leader","floor":25.0,"turns":1.0},{"damage":0.0,"enemies":"Champ","floor":33.0,"turns":1.0},{"damage":0,"enemies":"3 Shapes","floor":35,"turns":1}],"seed_played":"-5617500414241475068","potions_obtained":[{"floor":1.0,"key":"Fire Potion"},{"floor":10.0,"key":"CultistPotion"},{"floor":13.0,"key":"StancePotion"},{"floor":16.0,"key":"Fruit Juice"},{"floor":18.0,"key":"DistilledChaos"},{"floor":21.0,"key":"StancePotion"},{"floor":22.0,"key":"Strength Potion"},{"floor":25.0,"key":"LiquidBronze"},{"floor":33.0,"key":"Weak Potion"}],"is_trial":true,"path_per_floor":["M","T","?","M","T","R","M","$","T","M","R","?","M","$","R","B",null,"M","$","?","M","M","R","R","E","T","?","$","?","R","?","R","B",null,"M"],"character_chosen":"WATCHER","items_purchased":["MerchantsRug","Frozen Eye","Boot"],"campfire_rested":0,"item_purchase_floors":[8,8,28],"current_hp_per_floor":[79,79,79,84,84,84,85,85,85,86,86,86,87,87,87,93,93,98,98,98,99,100,100,100,101,107,107,107,107,107,107,107,108,108,109,109],"gold":518,"neow_bonus":"","is_daily":false,"chose_seed":false,"campfire_upgraded":6,"win_rate":0.0,"timestamp":1610941622,"path_taken":["M","?","?","?","?","R","?","$","T","?","R","?","?","?","R","BOSS","M","$","?","?","?","R","R","E","T","?","$","?","R","?","R","BOSS","M"],"items_purchased_type":["Relic","Relic","Relic"],"build_version":"2020-12-22","purchased_purges":3,"victory":false,"max_hp_per_floor":[79,79,79,84,84,84,85,85,85,86,86,86,87,87,87,93,93,98,98,98,99,100,100,100,101,107,107,107,107,107,107,107,108,108,109,109],"card_choices":[{"not_picked":["Hololive_Spy","Rampage"],"picked":"Crescendo","floor":1.0},{"not_picked":["Prostrate","Guardian:WalkerClaw","hexamod:FifthSeal"],"picked":"SKIP","floor":4.0},{"not_picked":["hexamod:GhostShield","ShootingEcho"],"picked":"alterego_mod:Birthday","floor":7.0},{"not_picked":["yuri:Spin","hierophant:ConvertCurrency","Koishi:ReflexRadar"],"picked":"SKIP","floor":10.0},{"not_picked":["alterego_mod:Skirt","Guardian:Gem_Lightblue","PrismaMod:ChloeCheapDefend"],"picked":"SKIP","floor":13.0},{"not_picked":["Hololive_Rebound","Hololive_Breathe","alterego_mod:Cooking"],"picked":"SKIP","floor":18.0},{"not_picked":["Koishi:ParalyzingFear","ClowCardTheSilent","Noxious Fumes"],"picked":"SKIP","floor":21.0},{"not_picked":["hierophant:MorningPrayer","PrismaMod:ChloeCaladbolg"],"picked":"alterego_mod:Belle","floor":22.0},{"not_picked":["rmod:advancebysurprise","SnafuTest:FreyaBlessing","FollowUp"],"picked":"SKIP","floor":25.0}],"player_experience":752686,"relics_obtained":[{"floor":1.0,"key":"LetterFromLob"},{"floor":2.0,"key":"TeardropLocket"},{"floor":5.0,"key":"StrikeDummy"},{"floor":7.0,"key":"Darkstone Periapt"},{"floor":7.0,"key":"White Beast Statue"},{"floor":9.0,"key":"Oddly Smooth Stone"},{"floor":10.0,"key":"Calipers"},{"floor":12.0,"key":"yuri:PortableGlitches"},{"floor":13.0,"key":"CaptainsWheel"},{"floor":16.0,"key":"Du-Vu Doll"},{"floor":21.0,"key":"Turnip"},{"floor":22.0,"key":"StoneCalendar"},{"floor":25.0,"key":"FossilizedHelix"},{"floor":25.0,"key":"Orichalcum"},{"floor":26.0,"key":"Peace Pipe"},{"floor":33.0,"key":"GoldenEye"}],"event_choices":[{"cards_removed":["PrismaMod:ChloeAnyUncommonTrace"],"damage_healed":0.0,"max_hp_gain":0.0,"max_hp_loss":0.0,"gold_gain":0.0,"event_name":"WeMeetAgain","player_choice":"Gave Card","floor":3.0,"gold_loss":0.0,"damage_taken":0.0,"relics_obtained":["Blue Candle"]},{"damage_healed":0.0,"max_hp_gain":0.0,"max_hp_loss":0.0,"gold_gain":0.0,"event_name":"Wheel of Change","player_choice":"Relic","floor":12.0,"gold_loss":0.0,"damage_taken":0.0},{"damage_healed":0.0,"max_hp_gain":0.0,"max_hp_loss":0.0,"gold_gain":0.0,"cards_transformed":["PlaceholderMod:InnerSoften"],"event_name":"Transmorgrifier","player_choice":"Transformed","floor":20.0,"gold_loss":0.0,"damage_taken":0.0,"cards_obtained":["SnafuTest:Oriole"]},{"damage_healed":0.0,"max_hp_gain":0.0,"max_hp_loss":0.0,"gold_gain":0.0,"event_name":"Vampires","player_choice":"Became a vampire","floor":29.0,"gold_loss":0.0,"damage_taken":0.0,"cards_obtained":[]}],"is_beta":false,"boss_relics":[{"not_picked":["Philosopher\u0027s Stone","SacredBark"],"picked":"Cursed Key"},{"not_picked":["PlaceholderMod:LiveLive","Hololive_TopUpMoneyS"],"picked":"Coffee Dripper"}],"items_purged_floors":[8,19,28],"is_endless":true,"potions_floor_spawned":[1,10,13,16,18,21,22,25,33],"killed_by":"3 Shapes","ascension_level":20}}