{"host":"jkrqlov8aogccnw1","time":1610940754,"event":{"mods":["Aspiration","BaseMod","Colored Map","Colored Powertips","Conspire","GifTheSpireLib","Halation","Hubris","Infinite Spire","Jedi Mod","Minty Spire (QoL Compilation)","Permanent Neow","Rare Cards Sparkle","Relic Filter","Replay The Spire","StSLib","vexMod"],"gold_per_floor":[109,109,119,130,144,177,177,189,238,269,288,288,314,168,168,268,268,282,282,182,196,196,196,228,228,228,241,267,286,314,414,414,518,518,528,542,552,552,552],"floor_reached":38,"language":"ENG","playtime":2253,"items_purged":["Strike_B","jedi:frostbite","Replay:Hysterical Blindness"],"score":556,"play_id":"64f051ff-bb73-4a0b-9885-7e8eb1396b4e","local_time":"20210117223234","is_ascension_mode":true,"campfire_choices":[{"data":"jedi:BurstLightning","floor":7,"key":"SMITH"},{"data":"jedi:BurstLightning","floor":12,"key":"SMITH"},{"data":"jedi:BurstLightning","floor":23,"key":"SMITH"},{"data":"jedi:BurstLightning","floor":25,"key":"SMITH"},{"data":"jedi:BurstLightning","floor":32,"key":"SMITH"}],"circlet_count":0,"master_deck":["Strike_B","Strike_B","Strike_B","Defend_B","Defend_B","Defend_B","Defend_B","Zap","Dualcast","jedi:BurstLightning+1","hubris:PowerSurge","jedi:locknload","Redo","jedi:BurstLightning+1","jedi:BurstLightning+1","Auto Shields","Storm","Storm+1","jedi:BurstLightning+1","Electrodynamics","Replay:Hysterical Blindness","Defragment+1","jedi:BurstLightning+1","Barrage","Static Discharge","FIFO Queue","Hologram+1","hubris:Ukulele","Ball Lightning","Conserve Battery+1"],"relics":["Cracked Core","Replay:Antivirus Software","Dream Catcher","conspire:BottledYoYo","Prayer Wheel","StoneCalendar","Replay:Ancient Bell","Toy Ornithopter","conspire:Flyswatter","BranchBurnRelic","hubris:Spice","Pen Nib","hubris:AstralHammer","StrikeDummy","aspiration:BursterCore"],"acts_visited":["Exordium","TheCity","TheBeyond"],"potions_floor_usage":[13,13,33,33,33],"damage_taken":[{"damage":6,"enemies":"Jaw Worm","floor":1,"turns":3},{"damage":1,"enemies":"Cultist","floor":3,"turns":3},{"damage":0,"enemies":"infinitespire:Voidling","floor":4,"turns":2},{"damage":13,"enemies":"Large Slime","floor":5,"turns":5},{"damage":4,"enemies":"Replay:BlueRogue","floor":6,"turns":3},{"damage":10,"enemies":"Looter","floor":8,"turns":3},{"damage":16,"enemies":"Gremlin Nob","floor":10,"turns":3},{"damage":13,"enemies":"Red Slaver","floor":11,"turns":3},{"damage":26,"enemies":"Lagavulin","floor":13,"turns":4},{"damage":0,"enemies":"Slime Boss","floor":16,"turns":4},{"damage":25,"enemies":"2 Thieves","floor":18,"turns":3},{"damage":28,"enemies":"3 Byrds","floor":21,"turns":4},{"damage":10,"enemies":"conspire:SneckoGhost","floor":24,"turns":5},{"damage":8,"enemies":"Centurion and Healer","floor":27,"turns":3},{"damage":26,"enemies":"Gremlin Leader","floor":28,"turns":3},{"damage":22,"enemies":"conspire:HollyBat","floor":29,"turns":6},{"damage":20,"enemies":"conspire:Head Lice","floor":30,"turns":4},{"damage":42,"enemies":"conspire:MysteriousRune","floor":33,"turns":5},{"damage":18,"enemies":"Orb Walker","floor":35,"turns":3},{"damage":4,"enemies":"3 Darklings","floor":36,"turns":2},{"damage":55,"enemies":"Jaw Worm Horde","floor":37,"turns":3},{"damage":14,"enemies":"2 Orb Walkers","floor":38,"turns":1}],"seed_played":"-3768440022400519724","potions_obtained":[{"floor":1,"key":"BlessingOfTheForge"},{"floor":2,"key":"Energy Potion"},{"floor":2,"key":"Swift Potion"},{"floor":24,"key":"FocusPotion"},{"floor":28,"key":"SpeedPotion"},{"floor":33,"key":"jedi:wingpotion"}],"is_trial":false,"path_per_floor":["M","?","M","M","M","E","R","M","T","E","M","R","E","$","R_BF","B",null,"M","?","$","M","AVR","R","E","R","T","M","E","M","E","?","R","B",null,"M","M","M","?"],"character_chosen":"DEFECT","items_purchased":["Storm"],"campfire_rested":0,"item_purchase_floors":[14],"current_hp_per_floor":[69,69,68,68,55,51,51,41,41,25,12,12,57,57,75,75,75,50,36,36,8,8,8,20,20,20,21,62,40,20,20,20,7,88,70,66,11,0,0],"gold":552,"neow_bonus":"THREE_CARDS","is_daily":false,"chose_seed":false,"campfire_upgraded":5,"win_rate":0.0,"timestamp":1610940754,"path_taken":["M","?","?","M","?","E","R","M","T","E","M","R","E","$","R_BF","BOSS","M","?","$","M","AVR","R","E","R","T","M","E","M","E","?","R","BOSS","M","M","M","?"],"items_purchased_type":["Card"],"build_version":"2020-12-22","purchased_purges":3,"victory":false,"max_hp_per_floor":[75,75,75,75,75,75,75,75,75,75,75,75,75,75,75,75,75,75,80,80,80,80,80,88,88,88,88,88,88,88,88,88,88,88,88,88,88,88,88],"card_choices":[{"not_picked":["Scrape","Redo"],"picked":"jedi:BurstLightning","floor":0},{"not_picked":["Leap","BasicCrystalCard"],"picked":"hubris:PowerSurge","floor":1},{"not_picked":["Cold Snap","Rebound"],"picked":"jedi:locknload","floor":3},{"not_picked":["hubris:PowerSurge","Turbo"],"picked":"Redo","floor":4},{"not_picked":["Streamline","Coolheaded"],"picked":"jedi:BurstLightning","floor":5},{"not_picked":["Steam","Aggregate","conspire:SharedLibrary"],"picked":"SKIP","floor":6},{"not_picked":["Cold Snap","Reinforced Body"],"picked":"jedi:BurstLightning","floor":8},{"not_picked":["jedi:hex","Panic Button"],"picked":"ReplayTheSpireMod:Fabricate Wheel","floor":10},{"not_picked":["Skim","BasicCrystalCard"],"picked":"Auto Shields","floor":11},{"not_picked":["Turbo","Sunder","ReplayTheSpireMod:System Scan"],"picked":"SKIP","floor":11},{"not_picked":["BasicCrystalCard","Coolheaded"],"picked":"Storm","floor":13},{"not_picked":["Hologram","jedi:BurstDark"],"picked":"jedi:BurstLightning","floor":15},{"not_picked":["ReplayTheSpireMod:Splinters","Decay"],"picked":"Replay:Hysterical Blindness","floor":17},{"not_picked":["hubris:Gluttony","hubris:Despair"],"picked":"Replay:Hysterical Blindness","floor":17},{"not_picked":["ReplayTheSpireMod:Splinters","hubris:Greed"],"picked":"jedi:frostbite","floor":17},{"not_picked":["Coolheaded","Stack"],"picked":"Defragment+1","floor":18},{"not_picked":["Streamline","Coolheaded+1"],"picked":"jedi:BurstLightning","floor":18},{"not_picked":["Lockon+1","Recycle"],"picked":"Barrage","floor":21},{"not_picked":["ReplayTheSpireMod:Repulse","BasicCrystalCard","Blizzard"],"picked":"SKIP","floor":21},{"not_picked":["Go for the Eyes","Turbo+1"],"picked":"Static Discharge","floor":24},{"not_picked":["Conserve Battery","Fission"],"picked":"FIFO Queue","floor":27},{"not_picked":["Turbo","Go for the Eyes","ReplaySort"],"picked":"SKIP","floor":27},{"not_picked":["Stack","Redo+1"],"picked":"Hologram+1","floor":28},{"not_picked":["BasicCrystalCard+1","Steam","Compile Driver"],"picked":"SKIP","floor":29},{"not_picked":["ReplayGash","BasicCrystalCard","ReplayTheSpireMod:Dual Polarity"],"picked":"SKIP","floor":29},{"not_picked":["jedi:BurstLightning+1","Rebound"],"picked":"hubris:Ukulele","floor":30},{"not_picked":["Doom and Gloom","Sweeping Beam+1"],"picked":"Ball Lightning","floor":35},{"not_picked":["BootSequence","Streamline"],"picked":"Conserve Battery+1","floor":35},{"not_picked":["Coolheaded","Lockon+1","BasicCrystalCard"],"picked":"SKIP","floor":36},{"not_picked":["Genetic Algorithm+1","Cold Snap","Leap"],"picked":"SKIP","floor":36},{"not_picked":["Cold Snap+1","Rebound+1","ReplayTheSpireMod:Omega Cannon"],"picked":"SKIP","floor":37},{"not_picked":["Lockon+1","Aggregate+1","Fusion"],"picked":"SKIP","floor":37}],"player_experience":157390,"relics_obtained":[{"floor":6,"key":"Replay:Antivirus Software"},{"floor":9,"key":"Dream Catcher"},{"floor":10,"key":"conspire:BottledYoYo"},{"floor":13,"key":"StoneCalendar"},{"floor":24,"key":"hubris:Spice"},{"floor":26,"key":"Pen Nib"},{"floor":28,"key":"hubris:AstralHammer"},{"floor":30,"key":"StrikeDummy"}],"event_choices":[{"damage_healed":0,"gold_gain":0,"player_choice":"Got Potions","damage_taken":0,"max_hp_gain":0,"max_hp_loss":0,"event_name":"Lab","floor":2,"gold_loss":0},{"damage_healed":0,"gold_gain":0,"player_choice":"Shed Blood","damage_taken":19,"max_hp_gain":5,"max_hp_loss":0,"event_name":"Forgotten Altar","floor":19,"gold_loss":0},{"damage_healed":0,"gold_gain":100,"player_choice":"Pray","damage_taken":0,"max_hp_gain":0,"max_hp_loss":0,"event_name":"Golden Shrine","floor":31,"gold_loss":0},{"damage_healed":0,"gold_gain":0,"player_choice":"Fight","damage_taken":0,"max_hp_gain":0,"max_hp_loss":0,"event_name":"Mysterious Sphere","floor":38,"gold_loss":0}],"is_beta":false,"boss_relics":[{"not_picked":["aspiration:SecretTechniqueScroll","hubris:Stopwatch"],"picked":"Replay:Ancient Bell"},{"not_picked":["Smiling Mask","Potion Belt"],"picked":"Toy Ornithopter"},{"not_picked":["jedi:angrymask","infinitespire:CheckeredPen"],"picked":"conspire:Flyswatter"},{"not_picked":["hubris:BundleOfHerbs","Girya"],"picked":"Dead Branch"},{"not_picked":["vexMod:RockOfEvil","vexMod:MysteryBossChallenge"],"picked":"aspiration:BursterCore"}],"items_purged_floors":[14,20,22],"is_endless":false,"potions_floor_spawned":[1,3,4,8,10,24,28,30,33,35],"killed_by":"2 Orb Walkers","ascension_level":1}}