{"host":"yb8bkkdvr1qiclnk","time":1610960691,"event":{"mods":["BaseMod","Colored Map","Colored Powertips","DeckTracker","Faster Ascension Climbing","Highlight Path","Minty Spire (QoL Compilation)","Quick Restart","Relic Stats","UnlockEverythingMod"],"gold_per_floor":[123,149,149,170,190,224,42,42,89,101,113,113],"floor_reached":11,"language":"ENG","playtime":2702,"items_purged":["Strike_P"],"score":146,"play_id":"a6c3ce8a-04b5-49f8-8fe7-c1b44f78b69e","local_time":"20210118040451","is_ascension_mode":true,"campfire_choices":[{"floor":8,"key":"REST"}],"circlet_count":0,"master_deck":["AscendersBane","Strike_P","Strike_P","Defend_P","Defend_P","Defend_P","Defend_P","Eruption","Vigilance","CurseOfTheBell","Tantrum","FlurryOfBlows","LikeWater","Protect","BowlingBash","Wallop","Swivel"],"relics":["Calling Bell","CeramicFish","Blue Candle","Turnip","Bottled Tornado","MawBank"],"acts_visited":["Exordium"],"potions_floor_usage":[5,6,6],"damage_taken":[{"damage":5,"enemies":"2 Louse","floor":1,"turns":3},{"damage":5,"enemies":"Jaw Worm","floor":2,"turns":4},{"damage":0,"enemies":"Cultist","floor":4,"turns":2},{"damage":3,"enemies":"Blue Slaver","floor":5,"turns":2},{"damage":16,"enemies":"Lagavulin","floor":6,"turns":8},{"damage":56,"enemies":"3 Sentries","floor":11,"turns":9}],"seed_played":"-7349540601197479405","potions_obtained":[{"floor":1,"key":"DuplicationPotion"},{"floor":2,"key":"BlessingOfTheForge"},{"floor":5,"key":"BottledMiracle"}],"is_trial":false,"path_per_floor":["M","M","?","M","M","E","$","R","T","?","E"],"character_chosen":"WATCHER","items_purchased":["Wallop","Swivel"],"campfire_rested":1,"item_purchase_floors":[7,7],"current_hp_per_floor":[56,51,44,44,41,25,25,45,45,50,0,0],"gold":113,"neow_bonus":"BOSS_RELIC","is_daily":false,"chose_seed":false,"campfire_upgraded":0,"win_rate":0.0,"timestamp":1610960691,"path_taken":["M","M","?","M","M","E","$","R","T","?","E"],"items_purchased_type":["Card","Card"],"build_version":"2020-12-22","purchased_purges":1,"victory":false,"max_hp_per_floor":[68,68,68,68,68,68,68,68,68,73,73,73],"relic_stats":{"counters":[6,28],"CeramicFish":63,"Blue Candle":[3],"Turnip":[0],"MawBank":24,"obtain_stats":[{"Calling Bell":0,"CeramicFish":0,"Blue Candle":0,"Turnip":0,"PureWater":0,"Bottled Tornado":6,"MawBank":9},{"Calling Bell":0,"CeramicFish":0,"Blue Candle":0,"Turnip":0,"PureWater":0,"Bottled Tornado":5,"MawBank":5},{"Calling Bell":0,"CeramicFish":0,"Blue Candle":0,"Turnip":0,"PureWater":0,"Bottled Tornado":19,"MawBank":19}]},"card_choices":[{"not_picked":["CarveReality","Sanctity"],"picked":"Tantrum","floor":1},{"not_picked":["ClearTheMind","InnerPeace"],"picked":"FlurryOfBlows","floor":2},{"not_picked":["ClearTheMind","Sanctity"],"picked":"LikeWater","floor":4},{"not_picked":["SashWhip","CrushJoints"],"picked":"Protect","floor":5},{"not_picked":["FlyingSleeves","EmptyBody"],"picked":"BowlingBash","floor":6}],"player_experience":52227,"relics_obtained":[{"floor":0,"key":"CeramicFish"},{"floor":0,"key":"Blue Candle"},{"floor":0,"key":"Turnip"},{"floor":6,"key":"Bottled Tornado"},{"floor":9,"key":"MawBank"}],"event_choices":[{"cards_removed":["Strike_P"],"damage_healed":0,"gold_gain":0,"player_choice":"Card Removal","damage_taken":7,"max_hp_gain":0,"max_hp_loss":0,"event_name":"Golden Wing","floor":3,"gold_loss":0},{"damage_healed":0,"gold_gain":0,"player_choice":"Donut","damage_taken":0,"max_hp_gain":5,"max_hp_loss":0,"event_name":"Big Fish","floor":10,"gold_loss":0}],"is_beta":false,"boss_relics":[],"items_purged_floors":[7],"is_endless":false,"potions_floor_spawned":[1,2,5],"killed_by":"3 Sentries","ascension_level":20}}