{"host":"wha9hktbkslqvblg","time":1610974840,"event":{"mods":["BaseMod","Colored Map","Minty Spire (QoL Compilation)","Relic Stats","SuperFastMode","everything is the same but u backflip on backflip"],"gold_per_floor":[112,187,112,122,122,122,149,46,73,101,101,127,139,150,150,229,229,248,173,173,173,173,173],"floor_reached":22,"language":"KOR","playtime":335,"items_purged":["Strike_R"],"score":450,"play_id":"c06bb380-71a4-4ec6-a211-2161b0b6c2cb","local_time":"20210118220040","is_ascension_mode":true,"campfire_choices":[{"data":"Uppercut","floor":6.0,"key":"SMITH"},{"data":"Dark Embrace","floor":15.0,"key":"SMITH"}],"circlet_count":0,"master_deck":["AscendersBane","Strike_R","Defend_R","Defend_R","Defend_R","Defend_R","Shockwave","Uppercut+1","Brutality","Dark Embrace+1","Wild Strike+1","True Grit","Body Slam","Fiend Fire"],"relics":["Burning Blood","NeowsBlessing","Pen Nib","Centennial Puzzle","Boot","Nunchaku","Philosopher\u0027s Stone","Enchiridion"],"acts_visited":["Exordium","TheCity"],"potions_floor_usage":[22],"damage_taken":[{"damage":0.0,"enemies":"Small Slimes","floor":1.0,"turns":1.0},{"damage":0.0,"enemies":"2 Louse","floor":4.0,"turns":2.0},{"damage":0.0,"enemies":"3 Sentries","floor":7.0,"turns":2.0},{"damage":16.0,"enemies":"Lagavulin","floor":10.0,"turns":4.0},{"damage":7.0,"enemies":"Gremlin Nob","floor":12.0,"turns":3.0},{"damage":4.0,"enemies":"Cultist","floor":13.0,"turns":3.0},{"damage":5.0,"enemies":"2 Fungi Beasts","floor":14.0,"turns":2.0},{"damage":31.0,"enemies":"Slime Boss","floor":16.0,"turns":6.0},{"damage":37.0,"enemies":"2 Thieves","floor":18.0,"turns":4.0},{"damage":11,"enemies":"3 Byrds","floor":22,"turns":2}],"seed_played":"-4808874319891585552","potions_obtained":[{"floor":1.0,"key":"Regen Potion"},{"floor":4.0,"key":"AttackPotion"},{"floor":7.0,"key":"DuplicationPotion"},{"floor":16.0,"key":"SteroidPotion"}],"is_trial":false,"path_per_floor":["M","?","?","M","?","R","E","$","T","E","?","E","M","M","R","B",null,"M","?","?","?","M"],"character_chosen":"IRONCLAD","items_purchased":["Wild Strike"],"campfire_rested":0,"item_purchase_floors":[8],"current_hp_per_floor":[74,63,63,69,69,69,75,75,75,65,65,64,66,67,67,42,67,36,36,15,15,4,4],"gold":173,"neow_bonus":"THREE_ENEMY_KILL","is_daily":false,"chose_seed":false,"campfire_upgraded":2,"win_rate":0.0,"timestamp":1610974840,"path_taken":["M","?","?","M","?","R","E","$","T","E","?","E","?","M","R","BOSS","M","?","?","?","?"],"items_purchased_type":["Card"],"build_version":"2020-12-22","purchased_purges":1,"victory":false,"max_hp_per_floor":[75,75,75,75,75,75,75,75,75,75,75,75,75,75,75,75,75,75,75,75,75,75,75],"relic_stats":{"Centennial Puzzle":[21],"Nunchaku":[2],"counters":[10,29],"Pen Nib":[3],"Boot":[1],"obtain_stats":[{"Centennial Puzzle":9,"Nunchaku":12,"NeowsBlessing":0,"Enchiridion":20,"Philosopher\u0027s Stone":17,"Pen Nib":7,"Boot":10,"Burning Blood":0},{"Centennial Puzzle":3,"Nunchaku":5,"NeowsBlessing":0,"Enchiridion":9,"Philosopher\u0027s Stone":8,"Pen Nib":3,"Boot":4,"Burning Blood":0},{"Centennial Puzzle":5,"Nunchaku":12,"NeowsBlessing":0,"Enchiridion":27,"Philosopher\u0027s Stone":23,"Pen Nib":5,"Boot":9,"Burning Blood":0}],"Burning Blood":54},"card_choices":[{"not_picked":["Whirlwind","Intimidate"],"picked":"Shockwave","floor":1.0},{"not_picked":["Headbutt","Flex"],"picked":"Uppercut","floor":4.0},{"not_picked":["Metallicize","True Grit"],"picked":"Dark Embrace","floor":7.0},{"not_picked":["Bloodletting","Sever Soul","Flex"],"picked":"SKIP","floor":10.0},{"not_picked":["Wild Strike","Sword Boomerang","True Grit"],"picked":"SKIP","floor":12.0},{"not_picked":["Wild Strike","Sword Boomerang"],"picked":"True Grit","floor":12.0},{"not_picked":["Shrug It Off","Uppercut"],"picked":"Body Slam","floor":13.0},{"not_picked":["Searing Blow","True Grit"],"picked":"Fiend Fire","floor":14.0},{"not_picked":["Body Slam","Dark Embrace","Dropkick"],"picked":"SKIP","floor":18.0}],"player_experience":979461,"relics_obtained":[{"floor":7.0,"key":"Pen Nib"},{"floor":9.0,"key":"Centennial Puzzle"},{"floor":10.0,"key":"Boot"},{"floor":12.0,"key":"Nunchaku"},{"floor":20,"key":"Enchiridion"}],"event_choices":[{"damage_healed":0.0,"max_hp_gain":0.0,"max_hp_loss":0.0,"gold_gain":75.0,"event_name":"World of Goop","player_choice":"Gather Gold","floor":2.0,"gold_loss":0.0,"damage_taken":11.0},{"cards_removed":["Bash"],"damage_healed":0.0,"max_hp_gain":0.0,"max_hp_loss":0.0,"gold_gain":0.0,"event_name":"The Cleric","player_choice":"Card Removal","floor":3.0,"gold_loss":75.0,"damage_taken":0.0},{"damage_healed":0.0,"max_hp_gain":0.0,"max_hp_loss":0.0,"gold_gain":0.0,"cards_transformed":["Strike_R"],"event_name":"Living Wall","player_choice":"Change","floor":5.0,"gold_loss":0.0,"damage_taken":0.0,"cards_obtained":["Brutality"]},{"damage_healed":0.0,"max_hp_gain":0.0,"max_hp_loss":0.0,"gold_gain":0.0,"event_name":"Upgrade Shrine","player_choice":"Upgraded","floor":11.0,"gold_loss":0.0,"damage_taken":0.0,"cards_upgraded":["Wild Strike"]},{"cards_removed":["Strike_R"],"damage_healed":0.0,"max_hp_gain":0.0,"max_hp_loss":0.0,"gold_gain":0.0,"event_name":"Beggar","player_choice":"Gave Gold","floor":19.0,"gold_loss":75.0,"damage_taken":0.0},{"damage_healed":0,"gold_gain":0,"player_choice":"Obtained Book","damage_taken":21,"max_hp_gain":0,"max_hp_loss":0,"event_name":"Cursed Tome","floor":20,"gold_loss":0},{"cards_removed":["Strike_R"],"damage_healed":0,"gold_gain":0,"player_choice":"Elegance","damage_taken":0,"max_hp_gain":0,"max_hp_loss":0,"event_name":"Back to Basics","floor":21,"gold_loss":0}],"is_beta":false,"boss_relics":[{"not_picked":["Busted Crown","SacredBark"],"picked":"Philosopher\u0027s Stone"}],"items_purged_floors":[8],"is_endless":false,"potions_floor_spawned":[1,4,7,16],"killed_by":"3 Byrds","ascension_level":20}}