{"host":"rng0zyo66qdcpyr0","time":1610962365,"event":{"mods":["Ascension Reborn","BaseMod","Lobotomy","LobotomyExtend","Minty Spire (QoL Compilation)","Nova Terra(诺娃・泰拉)","Reimu（博丽灵梦）","Remilia（蕾米莉亚）","RumiaBox-露米娅的神秘盒子","StSLib","TestMod","WarShipGirlsR/战舰少女R mod","Yakumo Yukari mod","[GremlinLeader]The Maniac","【功能Mod】混沌之环修复补丁","【遗物卡牌】REMEMod"],"gold_per_floor":[121,121,121,134,353,390,402,426,426,458,3,44,44,67,67,226,226,254,277,277,277,295,327,339,339,399,413,444,458,492,514,514,637,637,654,250,250,280,280,314,314,314,314,400,387,422,78,101,101,97],"floor_reached":51,"language":"ZHS","playtime":4270,"items_purged":["rmod:tearstotiara"],"score":1286,"play_id":"9a3f1cb1-5c63-4979-8291-ba4b043ab8dd","local_time":"20210118173245","is_ascension_mode":true,"campfire_choices":[{"floor":13.0,"key":"RECALL"},{"data":"rmod:abidefaith","floor":15.0,"key":"SMITH"},{"data":"rmod:ridicule","floor":25.0,"key":"SMITH"},{"data":"rmod:highspeedmaneuver","floor":32.0,"key":"SMITH"},{"data":"testmod-PerfectCombo","floor":49,"key":"SMITH"}],"circlet_count":0,"master_deck":["rmod:strick+1","rmod:strick+1","rmod:strick+1","rmod:strick+1","rmod:defend+1","rmod:defend+1","rmod:defend+1","rmod:basicallowance+1","rmod:maingunfire+1","Pinks+1","rmod:abidefaith+1","rmod:punchline+1","rmod:maintain+1","rmod:fletcherpendant+1","rmod:ridicule+1","rmod:chargemoney+1","rmod:wife+1","REME_PuzzleBox+1","rmod:expedition+1","rmod:overbreakdown+1","rmod:overbreakdown+1","rmod:highspeedmaneuver+1","rmod:highspeedmaneuver+1","rmod:maintain+1","rmod:fuelsupply+1","rmod:combined+1","rmod:chargemoney+1","rmod:victimresponsibility+1","rmod:royalracing+1","rmod:intelligenceanalysis+1","rmod:fuelsupply+1","rmod:ammunitionsupply+1","rmod:aviationdawn+1","rmod:circuitoustactics+1","rmod:diamondstrike+1","rmod:unsinkable+1","rmod:robin+1","rmod:diamondstrike+1","rmod:expeditionaryescort+1","testmod-LimitFlipper+1","Apotheosis+1","maniac:WardAndDefend","testmod-Automaton","testmod-PerfectCombo+1","REME_FirmDetermination","rmod:maingunfire","rmod:ridicule","SafetyPray:ReiMu","testmod-EternalityOfKhronos","rmod:acesubmarine"],"relics":["rmod:firstchargereward","REME_ComplimentaryCards","testmod-TestBox","testmod-Nyarlathotep","LetterFromLob","GodSword4","testmod-CrystalShield","rmod:equipmentrecovery","GodSword7","Strawberry","Eternal Feather","ChaoDraw","Ccalipers","testmod-LifeArmor","GodSword1","Baka2","StoneCalendar","Coffee Dripper","Happy Flower","White Beast Statue","Tiny Chest","Spirit Poop","Potion Belt","Oddly Smooth Stone","Nunchaku","SSSystem","Ornamental Fan","Question Card","testmod-TestBox","Coffee Dripper","testmod-CyclicPeriapt","REME_LowDesire","Vajra","Juzu Bracelet","Lantern","PrismaticShard","RuthlessExorcism:ReiMu","Meat on the Bone","RedMistMask","Torii","GodSword5","Bird Faced Urn","GodSword3","Mummified Hand","Medical Kit","Dream Catcher"],"acts_visited":[],"potions_floor_usage":[51,51],"damage_taken":[{"damage":0.0,"enemies":"Jaw Worm","floor":1.0,"turns":2.0},{"damage":0.0,"enemies":"2 Louse","floor":4.0,"turns":2.0},{"damage":0.0,"enemies":"Cultist","floor":5.0,"turns":3.0},{"damage":0.0,"enemies":"3 Sentries","floor":6.0,"turns":5.0},{"damage":0.0,"enemies":"Large Slime","floor":7.0,"turns":1.0},{"damage":0.0,"enemies":"Blue Slaver","floor":8.0,"turns":1.0},{"damage":0.0,"enemies":"Gremlin Nob","floor":10.0,"turns":2.0},{"damage":44.0,"enemies":"Lagavulin","floor":12.0,"turns":1.0},{"damage":0.0,"enemies":"3 Louse","floor":14.0,"turns":1.0},{"damage":3.0,"enemies":"The Guardian","floor":16.0,"turns":4.0},{"damage":0.0,"enemies":"2 Thieves","floor":18.0,"turns":2.0},{"damage":0.0,"enemies":"Spheric Guardian","floor":19.0,"turns":1.0},{"damage":0.0,"enemies":"3 Cultists","floor":22.0,"turns":5.0},{"damage":6.0,"enemies":"Gremlin Leader","floor":23.0,"turns":3.0},{"damage":0.0,"enemies":"Shelled Parasite and Fungi","floor":24.0,"turns":2.0},{"damage":0.0,"enemies":"Snecko","floor":27.0,"turns":1.0},{"damage":0.0,"enemies":"REME_1_Revenger","floor":28.0,"turns":1.0},{"damage":0.0,"enemies":"Snake Plant","floor":29.0,"turns":1.0},{"damage":0.0,"enemies":"Gremlin Leader","floor":30.0,"turns":1.0},{"damage":0.0,"enemies":"Centurion and Healer","floor":31.0,"turns":1.0},{"damage":0.0,"enemies":"Automaton","floor":33.0,"turns":2.0},{"damage":0.0,"enemies":"Orb Walker","floor":35.0,"turns":1.0},{"damage":24,"floor":37,"turns":4},{"damage":0,"enemies":"Reptomancer","floor":40,"turns":1},{"damage":17,"enemies":"3 Shapes","floor":45,"turns":1},{"damage":0,"enemies":"Nemesis","floor":46,"turns":2},{"damage":0,"enemies":"Sphere and 2 Shapes","floor":48,"turns":1},{"damage":0,"enemies":"Donu and Deca","floor":50,"turns":1},{"damage":0,"enemies":"Malkuth","floor":51,"turns":2},{"damage":0,"enemies":"Netzach","floor":51,"turns":1},{"damage":0,"enemies":"Tiphereth","floor":51,"turns":4},{"damage":0,"enemies":"Binah","floor":51,"turns":10},{"damage":0,"enemies":"Angela","floor":51,"turns":1}],"seed_played":"-5346400058074297252","potions_obtained":[{"floor":1.0,"key":"EssenceOfSteel"},{"floor":4.0,"key":"GrandPatriotsElixir:ReiMu"},{"floor":5.0,"key":"EssenceOfSteel"},{"floor":6.0,"key":"Block Potion"},{"floor":7.0,"key":"ColorlessPotion"},{"floor":7.0,"key":"Fire Potion"},{"floor":8.0,"key":"FairyPotion"},{"floor":18.0,"key":"Strength Potion"},{"floor":19.0,"key":"AttackPotion"},{"floor":23.0,"key":"Strength Potion"},{"floor":23.0,"key":"Strength Potion"},{"floor":24.0,"key":"Weak Potion"},{"floor":29.0,"key":"Swift Potion"},{"floor":30.0,"key":"PowerPotion"},{"floor":31.0,"key":"testmod-SpacePotion"},{"floor":33.0,"key":"Regen Potion"},{"floor":35.0,"key":"Swift Potion"},{"floor":35.0,"key":"EntropicBrew"},{"floor":40,"key":"LiquidMemories"},{"floor":40,"key":"Regen Potion"}],"is_trial":false,"path_per_floor":["M","?","T","M","M","E","M","M","T","E","$","E","R","M","R","B",null,"M","M","?","?","M","E","M","R","T","M","E","M","E","M","R","B",null,"M","$","?","T","?","E","?","?","T","T","M","E","$","M","R","B",null],"character_chosen":"PRAEFECT","items_purchased":["Ccalipers","REME_PuzzleBox","testmod-LifeArmor","rmod:expedition","Apotheosis","Lantern","PrismaticShard","testmod-EternalityOfKhronos","rmod:acesubmarine","Medical Kit"],"campfire_rested":0,"item_purchase_floors":[11,11,11,11,36,36,36,47,47,47],"current_hp_per_floor":[80,80,80,80,80,80,80,80,87,87,87,51,68,68,85,89,92,92,92,92,92,92,86,86,92,92,92,92,92,92,92,92,97,97,97,97,97,97,97,97,97,97,97,97,97,97,97,97,97,108],"gold":97,"neow_bonus":"TRANSFORM_CARD","is_daily":false,"chose_seed":false,"campfire_upgraded":4,"win_rate":0.0,"timestamp":1610962365,"path_taken":["M","?","?","M","M","E","M","M","T","E","$","E","R","M","R","BOSS","M","M","?","?","?","E","M","R","T","M","E","M","E","M","R","BOSS","M","$","?","?","?","E","?","?","T","?","M","E","$","M","R","BOSS"],"items_purchased_type":["Relic","Card","Relic","Card","Card","Card","Relic","Card","Card","Relic"],"build_version":"2020-12-22","purchased_purges":1,"victory":true,"max_hp_per_floor":[80,80,80,80,80,80,80,80,87,87,87,87,87,87,87,92,92,92,92,92,92,92,92,92,92,92,92,92,92,92,92,92,97,97,97,97,97,97,97,97,97,97,97,97,97,97,97,97,97,108],"card_choices":[{"not_picked":["rmod:intelligenceanalysis+1","rmod:circuitoustactics+1"],"picked":"rmod:punchline+1","floor":1.0},{"not_picked":["rmod:luckystar","rmod:supportescort"],"picked":"rmod:maintain","floor":4.0},{"not_picked":["rmod:chargemoney","rmod:tearstotiara"],"picked":"rmod:fletcherpendant","floor":5.0},{"not_picked":["rmod:victimresponsibility","rmod:unsinkable"],"picked":"rmod:ridicule","floor":6.0},{"not_picked":["rmod:circuitoustactics","rmod:sl","rmod:garrisonisland"],"picked":"SKIP","floor":6.0},{"not_picked":["rmod:combined","rmod:punchline"],"picked":"rmod:chargemoney","floor":7.0},{"not_picked":["rmod:luckystar+1","rmod:circuitoustactics+1"],"picked":"rmod:wife","floor":8.0},{"not_picked":["rmod:intelligenceanalysis","rmod:fuelsupply"],"picked":"rmod:tearstotiara","floor":10.0},{"not_picked":["rmod:luckystar","rmod:slowdown","rmod:goodsister"],"picked":"SKIP","floor":10.0},{"not_picked":["rmod:sl","rmod:wife"],"picked":"rmod:overbreakdown","floor":12.0},{"not_picked":["rmod:u235","rmod:gendarmerie","rmod:capitalist"],"picked":"SKIP","floor":12.0},{"not_picked":["rmod:aluminumsupply","rmod:luckystar"],"picked":"rmod:overbreakdown+1","floor":14.0},{"not_picked":["rmod:supriseattacks","rmod:u235"],"picked":"rmod:highspeedmaneuver","floor":16.0},{"not_picked":["rmod:goodsister","rmod:smokecover+1"],"picked":"rmod:maintain+1","floor":18.0},{"not_picked":["rmod:steelsupply","rmod:supportescort+1"],"picked":"rmod:fuelsupply+1","floor":19.0},{"not_picked":["rmod:steelsupply+1","rmod:unsinkable"],"picked":"rmod:combined+1","floor":22.0},{"not_picked":["rmod:ammunitionsupply","rmod:diamondstrike"],"picked":"rmod:chargemoney+1","floor":23.0},{"not_picked":["rmod:selfconfidence","rmod:supportescort+1"],"picked":"rmod:victimresponsibility+1","floor":24.0},{"not_picked":["rmod:aluminumsupply","rmod:overbreakdown"],"picked":"rmod:royalracing","floor":24.0},{"not_picked":["rmod:diaomin","rmod:garrisonisland+1"],"picked":"rmod:intelligenceanalysis","floor":24.0},{"not_picked":["rmod:supportescort+1","rmod:aluminumsupply"],"picked":"rmod:fuelsupply+1","floor":24.0},{"not_picked":["rmod:chargemoney","rmod:circuitoustactics"],"picked":"rmod:ammunitionsupply+1","floor":27.0},{"not_picked":["rmod:supportescort+1","rmod:stealaluminum"],"picked":"rmod:aviationdawn","floor":27.0},{"not_picked":["rmod:openingtorpedo","rmod:intelligenceanalysis"],"picked":"rmod:circuitoustactics+1","floor":27.0},{"not_picked":["rmod:intelligenceanalysis","rmod:aluminumsupply"],"picked":"rmod:diamondstrike+1","floor":27.0},{"not_picked":["rmod:aviationdawn","rmod:smokecover"],"picked":"rmod:unsinkable+1","floor":28.0},{"not_picked":["rmod:intelligenceanalysis","rmod:aluminumsupply+1"],"picked":"rmod:robin+1","floor":29.0},{"not_picked":["rmod:aviationdawn","rmod:aluminumsupply+1"],"picked":"rmod:diamondstrike+1","floor":30.0},{"not_picked":["rmod:combined+1","rmod:spoils","rmod:ammunitionsupply+1"],"picked":"rmod:fletcherpendant","floor":31.0},{"not_picked":["rmod:supriseattacks","rmod:saltedfish","rmod:abidefaith"],"picked":"rmod:expeditionaryescort","floor":33.0},{"not_picked":["rmod:guardianhero+1","rmod:punchline+1","rmod:overbreakdown","rmod:luckystar+1"],"picked":"testmod-LimitFlipper+1","floor":35.0},{"not_picked":["Noise+1","Lantern+1","maniac:SpectralKnives+1","testmod-TemporaryDeletion"],"picked":"maniac:WardAndDefend","floor":37},{"not_picked":["testmod-SubstituteBySubterfuge","testmod-AdversityCounterattack","Finesse"],"picked":"testmod-Automaton","floor":39},{"not_picked":["Worship+1","REME_GreenPollution","Stigmanizer+1","Sweeping Beam+1"],"picked":"testmod-PerfectCombo","floor":40},{"not_picked":["TightArray:ReiMu","maniac:SpectralKnives","True Grit+1","testmod-Librarian"],"picked":"SafetyPray:ReiMu","floor":45},{"not_picked":["NovaMod:Detonation+1","SfantasyHide_purple+1","SashWhip+1","rmod:goodsister+1","testmod-PowerStrike"],"picked":"SKIP","floor":46},{"not_picked":["Multi-Cast","Backflip","NovaMod:MonomolecularBlade+1","testmod-AdversityCounterattack"],"picked":"ExistenceContinue_purple+1","floor":48}],"player_experience":100086,"relics_obtained":[{"floor":1.0,"key":"Baka"},{"floor":1.0,"key":"LetterFromLob"},{"floor":3.0,"key":"GodSword4"},{"floor":3.0,"key":"testmod-CrystalShield"},{"floor":5.0,"key":"rmod:equipmentrecovery"},{"floor":6.0,"key":"GodSword7"},{"floor":9.0,"key":"Strawberry"},{"floor":9.0,"key":"Eternal Feather"},{"floor":10.0,"key":"ChaoDraw"},{"floor":12.0,"key":"GodSword1"},{"floor":16.0,"key":"Baka2"},{"floor":16.0,"key":"StoneCalendar"},{"floor":18.0,"key":"Happy Flower"},{"floor":19.0,"key":"White Beast Statue"},{"floor":23.0,"key":"Potion Belt"},{"floor":24.0,"key":"Oddly Smooth Stone"},{"floor":26.0,"key":"Nunchaku"},{"floor":26.0,"key":"SSSystem"},{"floor":28.0,"key":"Ornamental Fan"},{"floor":30.0,"key":"Question Card"},{"floor":31.0,"key":"testmod-TestBox"},{"floor":33.0,"key":"Coffee Dripper"},{"floor":33.0,"key":"testmod-CyclicPeriapt"},{"floor":34.0,"key":"Vajra"},{"floor":34.0,"key":"Juzu Bracelet"},{"floor":38,"key":"RuthlessExorcism:ReiMu"},{"floor":40,"key":"Meat on the Bone"},{"floor":40,"key":"RedMistMask"},{"floor":43,"key":"Torii"},{"floor":43,"key":"GodSword5"},{"floor":44,"key":"Bird Faced Urn"},{"floor":44,"key":"GodSword3"},{"floor":46,"key":"Mummified Hand"},{"floor":48,"key":"Dream Catcher"}],"event_choices":[{"damage_healed":0.0,"max_hp_gain":0.0,"max_hp_loss":0.0,"gold_gain":0.0,"event_name":"给自己的盒子","player_choice":"Swap Relic","floor":2.0,"relics_lost":["Regal Pillow"],"gold_loss":0.0,"damage_taken":0.0,"relics_obtained":["Regal Pillow"]},{"damage_healed":0.0,"max_hp_gain":0.0,"max_hp_loss":0.0,"gold_gain":0.0,"event_name":"The Mausoleum","player_choice":"Opened","floor":20.0,"gold_loss":0.0,"damage_taken":0.0,"relics_obtained":["Tiny Chest"],"cards_obtained":["Writhe"]},{"cards_removed":["Writhe"],"damage_healed":0.0,"max_hp_gain":0.0,"max_hp_loss":0.0,"gold_gain":0.0,"event_name":"Bonfire Elementals","player_choice":"Offered Curse","floor":21.0,"gold_loss":0.0,"damage_taken":0.0,"relics_obtained":["Spirit Poop"]},{"damage_healed":0,"gold_gain":0,"player_choice":"Memory 1","damage_taken":0,"max_hp_gain":0,"max_hp_loss":0,"event_name":"SensoryStone","floor":39,"gold_loss":0},{"cards_removed":["rmod:fletcherpendant"],"damage_healed":0,"gold_gain":0,"player_choice":"Removed Attack","damage_taken":0,"max_hp_gain":0,"max_hp_loss":0,"event_name":"Falling","floor":41,"gold_loss":0},{"damage_healed":0,"gold_gain":0,"player_choice":"3 cards matched","damage_taken":0,"max_hp_gain":0,"max_hp_loss":0,"event_name":"Match and Keep!","floor":42,"gold_loss":0,"cards_obtained":["REME_FirmDetermination","rmod:maingunfire","rmod:ridicule"]}],"is_beta":false,"boss_relics":[{"not_picked":["Fusion Hammer","testmod-Fanaticism"],"picked":"Coffee Dripper"},{"not_picked":["testmod-DeterminationOfClimber","testmod-CardMagician"],"picked":"REME_LowDesire"}],"items_purged_floors":[36],"is_endless":false,"potions_floor_spawned":[5,7,14,22,23,28,29,30,31,35,37,40,45,46,48,51,51,51,51,51],"ascension_level":0}}