{"host":"zkqorkqsr6o67e8b","time":1610974140,"event":{"mods":["BaseMod","Better Vampires","Minty Spire (QoL Compilation)","Quick Restart","StSLib","The Alterego","The Servant 0.9.4","¡¾ÒÅÎï¿¨ÅÆ¡¿REMEMod"],"gold_per_floor":[109,109,122,139,139,139,139,139],"floor_reached":7,"language":"ZHS","playtime":229,"items_purged":[],"score":74,"play_id":"0e114ab0-87be-463d-ab86-235a63de37c8","local_time":"20210118204900","is_ascension_mode":true,"campfire_choices":[{"data":"KidneyShot","floor":6.0,"key":"SMITH"}],"circlet_count":0,"master_deck":["AscendersBane","Strike_S","Strike_S","Strike_S","Strike_S","Defend_S","Defend_S","Defend_S","Defend_S","KidneyShot+1","Exchange","REME_GreenPollution","Deadline","DualDimension"],"relics":["Uniform","REME_ComplimentaryCards","Golden Idol"],"acts_visited":["Exordium"],"potions_floor_usage":[7],"damage_taken":[{"damage":6.0,"enemies":"Small Slimes","floor":1.0,"turns":5.0},{"damage":5.0,"enemies":"Cultist","floor":3.0,"turns":4.0},{"damage":8.0,"enemies":"Jaw Worm","floor":4.0,"turns":5.0},{"damage":37,"enemies":"3 Sentries","floor":7,"turns":4}],"seed_played":"1244487053163518204","potions_obtained":[{"floor":3.0,"key":"BlessingOfTheForge"},{"floor":4.0,"key":"DuplicationPotion"}],"is_trial":false,"path_per_floor":["M","?","M","M","?","R","E"],"character_chosen":"THE_SERVANT","items_purchased":[],"campfire_rested":0,"item_purchase_floors":[],"current_hp_per_floor":[33,70,65,57,33,33,0,0],"gold":139,"neow_bonus":"THREE_RARE_CARDS","is_daily":false,"chose_seed":false,"campfire_upgraded":1,"win_rate":0.0,"timestamp":1610974140,"path_taken":["M","?","M","?","?","R","E"],"items_purchased_type":[],"build_version":"2020-12-22","purchased_purges":0,"victory":false,"max_hp_per_floor":[60,70,70,70,70,70,70,70],"card_choices":[{"not_picked":["Solidify","SilverMatrix"],"picked":"Initiator","floor":0.0},{"not_picked":["DoubleEdge","Manipulate"],"picked":"Deadline","floor":1.0},{"not_picked":["Manipulate","Defy"],"picked":"DualDimension","floor":3.0},{"not_picked":["Spin","Unruled","Ricochet"],"picked":"SKIP","floor":4.0}],"player_experience":513363,"relics_obtained":[],"event_choices":[{"cards_removed":["Initiator"],"damage_healed":27.0,"max_hp_gain":10.0,"max_hp_loss":0.0,"gold_gain":0.0,"event_name":"Bonfire Elementals","player_choice":"Offered Rare","floor":2.0,"gold_loss":0.0,"damage_taken":0.0},{"damage_healed":0.0,"max_hp_gain":0.0,"max_hp_loss":0.0,"gold_gain":0.0,"event_name":"Golden Idol","player_choice":"Take Damage","floor":5.0,"gold_loss":0.0,"damage_taken":24.0,"relics_obtained":["Golden Idol"]}],"is_beta":false,"boss_relics":[],"items_purged_floors":[],"is_endless":false,"potions_floor_spawned":[3,4],"killed_by":"3 Sentries","ascension_level":16}}