{"host":"Lingo","time":1610940513,"event":{"mods":["BaseMod","Bestiary","Better Third Choice","BetterRewards","Evolution","Hermit","Minty Spire (QoL Compilation)","Relic Stats","StSLib"],"gold_per_floor":[117,135,151,151,31,31,49,77,77,88,100,118,137,155,155,259,259,279,36,48,48,48],"floor_reached":21,"language":"ENG","playtime":2420,"items_purged":["hermit:Strike_Hermit","hermit:Strike_Hermit"],"score":187,"play_id":"443cd8fa-7bac-4147-84f2-678b7c23dbad","local_time":"20210117192833","is_ascension_mode":false,"campfire_choices":[{"data":"hermit:Covet","floor":6,"key":"SMITH"},{"data":"hermit:BodyArmor","floor":15,"key":"SMITH"}],"circlet_count":0,"master_deck":["hermit:TrackingShot","hermit:Strike_Hermit","hermit:Defend_Hermit","hermit:Defend_Hermit","hermit:Defend_Hermit","hermit:Defend_Hermit","hermit:Snapshot","hermit:Covet+1","hermit:Snipe","hermit:Glare","hermit:CalledShot","hermit:Headshot","hermit:Roughhouse","hermit:Snipe","hermit:Maintenance","hermit:Scavenge","hermit:LuckOfTheDraw","hermit:BodyArmor+1","hermit:HeroicBravado","hermit:Malice","hermit:Determination+1"],"relics":["EVO:Axolotl","Snecko Eye","Tiny Chest","Eternal Feather","Frozen Egg 2","SacredBark","Medical Kit"],"acts_visited":["Exordium","TheCity"],"potions_floor_usage":[8,8],"damage_taken":[{"damage":0,"enemies":"Cultist","floor":1,"turns":2},{"damage":0,"enemies":"2 Louse","floor":2,"turns":2},{"damage":0,"enemies":"Small Slimes","floor":3,"turns":3},{"damage":0,"enemies":"3 Louse","floor":7,"turns":2},{"damage":8,"enemies":"Lagavulin","floor":8,"turns":3},{"damage":0,"enemies":"Large Slime","floor":10,"turns":3},{"damage":1,"enemies":"2 Fungi Beasts","floor":11,"turns":3},{"damage":0,"enemies":"Blue Slaver","floor":12,"turns":1},{"damage":0,"enemies":"Large Slime","floor":13,"turns":6},{"damage":0,"enemies":"2 Fungi Beasts","floor":14,"turns":3},{"damage":23,"enemies":"Slime Boss","floor":16,"turns":11},{"damage":2,"enemies":"Spheric Guardian","floor":18,"turns":4},{"damage":49,"enemies":"3 Byrds","floor":20,"turns":8},{"damage":27,"enemies":"Snake Plant","floor":21,"turns":4}],"seed_played":"5240389285134627893","potions_obtained":[{"floor":2,"key":"ColorlessPotion"},{"floor":3,"key":"BlessingOfTheForge"},{"floor":8,"key":"AttackPotion"},{"floor":16,"key":"Strength Potion"},{"floor":18,"key":"FearPotion"}],"is_trial":false,"path_per_floor":["M","M","M","?","$","R","M","E","T","M","M","M","M","M","R","B",null,"M","$","M","M"],"character_chosen":"HERMIT","items_purchased":["hermit:Headshot","Medical Kit"],"campfire_rested":0,"item_purchase_floors":[5,19],"current_hp_per_floor":[75,75,75,57,57,57,57,49,49,49,48,48,48,48,57,34,75,73,73,24,0,0],"gold":48,"neow_bonus":"BOSS_RELIC","is_daily":false,"chose_seed":false,"campfire_upgraded":2,"win_rate":0.0,"timestamp":1610940513,"path_taken":["M","?","M","?","$","R","M","E","T","M","M","M","M","M","R","BOSS","M","$","M","M"],"items_purchased_type":["Card","Relic"],"build_version":"2020-12-18","purchased_purges":2,"victory":false,"max_hp_per_floor":[75,75,75,75,75,75,75,75,75,75,75,75,75,75,75,75,75,75,75,75,75,75],"relic_stats":{"counters":[32,127],"Snecko Eye":[110,120,102,119],"Tiny Chest":0,"Eternal Feather":9,"Medical Kit":[0],"obtain_stats":[{"Potion Belt":7,"SacredBark":17,"Eternal Feather":8,"The Courier":9,"EVO:Axolotl":0,"Odd Mushroom":8,"Frozen Egg 2":9,"Ancient Tea Set":8,"Medical Kit":19,"Blood Vial":9,"DollysMirror":11,"Snecko Eye":0,"Tiny Chest":4,"hermit:Momento":0},{"Potion Belt":5,"SacredBark":29,"Eternal Feather":23,"The Courier":15,"EVO:Axolotl":0,"Odd Mushroom":6,"Frozen Egg 2":23,"Ancient Tea Set":15,"Medical Kit":30,"Blood Vial":6,"DollysMirror":15,"Snecko Eye":18,"Tiny Chest":21,"hermit:Momento":0},{"Potion Belt":17,"SacredBark":111,"Eternal Feather":84,"The Courier":54,"EVO:Axolotl":0,"Odd Mushroom":20,"Frozen Egg 2":84,"Ancient Tea Set":54,"Medical Kit":115,"Blood Vial":20,"DollysMirror":54,"Snecko Eye":72,"Tiny Chest":79,"hermit:Momento":0}]},"card_choices":[{"not_picked":["hermit:SprayPray","hermit:Coalescence"],"picked":"hermit:Snipe","floor":1},{"not_picked":["hermit:HighCaliber","hermit:FlashPowder"],"picked":"hermit:Glare","floor":2},{"not_picked":["hermit:Quickdraw","hermit:Snipe"],"picked":"hermit:CalledShot","floor":3},{"not_picked":["hermit:HoleUp","hermit:Misfire","hermit:TrackingShot"],"picked":"SKIP","floor":7},{"not_picked":["hermit:Brawl","hermit:Malice"],"picked":"hermit:Roughhouse","floor":8},{"not_picked":["hermit:TrackingShot","hermit:Midnight"],"picked":"hermit:Snipe","floor":10},{"not_picked":["hermit:Coalescence","hermit:CalledShot"],"picked":"hermit:Maintenance","floor":11},{"not_picked":["hermit:Quickdraw","hermit:HighCaliber"],"picked":"hermit:Scavenge","floor":12},{"not_picked":["hermit:Determination+1","hermit:Coalescence"],"picked":"hermit:LuckOfTheDraw","floor":13},{"not_picked":["hermit:Dissolve","hermit:Maintenance"],"picked":"hermit:BodyArmor","floor":14},{"not_picked":["hermit:Gambit","hermit:HighNoon+1"],"picked":"hermit:HeroicBravado","floor":16},{"not_picked":["hermit:HighCaliber","hermit:SprayPray"],"picked":"hermit:Malice","floor":18},{"not_picked":["hermit:Cheat","hermit:Vantage"],"picked":"hermit:Determination+1","floor":20}],"player_experience":624342,"relics_obtained":[{"floor":8,"key":"Eternal Feather"},{"floor":9,"key":"Frozen Egg 2"}],"event_choices":[{"damage_healed":0,"gold_gain":0,"player_choice":"Relic ","damage_taken":18,"max_hp_gain":0,"max_hp_loss":0,"event_name":"betterThird:BetterScrap","floor":4,"gold_loss":0,"cards_obtained":["Swivel"]}],"is_beta":true,"boss_relics":[{"not_picked":["Tiny House","Runic Pyramid"],"picked":"SacredBark"}],"items_purged_floors":[5,19],"is_endless":false,"potions_floor_spawned":[2,3,8,16,18],"killed_by":"Snake Plant","ascension_level":0}}