{"host":"50per11302020","time":1610939573,"event":{"mods":["AchievementEnabler","BaseMod","Colored Map","Minty Spire (QoL Compilation)","Relic Stats","StSLib"],"gold_per_floor":[16,32,32,45,45,45,77,77,101,123,135,159,171,195,207,291,303,334,362,374,386,219,219,238,238,311,329,345,3,37,20,20,94,94,112,1111,1164,1174,671,701,701,701,701,735,735,754,174,184,184,184],"floor_reached":51,"language":"ENG","playtime":4866,"items_purged":["Defend_B","Normality","Normality"],"score":1393,"play_id":"c477cefd-7e03-44df-8ef9-d3cde2bfe10f","local_time":"20210117191253","is_ascension_mode":true,"campfire_choices":[{"data":"Sweeping Beam","floor":6.0,"key":"SMITH"},{"floor":8.0,"key":"REST"},{"data":"Chill","floor":11.0,"key":"SMITH"},{"data":"Blizzard","floor":15.0,"key":"SMITH"},{"data":"Fission","floor":23.0,"key":"SMITH"},{"data":"Self Repair","floor":25.0,"key":"SMITH"},{"data":"Loop","floor":32.0,"key":"SMITH"},{"data":"Hologram","floor":42,"key":"SMITH"},{"data":"Redo","floor":45,"key":"SMITH"},{"data":"Echo Form","floor":49,"key":"SMITH"}],"circlet_count":0,"master_deck":["AscendersBane","Defend_B","Zap","Dualcast","Chill+1","Melter","Sweeping Beam+1","Blizzard+1","BootSequence","Ball Lightning","Cold Snap","Fission+1","Undo+1","Reinforced Body+1","Biased Cognition+1","Self Repair+1","Cold Snap","BootSequence","Redo+1","Hologram+1","Consume+1","Glacier+1","Coolheaded+1","Turbo+1","Loop+1","Core Surge","Stack+1","Stack+1","Undo+1","Thinking Ahead+1","Echo Form+1","Coolheaded+1","Defragment","Hologram+1","Conserve Battery+1","Violence+1"],"relics":["Cracked Core","Calipers","Art of War","MawBank","Astrolabe","Happy Flower","Mercury Hourglass","Membership Card","Toxic Egg 2","Pear","Coffee Dripper","Mango","Toolbox","Potion Belt","Orichalcum","Bag of Preparation","PreservedInsect","MealTicket","Toy Ornithopter","DataDisk","HandDrill","Eternal Feather"],"acts_visited":["Exordium","TheCity","TheBeyond"],"potions_floor_usage":[46,50,50],"damage_taken":[{"damage":2.0,"enemies":"2 Louse","floor":1.0,"turns":2.0},{"damage":3.0,"enemies":"Cultist","floor":2.0,"turns":4.0},{"damage":2.0,"enemies":"Jaw Worm","floor":4.0,"turns":3.0},{"damage":28.0,"enemies":"Gremlin Nob","floor":7.0,"turns":5.0},{"damage":7.0,"enemies":"Red Slaver","floor":10.0,"turns":3.0},{"damage":6.0,"enemies":"Large Slime","floor":12.0,"turns":6.0},{"damage":1.0,"enemies":"Blue Slaver","floor":14.0,"turns":3.0},{"damage":16.0,"enemies":"Hexaghost","floor":16.0,"turns":9.0},{"damage":8.0,"enemies":"2 Thieves","floor":18.0,"turns":4.0},{"damage":15.0,"enemies":"3 Byrds","floor":19.0,"turns":5.0},{"damage":0.0,"enemies":"Snecko","floor":24.0,"turns":5.0},{"damage":0.0,"enemies":"Centurion and Healer","floor":27.0,"turns":3.0},{"damage":0.0,"enemies":"Snake Plant","floor":28.0,"turns":4.0},{"damage":0.0,"enemies":"Book of Stabbing","floor":30.0,"turns":7.0},{"damage":14.0,"enemies":"Collector","floor":33.0,"turns":16.0},{"damage":0.0,"enemies":"3 Shapes","floor":35.0,"turns":4.0},{"damage":12.0,"enemies":"2 Orb Walkers","floor":37.0,"turns":7.0},{"damage":27.0,"enemies":"3 Darklings","floor":38.0,"turns":8.0},{"damage":19,"enemies":"Reptomancer","floor":40,"turns":13},{"damage":0,"enemies":"Nemesis","floor":44,"turns":9},{"damage":7,"enemies":"Transient","floor":46,"turns":5},{"damage":0,"enemies":"Maw","floor":48,"turns":8},{"damage":0,"enemies":"Awakened One","floor":50,"turns":11}],"seed_played":"-4758554921962091083","potions_obtained":[{"floor":1.0,"key":"Block Potion"},{"floor":2.0,"key":"BlessingOfTheForge"},{"floor":10.0,"key":"LiquidBronze"},{"floor":16.0,"key":"FearPotion"},{"floor":19.0,"key":"Dexterity Potion"},{"floor":24.0,"key":"BlessingOfTheForge"},{"floor":33.0,"key":"Ancient Potion"},{"floor":38.0,"key":"SkillPotion"},{"floor":44,"key":"Ancient Potion"},{"floor":46,"key":"GamblersBrew"}],"is_trial":false,"path_per_floor":["M","M","?","M","?","R","E","R","T","M","R","M","$","M","R","B",null,"M","M","?","?","$","R","M","R","T","M","M","$","E","$","R","B",null,"M","?","?","M","$","E","T","R","T","E","R","M","$","M","R","B",null],"character_chosen":"DEFECT","items_purchased":["Cold Snap","BootSequence","Membership Card","Toxic Egg 2","Glacier+1","Coolheaded+1","Loop","Undo+1","Thinking Ahead+1","Toolbox","Potion Belt","CultistPotion","LiquidMemories","EssenceOfSteel","Orichalcum","DataDisk","LiquidMemories","FocusPotion","Defragment","Hologram+1","HandDrill","Eternal Feather","Conserve Battery+1","Violence+1"],"campfire_rested":1,"item_purchase_floors":[22,22,29,29,29,29,31,39,39,39,39,39,39,39,39,47,47,47,47,47,47,47,47,47],"current_hp_per_floor":[62,59,59,57,57,57,29,50,50,43,43,37,37,36,36,20,58,50,35,35,35,35,35,42,42,42,52,62,62,81,81,81,77,80,81,81,93,76,76,67,67,67,67,77,77,85,95,95,95,95],"gold":184,"neow_bonus":"ONE_RARE_RELIC","is_daily":false,"chose_seed":false,"campfire_upgraded":9,"win_rate":0.0,"timestamp":1610939573,"path_taken":["M","M","?","M","?","R","E","R","T","?","R","M","?","?","R","BOSS","M","M","?","?","$","R","M","R","T","?","M","?","E","$","R","BOSS","M","?","?","?","$","E","?","R","T","E","R","M","$","M","R","BOSS"],"items_purchased_type":["Card","Card","Relic","Relic","Card","Card","Card","Card","Card","Relic","Relic","Potion","Potion","Potion","Relic","Relic","Potion","Potion","Card","Card","Relic","Relic","Card","Card"],"build_version":"2020-12-18","purchased_purges":3,"victory":true,"max_hp_per_floor":[71,71,71,71,71,71,71,71,71,71,71,71,71,71,71,71,71,71,71,71,71,71,71,71,71,71,71,71,71,81,81,81,81,81,81,81,95,95,95,95,95,95,95,95,95,95,95,95,95,95],"relic_stats":{"Happy Flower":[33],"counters":[23,141],"Astrolabe":["Undo","Reinforced Body","Biased Cognition"],"Eternal Feather":0,"PreservedInsect":50,"Bag of Preparation":[8],"Orichalcum":[6],"MawBank":156,"Mercury Hourglass":[451],"MealTicket":10,"Art of War":[25],"HandDrill":[0],"obtain_stats":[{"Potion Belt":39,"Calipers":0,"Pear":30,"Happy Flower":20,"Astrolabe":17,"Mango":37,"Eternal Feather":47,"PreservedInsect":41,"Bag of Preparation":40,"Orichalcum":39,"MawBank":9,"Mercury Hourglass":26,"DataDisk":47,"Toolbox":39,"MealTicket":43,"Art of War":7,"Coffee Dripper":34,"HandDrill":47,"Membership Card":29,"Toxic Egg 2":29,"Cracked Core":0,"Toy Ornithopter":44},{"Potion Belt":18,"Calipers":0,"Pear":14,"Happy Flower":10,"Astrolabe":8,"Mango":17,"Eternal Feather":21,"PreservedInsect":19,"Bag of Preparation":19,"Orichalcum":18,"MawBank":4,"Mercury Hourglass":11,"DataDisk":21,"Toolbox":18,"MealTicket":19,"Art of War":4,"Coffee Dripper":15,"HandDrill":21,"Membership Card":13,"Toxic Egg 2":13,"Cracked Core":0,"Toy Ornithopter":20},{"Potion Belt":97,"Calipers":0,"Pear":62,"Happy Flower":44,"Astrolabe":35,"Mango":89,"Eternal Feather":122,"PreservedInsect":109,"Bag of Preparation":109,"Orichalcum":97,"MawBank":14,"Mercury Hourglass":49,"DataDisk":122,"Toolbox":97,"MealTicket":109,"Art of War":14,"Coffee Dripper":78,"HandDrill":122,"Membership Card":55,"Toxic Egg 2":55,"Cracked Core":0,"Toy Ornithopter":117}],"Toy Ornithopter":5},"card_choices":[{"not_picked":["Skim","Chaos"],"picked":"Chill","floor":1.0},{"not_picked":["Ball Lightning","Gash"],"picked":"Melter","floor":2.0},{"not_picked":["Steam","Leap"],"picked":"Sweeping Beam","floor":4.0},{"not_picked":["Rip and Tear","Steam"],"picked":"Blizzard","floor":7.0},{"not_picked":["Aggregate","Barrage"],"picked":"BootSequence","floor":10.0},{"not_picked":["Redo","Sweeping Beam"],"picked":"Ball Lightning","floor":12.0},{"not_picked":["Turbo","White Noise"],"picked":"Cold Snap","floor":14.0},{"not_picked":["Hyperbeam","Multi-Cast"],"picked":"Fission","floor":16.0},{"not_picked":["Heatsinks","Compile Driver","Gash"],"picked":"SKIP","floor":18.0},{"not_picked":["Leap","Compile Driver"],"picked":"Self Repair","floor":19.0},{"not_picked":["Sunder","Rebound"],"picked":"Redo","floor":24.0},{"not_picked":["Scrape","Streamline"],"picked":"Hologram","floor":27.0},{"not_picked":["Cold Snap","Hologram"],"picked":"Consume+1","floor":28.0},{"not_picked":["Reinforced Body+1","Hologram+1"],"picked":"Turbo+1","floor":30.0},{"not_picked":["Fission+1","Meteor Strike"],"picked":"Core Surge","floor":33.0},{"not_picked":["Leap+1","Rebound"],"picked":"Stack+1","floor":35.0},{"not_picked":["Gash","Leap+1"],"picked":"Stack+1","floor":37.0},{"not_picked":["Compile Driver","Leap+1","Beam Cell+1"],"picked":"SKIP","floor":38.0},{"not_picked":["Gash","Coolheaded+1"],"picked":"Echo Form","floor":40},{"not_picked":["Gash","Beam Cell","Streamline"],"picked":"SKIP","floor":44},{"not_picked":["Ball Lightning","Go for the Eyes"],"picked":"Coolheaded+1","floor":46},{"not_picked":["Stack+1","Reprogram+1","Steam+1"],"picked":"SKIP","floor":48}],"player_experience":253138,"relics_obtained":[{"floor":7.0,"key":"Art of War"},{"floor":9.0,"key":"MawBank"},{"floor":26.0,"key":"Mercury Hourglass"},{"floor":30.0,"key":"Pear"},{"floor":37.0,"key":"Mango"},{"floor":40,"key":"Bag of Preparation"},{"floor":41,"key":"PreservedInsect"},{"floor":43,"key":"MealTicket"},{"floor":44,"key":"Toy Ornithopter"}],"event_choices":[{"cards_removed":["Strike_B"],"damage_healed":0.0,"max_hp_gain":0.0,"max_hp_loss":0.0,"gold_gain":0.0,"event_name":"Living Wall","player_choice":"Forget","floor":3.0,"gold_loss":0.0,"damage_taken":0.0},{"cards_removed":["Strike_B"],"damage_healed":0.0,"max_hp_gain":0.0,"max_hp_loss":0.0,"gold_gain":0.0,"event_name":"Bonfire Elementals","player_choice":"Offered Basic","floor":5.0,"gold_loss":0.0,"damage_taken":0.0},{"damage_healed":0.0,"max_hp_gain":0.0,"max_hp_loss":0.0,"gold_gain":0.0,"event_name":"The Mausoleum","player_choice":"Opened","floor":20.0,"gold_loss":0.0,"damage_taken":0.0,"relics_obtained":["Happy Flower"]},{"cards_removed":["Defend_B"],"damage_healed":0.0,"max_hp_gain":0.0,"max_hp_loss":0.0,"gold_gain":0.0,"event_name":"Purifier","player_choice":"Purged","floor":21.0,"gold_loss":0.0,"damage_taken":0.0},{"damage_healed":0.0,"max_hp_gain":0.0,"max_hp_loss":0.0,"gold_gain":999.0,"event_name":"MindBloom","player_choice":"Gold","floor":36.0,"gold_loss":0.0,"damage_taken":0.0,"cards_obtained":["Normality","Normality"]},{"damage_healed":0.0,"max_hp_gain":0.0,"max_hp_loss":0.0,"gold_gain":0.0,"event_name":"Mysterious Sphere","player_choice":"Fight","floor":37.0,"gold_loss":0.0,"damage_taken":0.0}],"is_beta":true,"boss_relics":[{"not_picked":["Runic Dome","SacredBark"],"picked":"Astrolabe"},{"not_picked":["Snecko Eye","Tiny House"],"picked":"Coffee Dripper"}],"items_purged_floors":[22,39,47],"is_endless":false,"potions_floor_spawned":[1,2,10,14,16,19,24,33,38,44,46],"ascension_level":14}}