{"host":"7tqog9fnhs0gxmti","time":1610971272,"event":{"mods":["AchievementEnabler","Act Like it!","BaseMod","Beaked The Cultist","Colored Map","Colored Powertips","Hermit","Highlight Path","Koishi","Minty Spire (QoL Compilation)","Robot Space Explorer","StSLib","The Gatherer","everything is the same but u backflip on backflip"],"gold_per_floor":[109,109,125,125,143,178,178,30,84,101,111,111,144,163,163,265,265,276,294,110,110,128,162,77,77,77,77,77,77],"floor_reached":27,"language":"ENG","playtime":1059,"items_purged":["Gatherer:Strike_Gatherer"],"score":243,"play_id":"5d1b7578-4151-4e83-a033-50a6b03ab412","local_time":"20210118200112","is_ascension_mode":false,"metric_token":913,"campfire_choices":[{"data":"Gatherer:Snatch","floor":7.0,"key":"SMITH"},{"data":"Gatherer:AlchemyTrial","floor":12.0,"key":"SMITH"},{"data":"Gatherer:AlchemyTrial","floor":15,"key":"SMITH"}],"circlet_count":0,"master_deck":["Gatherer:Strike_Gatherer","Gatherer:Strike_Gatherer","Gatherer:Strike_Gatherer","Gatherer:Strike_Gatherer","Gatherer:Defend_Gatherer","Gatherer:Defend_Gatherer","Gatherer:Defend_Gatherer","Gatherer:Defend_Gatherer","Gatherer:Defend_Gatherer","Gatherer:Centralize+1","Gatherer:FlowerWhip+1","Gatherer:DrugPower","Gatherer:Snatch+1","Gatherer:EnergyBasket","Gatherer:AlchemyTrial+1","Gatherer:FlowerBeam","Gatherer:Snatch","Gatherer:SealedBomb","Gatherer:AlchemyTrial+1","Gatherer:Snatch","Gatherer:BlackTea","Gatherer:BambuSword+1","Gatherer:FragileHammer","Gatherer:UpgradeBag","Gatherer:FruitForce","Gatherer:VenomBarrier","Gatherer:EnergyBasket","Gatherer:Pollute"],"relics":["Gatherer:AlchemyBag","NeowsBlessing","Potion Belt","Anchor","Bronze Scales","Philosopher\u0027s Stone","Regal Pillow","Torii","Pantograph"],"acts_visited":["Exordium","TheCity"],"potions_floor_usage":[16,22,23],"damage_taken":[{"damage":0.0,"enemies":"Small Slimes","floor":1.0,"turns":1.0},{"damage":0.0,"enemies":"Jaw Worm","floor":3.0,"turns":1.0},{"damage":0.0,"enemies":"Cultist","floor":5.0,"turns":1.0},{"damage":22.0,"enemies":"Lagavulin","floor":6.0,"turns":7.0},{"damage":3.0,"enemies":"Lots of Slimes","floor":10.0,"turns":3.0},{"damage":0.0,"enemies":"Blue Slaver","floor":11.0,"turns":3.0},{"damage":13.0,"enemies":"Gremlin Nob","floor":13.0,"turns":3.0},{"damage":0.0,"enemies":"2 Fungi Beasts","floor":14.0,"turns":3.0},{"damage":24,"enemies":"Hexaghost","floor":16,"turns":6},{"damage":5,"enemies":"Shell Parasite","floor":18,"turns":3},{"damage":23,"enemies":"3 Byrds","floor":19,"turns":3},{"damage":18,"enemies":"Centurion and Healer","floor":22,"turns":5},{"damage":27,"enemies":"Slavers","floor":23,"turns":3},{"damage":9,"enemies":"Sentry and Sphere","floor":27,"turns":3}],"seed_played":"5761980229727666170","potions_obtained":[{"floor":3.0,"key":"SmokeBomb"},{"floor":5.0,"key":"Fruit Juice"},{"floor":13.0,"key":"ZuzhouPotion:ReiMu"},{"floor":18,"key":"Fire Potion"},{"floor":22,"key":"LiquidBronze"}],"is_trial":false,"path_per_floor":["M","?","M","?","M","E","R","$","T","M","M","R","E","M","R","B",null,"M","M","$","?","M","E","?","$","T","M"],"character_chosen":"THE_GATHERER","items_purchased":["Gatherer:AlchemyTrial","Gatherer:FlowerBeam","Gatherer:UpgradeBag","Gatherer:FruitForce"],"campfire_rested":0,"item_purchase_floors":[8,8,20,20],"current_hp_per_floor":[72,72,72,72,77,55,55,55,55,52,52,52,39,39,39,15,77,72,49,53,53,35,8,8,8,8,0,0,0],"gold":77,"neow_bonus":"THREE_ENEMY_KILL","is_daily":false,"chose_seed":false,"campfire_upgraded":3,"win_rate":0.0,"timestamp":1610971272,"path_taken":["M","?","M","?","M","E","R","$","T","?","?","R","E","M","R","BOSS","M","M","?","?","M","E","?","?","T","?"],"items_purchased_type":["Card","Card","Card","Card"],"build_version":"2020-12-22","purchased_purges":1,"victory":false,"max_hp_per_floor":[72,72,72,72,77,77,77,77,77,77,77,77,77,77,77,77,77,77,77,81,81,81,81,81,81,81,81,81,81],"card_choices":[{"not_picked":["Gatherer:GatherMaterial","Gatherer:ScherryThrow"],"picked":"Gatherer:DrugPower","floor":1.0},{"not_picked":["Gatherer:DrugPower","Gatherer:SaveValuables"],"picked":"Gatherer:Nutrients","floor":3.0},{"not_picked":["Gatherer:Enchant","Gatherer:ScrollOfPurity"],"picked":"Gatherer:Snatch","floor":5.0},{"not_picked":["Gatherer:EchoOfNature","Gatherer:Duplicator"],"picked":"Gatherer:EnergyBasket","floor":6.0},{"not_picked":["Gatherer:FeelingFine","Gatherer:UpgradeBag"],"picked":"Gatherer:Snatch","floor":10.0},{"not_picked":["Gatherer:Convert","Gatherer:OddSpoils"],"picked":"Gatherer:SealedBomb","floor":11.0},{"not_picked":["Gatherer:SmartManeuver","Gatherer:FlowerShield"],"picked":"Gatherer:AlchemyTrial","floor":13.0},{"not_picked":["Gatherer:BigPouch","Gatherer:DrugPower"],"picked":"Gatherer:Snatch","floor":14.0},{"not_picked":["Gatherer:ScrollOfPurity","Gatherer:FinishingStrike"],"picked":"Gatherer:BlackTea","floor":16},{"not_picked":["Gatherer:FlowerFalling","Gatherer:Herbalism"],"picked":"Gatherer:BambuSword+1","floor":18},{"not_picked":["Gatherer:GatherMaterial","Gatherer:TacticalStrike"],"picked":"Gatherer:FragileHammer","floor":19},{"not_picked":["Gatherer:PotentialSlash","Gatherer:Snatch"],"picked":"Gatherer:EnergyBasket","floor":22},{"not_picked":["Gatherer:AromaProtection+1","Gatherer:GatherMaterial"],"picked":"Gatherer:Pollute","floor":23}],"player_experience":781743,"relics_obtained":[{"floor":6.0,"key":"Potion Belt"},{"floor":9.0,"key":"Anchor"},{"floor":13.0,"key":"Bronze Scales"},{"floor":23,"key":"Regal Pillow"},{"floor":26,"key":"Pantograph"}],"event_choices":[{"damage_healed":0.0,"max_hp_gain":0.0,"max_hp_loss":0.0,"gold_gain":0.0,"event_name":"Living Wall","player_choice":"Grow","floor":2.0,"gold_loss":0.0,"damage_taken":0.0,"cards_upgraded":["Gatherer:Centralize"]},{"cards_removed":["Gatherer:Nutrients"],"damage_healed":0.0,"max_hp_gain":0.0,"max_hp_loss":0.0,"gold_gain":0.0,"event_name":"Bonfire Elementals","player_choice":"Offered Uncommon","floor":4.0,"gold_loss":0.0,"damage_taken":0.0},{"damage_healed":0,"gold_gain":0,"player_choice":"Read","damage_taken":0,"max_hp_gain":0,"max_hp_loss":0,"event_name":"The Library","floor":21,"gold_loss":0,"cards_obtained":["Gatherer:VenomBarrier"]},{"damage_healed":0,"gold_gain":0,"player_choice":"Obtained Relic","damage_taken":0,"relics_obtained":["Torii"],"max_hp_gain":0,"max_hp_loss":0,"event_name":"Addict","floor":24,"gold_loss":85}],"is_beta":false,"boss_relics":[{"not_picked":["Gatherer:MiracleBag","Coffee Dripper"],"picked":"Philosopher\u0027s Stone"}],"items_purged_floors":[20],"is_endless":false,"potions_floor_spawned":[3,5,13,18,22],"killed_by":"Sentry and Sphere","ascension_level":0}}