{"host":"6w37wf36x1q352g5","time":1610937211,"event":{"mods":["2.2 Compatiblity","Act Like it!","Aspiration","BaseMod","Block Reminder","Card Filter","Colored Powertips","Curses Come First","Dark Map","DeckTracker","Elementarium","Energized Spire","Gensokyo","Halation","Highlight Path","Hubris","Infinite Spire","Jedi Mod","Menagerie","Mimic Mod","Minty Spire (QoL Compilation)","Relic Filter","RumiaBox-????????","Spicy Shops","Spikes Relics","StSLib","Swap Starting Deck Mod","The Factory","The Jungle","Unceasing Turn Reminder","Wandering Minibosses","vexMod"],"gold_per_floor":[116,116,127,127,137,172,186,186,211,240,88,88,88,104,104,197,197,209,166,126,136,136,168,168,154,154,154,109,43,43,57,57,57,57],"floor_reached":33,"language":"ENG","playtime":2206,"items_purged":[],"score":327,"play_id":"9e8f45b2-2163-4555-b872-aab8df975644","local_time":"20210117193331","is_ascension_mode":false,"campfire_choices":[{"data":"Armaments","floor":8,"key":"SMITH"},{"data":"Berserk","floor":12,"key":"SMITH"},{"floor":15,"key":"RECALL"},{"floor":24,"key":"REST"},{"floor":27,"key":"REST"},{"data":"Flex","floor":30,"key":"SMITH"},{"data":"Clash","floor":32,"key":"SMITH"}],"circlet_count":0,"master_deck":["Anger","Twin Strike","Twin Strike","Twin Strike","Rage","Rage","Flex+1","Distraction+1","All Out Attack","Thunderclap","Armaments+1","Berserk+1","Thunderclap+1","Berserk+1","CurseOfTheBell","Clash+1","Clash","Gensokyo:LockedMedkit"],"relics":["Burning Blood","swapstartingdeckmod:Bellows","Gensokyo:YoukaiFlower","Happy Flower","halation:AfternoonTea","aspiration:AnachronicSnailShell","jedi:fakemustache","Calling Bell","aspiration:Lifesprig","Toxic Egg 2","jedi:kaleidoscope","infinitespire:Joker Card","Baka2","Bag of Marbles","MiniBlackHole"],"acts_visited":["Gensokyo:Gensokyo","Gensokyo:Gensokyoer"],"potions_floor_usage":[19,19,33,33],"damage_taken":[{"damage":0,"enemies":"Gensokyo:Python","floor":1,"turns":1},{"damage":0,"enemies":"Gensokyo:3_Fairies","floor":3,"turns":5},{"damage":0,"enemies":"Gensokyo:Gryphon","floor":5,"turns":1},{"damage":17,"enemies":"Gensokyo:Aya","floor":6,"turns":4},{"damage":3,"enemies":"Gensokyo:Kitsune","floor":7,"turns":2},{"damage":13,"enemies":"Gensokyo:Mamizou","floor":10,"turns":8},{"damage":6,"enemies":"Gensokyo:3_Kodama","floor":14,"turns":3},{"damage":0,"enemies":"Gensokyo:Yukari","floor":16,"turns":8},{"damage":10,"enemies":"Gensokyo:AngelMirror","floor":18,"turns":2},{"damage":37,"enemies":"Gensokyo:CosmicMonolith","floor":19,"turns":6},{"damage":3,"enemies":"Gensokyo:3_Gloops","floor":21,"turns":2},{"damage":36,"enemies":"Gensokyo:Koishi","floor":23,"turns":3},{"damage":19,"enemies":"Gensokyo:Wraith","floor":25,"turns":3},{"damage":3,"enemies":"Gensokyo:Monolith_and_Dog","floor":28,"turns":1},{"damage":3,"enemies":"Gensokyo:3_Gloops","floor":31,"turns":2},{"damage":91,"enemies":"Gensokyo:Eternal_Rivals","floor":33,"turns":6}],"seed_played":"-5804938447756750150","potions_obtained":[{"floor":5,"key":"Dexterity Potion"},{"floor":10,"key":"jedi:holywater"},{"floor":14,"key":"jedi:holywater"},{"floor":16,"key":"Regen Potion"},{"floor":19,"key":"jedi:StrikingPotion"},{"floor":21,"key":"SteroidPotion"}],"is_trial":false,"path_per_floor":["M","?","M","?","M","E","M","R","T","E","$","R","?","M","R","B",null,"M","M","?","M","?","E","R","M","T","R","M","COS","R","M","R","B"],"character_chosen":"IRONCLAD","items_purchased":["jedi:fakemustache"],"campfire_rested":2,"item_purchase_floors":[11],"current_hp_per_floor":[80,80,80,80,80,69,72,72,72,65,75,75,75,75,75,80,80,76,59,59,62,62,32,56,52,52,76,79,79,79,80,80,0,0],"gold":57,"neow_bonus":"","is_daily":false,"chose_seed":false,"campfire_upgraded":4,"win_rate":0.0,"timestamp":1610937211,"path_taken":["M","?","M","?","?","E","M","R","T","E","?","R","?","M","R","BOSS","M","M","?","M","?","E","R","M","T","R","M","COS","R","M","R","BOSS"],"items_purchased_type":["Relic"],"build_version":"2020-12-22","purchased_purges":0,"victory":false,"max_hp_per_floor":[80,80,80,80,80,80,80,80,80,80,80,80,80,80,80,80,80,80,80,80,80,80,80,80,80,80,80,80,80,80,80,80,80,80],"card_choices":[{"not_picked":["Pummel","Cleave"],"picked":"Clash","floor":1},{"not_picked":["Flame Barrier","True Grit","Shrug It Off"],"picked":"SKIP","floor":3},{"not_picked":["Whirlwind","Clash"],"picked":"Thunderclap","floor":5},{"not_picked":["Seeing Red","Reckless Charge","Combust"],"picked":"SKIP","floor":6},{"not_picked":["Sword Boomerang","Flex"],"picked":"Armaments","floor":7},{"not_picked":["Clash","Power Through"],"picked":"Berserk","floor":10},{"not_picked":["Twin Strike","Fire Breathing","Iron Wave"],"picked":"SKIP","floor":14},{"not_picked":["Corruption","Immolate"],"picked":"Berserk","floor":16},{"not_picked":["Havoc+1","Disarm+1"],"picked":"Clash","floor":18},{"not_picked":["Wild Strike+1","Twin Strike","Seeing Red+1"],"picked":"SKIP","floor":19},{"not_picked":["Seeing Red+1","Wild Strike+1"],"picked":"Clash","floor":21},{"not_picked":["Thunderclap","Sword Boomerang+1","Feel No Pain"],"picked":"SKIP","floor":23},{"not_picked":["Bludgeon","Searing Blow","Intimidate+1"],"picked":"SKIP","floor":25},{"not_picked":["Sword Boomerang","Uppercut","Pummel"],"picked":"SKIP","floor":28},{"not_picked":["Ghostly Armor+1","Cleave+1","Heavy Blade"],"picked":"SKIP","floor":31}],"player_experience":543557,"relics_obtained":[{"floor":1,"key":"Baka"},{"floor":6,"key":"Happy Flower"},{"floor":7,"key":"halation:AfternoonTea"},{"floor":10,"key":"aspiration:AnachronicSnailShell"},{"floor":17,"key":"aspiration:Lifesprig"},{"floor":17,"key":"Toxic Egg 2"},{"floor":17,"key":"jedi:kaleidoscope"},{"floor":19,"key":"infinitespire:Joker Card"},{"floor":19,"key":"Baka2"},{"floor":23,"key":"Bag of Marbles"},{"floor":26,"key":"MiniBlackHole"}],"event_choices":[],"is_beta":false,"boss_relics":[{"not_picked":["hubris:Stopwatch","hubris:GrandSneckoEye"],"picked":"Calling Bell"}],"items_purged_floors":[],"is_endless":false,"potions_floor_spawned":[5,10,14,16,19,21,25],"killed_by":"Gensokyo:Eternal_Rivals","ascension_level":0}}