{"host":"fkig9nrckec4xsh0","time":1610941661,"event":{"mods":["BaseMod","Colored Map","Minty Spire (QoL Compilation)","Quick Restart","Replay The Spire","StSLib"],"gold_per_floor":[111,111,111,111,31,31,70,70,70,105,105,123,161,161,192,217,217,345,445,466,466,466,381,381,381,414,414,414,414,339,400,400,400,400,559,559,610,610,659,535,568,645,645,737,737,737,1115,1115,1115,1115,1115,1167],"floor_reached":53,"language":"ENG","playtime":2235,"items_purged":[],"score":1221,"play_id":"4376ad00-2c59-4319-aeb0-f2f00b3f3fb5","local_time":"20210117224741","is_ascension_mode":true,"campfire_choices":[{"data":"Infinite Blades","floor":6,"key":"SMITH"},{"data":"Replay:Bag of Tricks","floor":14,"key":"SMITH"},{"data":"Storm of Steel","floor":17,"key":"SMITH"},{"data":"Glass Knife","floor":25,"key":"SMITH"},{"data":"Acrobatics","floor":27,"key":"SMITH"},{"data":"Finisher","floor":34,"key":"SMITH"},{"data":"Panache","floor":48,"key":"SMITH"},{"data":"A Thousand Cuts","floor":51,"key":"SMITH"}],"circlet_count":0,"master_deck":["Strike_G","Defend_G","Defend_G","Defend_G","Defend_G","Survivor","Neutralize","Cloak And Dagger","Infinite Blades+1","Replay:Bag of Tricks+1","Acrobatics+1","Backflip","Blade Dance","All Out Attack","Storm of Steel+1","Glass Knife+1","Poisoned Stab+1","Noxious Fumes","Noxious Fumes","Finisher+1","A Thousand Cuts+1","Clumsy","Languid","Writhe","Cloak And Dagger+1","Blade Dance+1","Panache+1","Flash of Steel","ReplayTheSpireMod:Private Reserves","Poisoned Stab","A Thousand Cuts+1","Toxin Wave+1"],"relics":["Ring of the Snake","NeowsBlessing","Golden Idol","Gremlin Food","Pantograph","ReplayTheSpireMod:Shallot","Snake Skull","Juzu Bracelet","Replay:Grab Bag","Replay:Bronze Core","Replay:Wanted Poster","Black Star","Blue Doll","Replay:Bandana","Meat on the Bone","Durian","Ice Cream","Ninja Scroll","Replay:Ancient Bell","Vajra","Garlic","Vampiric Spirits","ReplayTheSpireMod:ShopPack","Byrd Skull","Darkstone Periapt","Regal Pillow","ReplayFunnel","Toxic Egg 2","Quantum Egg","Old Coin"],"acts_visited":["Exordium","TheCity","TheBeyond"],"potions_floor_usage":[26,31,35,47,47,52,52],"damage_taken":[{"damage":0,"enemies":"Jaw Worm","floor":1,"turns":1},{"damage":0,"enemies":"Gremlin Nob","floor":7,"turns":1},{"damage":0,"enemies":"3 Sentries","floor":10,"turns":1},{"damage":1,"enemies":"Small Slimes","floor":12,"turns":5},{"damage":21,"enemies":"Lagavulin","floor":13,"turns":7},{"damage":13,"enemies":"3 Sentries","floor":15,"turns":6},{"damage":0,"enemies":"2 Louse","floor":16,"turns":3},{"damage":13,"enemies":"Hexaghost","floor":18,"turns":9},{"damage":0,"enemies":"Shell Parasite","floor":20,"turns":3},{"damage":22,"enemies":"Slavers","floor":26,"turns":6},{"damage":8,"enemies":"Gremlin Leader","floor":31,"turns":5},{"damage":32,"enemies":"Collector","floor":35,"turns":7},{"damage":5,"enemies":"Orb Walker","floor":37,"turns":2},{"damage":1,"enemies":"3 Shapes","floor":39,"turns":4},{"damage":4,"enemies":"Sphere and 2 Shapes","floor":41,"turns":2},{"damage":33,"enemies":"Nemesis","floor":42,"turns":5},{"damage":10,"enemies":"Giant Head","floor":44,"turns":5},{"damage":0,"enemies":"Nemesis","floor":47,"turns":4},{"damage":53,"enemies":"Donu and Deca","floor":52,"turns":5}],"seed_played":"2669655947407881967","potions_obtained":[{"floor":15,"key":"Explosive Potion"},{"floor":16,"key":"EssenceOfSteel"},{"floor":18,"key":"Strength Potion"},{"floor":20,"key":"EssenceOfSteel"},{"floor":31,"key":"ColorlessPotion"},{"floor":35,"key":"Flashbang"},{"floor":44,"key":"SpeedPotion"},{"floor":47,"key":"Doom Potion"}],"is_trial":false,"path_per_floor":["M","?","?","?","$","R","E","PTL","PTL","E","T","M","E","R","E","M","R","B",null,"M","?","?","?","?","R","E","R","T","?","?","E","?","?","R","B",null,"M","?","M","$","M","E","?","E","T","?","E","R","?","?","R","B",null],"character_chosen":"THE_SILENT","items_purchased":["Infinite Blades","ReplayTheSpireMod:ShopPack"],"campfire_rested":0,"item_purchase_floors":[5,40],"current_hp_per_floor":[63,63,63,56,56,56,56,56,56,56,56,55,34,34,21,21,21,33,61,61,61,61,61,61,61,39,39,44,44,44,48,48,48,48,41,67,70,70,74,74,71,42,42,52,52,52,57,57,57,62,62,21],"gold":1167,"neow_bonus":"THREE_ENEMY_KILL","is_daily":false,"chose_seed":false,"campfire_upgraded":8,"win_rate":0.0,"timestamp":1610941661,"path_taken":["M","?","?","?","?","R","E","PTL","PTL","E","T","M","E","R","E","M","R","BOSS","M","?","?","?","?","R","E","R","T","?","?","E","?","?","R","BOSS","M","?","M","?","M","E","?","E","T","?","E","R","?","?","R","BOSS"],"items_purchased_type":["Card","Relic"],"build_version":"2020-12-22","purchased_purges":0,"victory":true,"max_hp_per_floor":[70,70,70,70,70,70,70,70,70,70,70,70,70,70,70,70,70,70,70,70,70,70,70,70,70,70,70,75,75,75,75,75,75,75,75,75,75,75,75,75,75,75,75,75,75,75,75,75,71,62,62,62],"card_choices":[{"not_picked":["Dodge and Roll","PiercingWail"],"picked":"Cloak And Dagger","floor":1},{"not_picked":["Cloak And Dagger","Outmaneuver"],"picked":"Replay:Bag of Tricks","floor":7},{"not_picked":["Poisoned Stab","Eviscerate"],"picked":"Acrobatics","floor":10},{"not_picked":["Deadly Poison","Deflect"],"picked":"Backflip","floor":12},{"not_picked":["Dagger Spray","Prepared"],"picked":"Blade Dance","floor":13},{"not_picked":["Prepared","Underhanded Strike"],"picked":"All Out Attack","floor":15},{"not_picked":["Bane","Escape Plan"],"picked":"Storm of Steel","floor":16},{"not_picked":["Bullet Time","Doppelganger"],"picked":"Glass Knife","floor":18},{"not_picked":["Leg Sweep+1","Cloak And Dagger"],"picked":"Poisoned Stab+1","floor":20},{"not_picked":["Slice","Tools of the Trade"],"picked":"Noxious Fumes","floor":26},{"not_picked":["Dagger Throw+1","Deadly Poison"],"picked":"Finisher","floor":31},{"not_picked":["Tools of the Trade","Replay:Bag of Tricks"],"picked":"A Thousand Cuts","floor":35},{"not_picked":["CurseOfTheBell","Doubt"],"picked":"Clumsy","floor":36},{"not_picked":["Voices","Spreading Infection"],"picked":"Languid","floor":36},{"not_picked":["Delirium","CurseOfTheBell"],"picked":"Writhe","floor":36},{"not_picked":["Quick Slash+1","Blur"],"picked":"Cloak And Dagger+1","floor":37},{"not_picked":["Poisoned Stab+1","Acrobatics+1"],"picked":"Blade Dance+1","floor":39},{"not_picked":["Crow Ritual","Master of Strategy"],"picked":"Panache","floor":40},{"not_picked":["ReplayTheSpireMod:Private Reserves","ReplayTheSpireMod:Trickstab"],"picked":"Flash of Steel","floor":40},{"not_picked":["Survey Options","Forethought"],"picked":"ReplayTheSpireMod:Private Reserves","floor":40},{"not_picked":["ReplayTheSpireMod:Exploit Weakness","Prepared","Sucker Punch"],"picked":"SKIP","floor":41},{"not_picked":["ReplayTheSpireMod:Scrap Shanks+1","Dagger Spray"],"picked":"Poisoned Stab","floor":42},{"not_picked":["Blur","Heel Hook+1"],"picked":"A Thousand Cuts","floor":44},{"not_picked":["Flying Knee","Slice"],"picked":"Toxin Wave+1","floor":47}],"player_experience":349860,"relics_obtained":[{"floor":7,"key":"Gremlin Food"},{"floor":10,"key":"Pantograph"},{"floor":11,"key":"ReplayTheSpireMod:Shallot"},{"floor":13,"key":"Snake Skull"},{"floor":15,"key":"Juzu Bracelet"},{"floor":26,"key":"Replay:Bandana"},{"floor":26,"key":"Meat on the Bone"},{"floor":28,"key":"Durian"},{"floor":31,"key":"Ice Cream"},{"floor":31,"key":"Ninja Scroll"},{"floor":42,"key":"Byrd Skull"},{"floor":42,"key":"Darkstone Periapt"},{"floor":44,"key":"Regal Pillow"},{"floor":44,"key":"ReplayFunnel"},{"floor":45,"key":"Toxic Egg 2"},{"floor":47,"key":"Quantum Egg"},{"floor":47,"key":"Old Coin"}],"event_choices":[{"damage_healed":0,"gold_gain":0,"player_choice":"Take Wound","damage_taken":0,"relics_obtained":["Golden Idol"],"max_hp_gain":0,"max_hp_loss":0,"event_name":"Golden Idol","floor":3,"gold_loss":0,"cards_obtained":["Injury"]},{"cards_removed":["Injury"],"damage_healed":0,"gold_gain":0,"player_choice":"Card Removal","damage_taken":7,"max_hp_gain":0,"max_hp_loss":0,"event_name":"Golden Wing","floor":4,"gold_loss":0},{"damage_healed":0,"gold_gain":0,"player_choice":"Read","damage_taken":0,"max_hp_gain":0,"max_hp_loss":0,"event_name":"The Library","floor":21,"gold_loss":0,"cards_obtained":["Noxious Fumes"]},{"damage_healed":0,"gold_gain":0,"player_choice":"Obtained Relic","damage_taken":0,"relics_obtained":["Blue Doll"],"max_hp_gain":0,"max_hp_loss":0,"event_name":"Addict","floor":23,"gold_loss":85},{"cards_removed":["Hallucinations"],"damage_healed":0,"gold_gain":0,"player_choice":"Removed Curses","damage_taken":0,"max_hp_gain":0,"max_hp_loss":0,"event_name":"Fountain of Cleansing","floor":24,"gold_loss":0},{"cards_removed":["Defend_G"],"damage_healed":0,"gold_gain":0,"player_choice":"Elegance","damage_taken":0,"max_hp_gain":0,"max_hp_loss":0,"event_name":"Back to Basics","floor":29,"gold_loss":0},{"cards_removed":["Strike_G"],"damage_healed":0,"gold_gain":0,"player_choice":"Gave Gold","damage_taken":0,"max_hp_gain":0,"max_hp_loss":0,"event_name":"Beggar","floor":30,"gold_loss":75},{"cards_removed":["Strike_G"],"damage_healed":0,"gold_gain":0,"player_choice":"Purged","damage_taken":0,"max_hp_gain":0,"max_hp_loss":0,"event_name":"Purifier","floor":32,"gold_loss":0},{"damage_healed":0,"gold_gain":0,"player_choice":"Ignored","damage_taken":0,"max_hp_gain":0,"max_hp_loss":0,"event_name":"Vampires","floor":33,"gold_loss":0},{"damage_healed":0,"gold_gain":0,"player_choice":"Forge","damage_taken":0,"max_hp_gain":0,"max_hp_loss":0,"event_name":"Accursed Blacksmith","floor":38,"gold_loss":0,"cards_upgraded":["A Thousand Cuts"]},{"damage_healed":0,"gold_gain":0,"player_choice":"Ignored","damage_taken":0,"max_hp_gain":0,"max_hp_loss":0,"event_name":"Tomb of Lord Red Mask","floor":43,"gold_loss":0},{"cards_removed":["Strike_G"],"damage_healed":0,"gold_gain":0,"player_choice":"Removed Attack","damage_taken":0,"max_hp_gain":0,"max_hp_loss":0,"event_name":"Falling","floor":46,"gold_loss":0},{"damage_healed":0,"gold_gain":0,"player_choice":"Max HP","damage_taken":0,"max_hp_gain":0,"max_hp_loss":4,"event_name":"Winding Halls","floor":49,"gold_loss":0},{"damage_healed":62,"gold_gain":0,"player_choice":"Heal","damage_taken":0,"max_hp_gain":0,"max_hp_loss":9,"event_name":"The Moai Head","floor":50,"gold_loss":0}],"is_beta":false,"boss_relics":[{"not_picked":["Ring of Chaos","Empty Cage"],"picked":"Replay:Grab Bag"},{"not_picked":["Busted Crown","Cursed Key"],"picked":"Replay:Bronze Core"},{"not_picked":["ReplayTheSpireMod:DimensionalGlitch","Velvet Choker"],"picked":"Replay:Wanted Poster"},{"not_picked":["Runic Pyramid","SlaversCollar"],"picked":"Black Star"},{"not_picked":["Replay:Drink Me","Kintsugi"],"picked":"Replay:Ancient Bell"},{"not_picked":["Toy Ornithopter","Orichalcum"],"picked":"Vajra"},{"not_picked":["Divine Protection","Question Card"],"picked":"Garlic"},{"not_picked":["Replay:Arrowhead","Torii"],"picked":"Vampiric Spirits"}],"items_purged_floors":[],"is_endless":false,"potions_floor_spawned":[15,16,18,20,31,35,44,47],"ascension_level":6}}