{"host":"1i8zkjbir2oea10k","time":1610968318,"event":{"mods":["Act Like it!","Aspiration","BaseMod","Challenge The Spire","ChefMod","Colored Map","Conspire","Dota2Spire","Ekko","Elementarium","Energized Spire","GifTheSpireLib","Googly Eyes","Halation","Hubris","Hyrulean Relics","Infinite Spire","JesterMod","Mari Mod (Legacy)","Mari\u0027s V1 Patch","Marisa????????","Minty Spire (QoL Compilation)","Pale of the Ancients","Replay The Spire","Shade Mod","Shop Mod","Small Relic Pack","Spikes Relics","StSLib","Stuff the Spire","The Alterego","The Animator","The Blue Laboratory","The Jungle","The Mystic","The Poker Player","The Servant 0.9.4","Trackpad","Waifu the Spire","Wandering Minibosses","WarShipGirlsR/????R mod","everything is the same but u backflip on backflip"],"gold_per_floor":[115,115,55,55,67,67,96,96,149,63,81,81,99,75,75,188,188,201,201,201],"floor_reached":19,"language":"ENG","playtime":1140,"items_purged":[],"score":240,"play_id":"a959dfe5-a56e-405c-b56f-4bef9fd98152","local_time":"20210118121158","is_ascension_mode":false,"campfire_choices":[{"data":"jesterMod:Leeches","floor":6,"key":"SMITH"},{"data":"jesterMod:SelfMockery","floor":8,"key":"SMITH"},{"data":"jesterMod:Sickle","floor":15,"key":"SMITH"}],"circlet_count":0,"master_deck":["conspire:GhostlyStrike","conspire:GhostlyStrike","conspire:GhostlyStrike","conspire:GhostlyStrike","jesterMod:Sickle+1","conspire:GhostlyDefend","conspire:GhostlyDefend","conspire:GhostlyDefend","conspire:GhostlyDefend","jesterMod:Dodge","jesterMod:SelfMockery+1","jesterMod:JackInTheBox","jesterMod:Prankster","jesterMod:Leeches+1","jesterMod:Schizophrenia","jesterMod:DancingMad","jesterMod:BouncingKnife","jesterMod:BouncingKnife","jesterMod:Prankster","jesterMod:Drunkenness","jesterMod:Prankster+1"],"relics":["jesterMod:JesterCap","NeowsBlessing","hubris:Icosahedron","Dead Branch","aspiration:TomeofQuesting","aspiration:SeaSaltIceCream","halation:StarCompass","SlaversCollar"],"acts_visited":["Exordium","TheCity"],"potions_floor_usage":[],"damage_taken":[{"damage":0,"enemies":"2 Louse","floor":1,"turns":1},{"damage":0,"enemies":"Small Slimes","floor":5,"turns":1},{"damage":0,"enemies":"3 Sentries","floor":7,"turns":1},{"damage":0,"enemies":"Cultist","floor":11,"turns":5},{"damage":17,"enemies":"3 Louse","floor":13,"turns":4},{"damage":43,"enemies":"Fading Forest","floor":16,"turns":11},{"damage":52,"enemies":"3 Byrds","floor":18,"turns":5},{"damage":24,"enemies":"Spheric Guardian","floor":19,"turns":3}],"seed_played":"-8278989535786701731","potions_obtained":[{"floor":11,"key":"SneckoOil"},{"floor":13,"key":"AttackPotion"},{"floor":16,"key":"Dota2Spire:HealingSalve"}],"is_trial":false,"path_per_floor":["M","?","?","?","M","R","E","R","T","$","M","T","M","$","R","B",null,"M","M"],"character_chosen":"THE_JESTER","items_purchased":["jesterMod:Schizophrenia","jesterMod:DancingMad","jesterMod:Prankster"],"campfire_rested":0,"item_purchase_floors":[10,10,14],"current_hp_per_floor":[70,70,70,70,70,70,70,70,70,70,70,70,70,70,70,48,70,24,0,0],"gold":201,"neow_bonus":"THREE_ENEMY_KILL","is_daily":false,"chose_seed":false,"campfire_upgraded":3,"win_rate":0.0,"timestamp":1610968318,"path_taken":["M","?","?","?","M","R","E","R","T","?","?","?","M","$","R","BOSS","M","M"],"items_purchased_type":["Card","Card","Card"],"build_version":"2020-12-22","purchased_purges":0,"victory":false,"max_hp_per_floor":[70,70,70,70,70,70,70,70,70,70,70,70,70,70,70,70,70,70,70,70],"card_choices":[{"not_picked":["jesterMod:RecklessStrike","jesterMod:DesperateStrike"],"picked":"jesterMod:SelfMockery","floor":1},{"not_picked":[],"picked":"jesterMod:JackInTheBox","floor":3},{"not_picked":[],"picked":"jesterMod:Prankster","floor":3},{"not_picked":[],"picked":"jesterMod:Leeches","floor":3},{"not_picked":["jesterMod:BouncingKnife","jesterMod:Hide","jesterMod:Rebuff"],"picked":"SKIP","floor":5},{"not_picked":["jesterMod:RecklessStrike","jesterMod:DesperateStrike","jesterMod:HitAndRun"],"picked":"SKIP","floor":7},{"not_picked":["jesterMod:Discretion","jesterMod:Hide"],"picked":"jesterMod:BouncingKnife","floor":11},{"not_picked":["jesterMod:Frenzy","jesterMod:Contradiction"],"picked":"jesterMod:BouncingKnife","floor":13},{"not_picked":["jesterMod:HedgehogForm","jesterMod:LaughingGas"],"picked":"jesterMod:Drunkenness","floor":16},{"not_picked":["jesterMod:MudBall","jesterMod:ButterKnife"],"picked":"jesterMod:Prankster+1","floor":18}],"player_experience":575423,"relics_obtained":[{"floor":7,"key":"Dead Branch"},{"floor":9,"key":"aspiration:TomeofQuesting"},{"floor":12,"key":"aspiration:SeaSaltIceCream"}],"event_choices":[{"damage_healed":0,"gold_gain":0,"player_choice":"Agree","damage_taken":0,"max_hp_gain":0,"max_hp_loss":0,"event_name":"conspire:LoneGhost","floor":4,"gold_loss":0}],"is_beta":false,"boss_relics":[{"not_picked":["Fusion Hammer","infinitespire:Cupcake"],"picked":"SlaversCollar"}],"items_purged_floors":[],"is_endless":false,"potions_floor_spawned":[11,13,16,18],"killed_by":"Spheric Guardian","ascension_level":0}}