{"host":"54jr43vd79817238","time":1610968299,"event":{"mods":["100% Spire Juice","ATMod(°¢èªMod)","Act Like it!","Arknights The Spire","Aspiration","BaseMod","CapriCore","Dota2Spire","Friendly Minions","Gensokyo","Hallownest","Hermit","Jedi Mod","KinomotoSakuraMod(Ä¾Ö®±¾Ó£)","Koishi","Lobotomy","LobotomyExtend","Mari Mod (Legacy)","Mari\u0027s V1 Patch","Marisa£¨ìFÓê¡¡Ä§ÀíÉ³£©","Minty Spire (QoL Compilation)","MostiFishMod","Quarter Circle Forward PUNCH!","Replay The Spire","Robot Space Explorer","RumiaBox-Â¶Ã×æ«µÄÉñÃØºÐ×Ó","Spicy Shops","StSLib","TestMod","The Dragon Tamer","The Marked","WarShipGirlsR/Õ½½¢ÉÙÅ®R mod","Yakumo Yukari mod","Youmu£¨»êÆÇÑýÃÎ£©","vexMod","¡¾ÒÅÎï¿¨ÅÆ¡¿REMEMod"],"gold_per_floor":[115,115,115,115,133,159,159,186,186,186,197,197,162,162,162,262,262,272,272,272,22,40,40,52,52,78,78,98,98,112,206,206,206,206],"floor_reached":33,"language":"ZHS","playtime":1396,"items_purged":[],"score":290,"play_id":"d802c965-df8c-455f-9d6e-000225a4a981","local_time":"20210118191139","is_ascension_mode":true,"campfire_choices":[{"floor":7,"key":"RECALL"},{"data":"AT_Dispersion","floor":10,"key":"SMITH"},{"data":"ats:Ignite","floor":12,"key":"SMITH"},{"data":"ats:Counter Healing Mode","floor":15,"key":"SMITH"},{"data":"ats:Childhood Dance","floor":23,"key":"SMITH"},{"floor":32,"key":"REST"}],"circlet_count":0,"master_deck":["ats:Strike C","ats:Strike G","ats:Strike S","ats:Armor Crushing Shot","ats:Defend","ats:Defend","ats:Defend","ats:Defend","ats:Emotion Absorption+1","AT_Dispersion+1","ats:Counter Healing Mode+1","Swift Strike","ats:Ignite+1","ats:Chain Hook","ats:Collapsing Strike","ats:Childhood Dance+1","ats:Volcano","ats:Automatic Cover","ats:Sunburst","ats:Thorns","ats:Leaping Hammer","ats:Rat Pack","ats:Charging Defense+1"],"relics":["ats:Sanity","testmod-TestBox","DaveBox","REME_ComplimentaryCards","AT_ATBox","SynthV:C4","testmod-AssaultLearning","NeowsBlessing","ats:Originium","ats:Berate","AT_SilvercatRing","testmod-Temperance","ReplayTheSpireMod:TigerMarble","ats:Cure","MagicDraw1","LetterFromLob","Enchiridion","qcfpunch:Wrestler\u0027s_Cloak","Matryoshka","testmod-Muramasa","qcfpunch:Army_Boots"],"acts_visited":["Exordium","TheCity"],"potions_floor_usage":[8,8,16,16,16,24],"damage_taken":[{"damage":0,"enemies":"2 Louse","floor":1,"turns":1},{"damage":0,"enemies":"Jaw Worm","floor":5,"turns":1},{"damage":0,"enemies":"3 Sentries","floor":6,"turns":1},{"damage":26,"enemies":"Lagavulin","floor":8,"turns":6},{"damage":0,"enemies":"Cultist","floor":11,"turns":2},{"damage":16,"enemies":"Fading Forest","floor":16,"turns":11},{"damage":3,"enemies":"Chosen","floor":18,"turns":4},{"damage":2,"enemies":"Spheric Guardian","floor":22,"turns":4},{"damage":6,"enemies":"Centurion and Healer","floor":24,"turns":3},{"damage":10,"enemies":"Shelled Parasite and Fungi","floor":28,"turns":3},{"damage":12,"enemies":"3 Cultists","floor":30,"turns":3},{"damage":32,"enemies":"Collector","floor":33,"turns":9}],"seed_played":"-4607687741007722797","potions_obtained":[{"floor":5,"key":"SneckoOil"},{"floor":6,"key":"SteroidPotion"},{"floor":8,"key":"PowerPotion"},{"floor":14,"key":"testmod-TimePotion"},{"floor":14,"key":"SkillPotion"},{"floor":16,"key":"Adrenaline Potion"},{"floor":28,"key":"Energy Potion"}],"is_trial":false,"path_per_floor":["M","?","?","$","M","E","R","E","T","R","M","R","?","?","R","B",null,"M","T","?","$","M","R","M","?","T","T","M","M","M","?","R","B"],"character_chosen":"DOCTOR_CLASS","items_purchased":["ats:Cure","MagicDraw1"],"campfire_rested":1,"item_purchase_floors":[21,21],"current_hp_per_floor":[72,72,72,72,72,72,72,46,46,46,46,46,64,64,64,59,72,69,69,69,69,70,70,64,48,48,48,42,42,30,2,23,0,0],"gold":206,"neow_bonus":"THREE_ENEMY_KILL","is_daily":false,"chose_seed":false,"campfire_upgraded":4,"win_rate":0.0,"timestamp":1610968299,"path_taken":["M","?","?","$","?","E","R","E","T","R","M","R","?","?","R","BOSS","M","?","?","?","M","R","?","?","T","?","?","M","M","?","R","BOSS"],"items_purchased_type":["Relic","Relic"],"build_version":"2020-12-22","purchased_purges":0,"victory":false,"max_hp_per_floor":[72,72,72,72,72,72,72,72,72,72,72,72,72,72,72,72,72,72,72,72,72,72,72,72,72,72,72,72,72,72,72,72,72,72],"card_choices":[{"not_picked":["ats:Closed Bolt Burst Fire","ats:Explosion Area Strengthen"],"picked":"ats:Counter Healing Mode","floor":1},{"not_picked":["ats:Beaten Up","ats:Support Order"],"picked":"ats:Ignite","floor":5},{"not_picked":["ats:Defend Order","ats:Consecutive Shot Auto"],"picked":"ats:Chain Hook","floor":6},{"not_picked":["ats:Counter Healing Mode","ats:Red Shift"],"picked":"ats:Collapsing Strike","floor":8},{"not_picked":["ats:Consecutive Shot Auto","ats:Assault Order"],"picked":"ats:Childhood Dance","floor":11},{"not_picked":["ats:Roar Of Ursus","ats:Calcification"],"picked":"ats:Volcano","floor":16},{"not_picked":["ats:Assault Order","ats:Explosion Area Strengthen+1"],"picked":"ats:Automatic Cover","floor":18},{"not_picked":["ats:Explosion Area Strengthen","ats:Healing Drone+1"],"picked":"ats:Sunburst","floor":22},{"not_picked":["ats:Consecutive Shot Auto","ats:Explosion Area Strengthen"],"picked":"ats:Thorns","floor":24},{"not_picked":["ats:Powerful Strike","ats:Neurotoxin","ats:Overload"],"picked":"SKIP","floor":28},{"not_picked":["ats:Assault Order","ats:Consecutive Shot Auto"],"picked":"ats:Leaping Hammer","floor":30},{"not_picked":["ats:Curse Doll","ats:Assault Order+1"],"picked":"ats:Rat Pack","floor":31},{"not_picked":["ats:Leaping Hammer","ats:Curse Doll+1"],"picked":"ats:Charging Defense+1","floor":31}],"player_experience":255472,"relics_obtained":[{"floor":6,"key":"ats:Originium"},{"floor":6,"key":"ats:Berate"},{"floor":8,"key":"ats:Originium"},{"floor":8,"key":"AT_SilvercatRing"},{"floor":19,"key":"ReplayTheSpireMod:TigerMarble"},{"floor":22,"key":"LetterFromLob"},{"floor":25,"key":"Enchiridion"},{"floor":26,"key":"qcfpunch:Wrestler\u0027s_Cloak"},{"floor":27,"key":"Matryoshka"},{"floor":31,"key":"testmod-Muramasa"},{"floor":31,"key":"qcfpunch:Army_Boots"}],"event_choices":[{"damage_healed":0,"gold_gain":0,"cards_transformed":["ReplayTheSpireMod:Necrogeddon"],"player_choice":"Transformed","damage_taken":0,"max_hp_gain":0,"max_hp_loss":0,"event_name":"Transmorgrifier","floor":3,"gold_loss":0,"cards_obtained":["Swift Strike"]},{"damage_healed":18,"gold_gain":0,"player_choice":"Healed","damage_taken":0,"max_hp_gain":0,"max_hp_loss":0,"event_name":"The Cleric","floor":13,"gold_loss":35},{"damage_healed":0,"gold_gain":0,"player_choice":"Got Potions","damage_taken":0,"max_hp_gain":0,"max_hp_loss":0,"event_name":"Lab","floor":14,"gold_loss":0},{"damage_healed":0,"gold_gain":0,"player_choice":"Obtained Book","damage_taken":16,"max_hp_gain":0,"max_hp_loss":0,"event_name":"Cursed Tome","floor":25,"gold_loss":0}],"is_beta":false,"boss_relics":[{"not_picked":["testmod-CardMagician","PatriotShield"],"picked":"testmod-Temperance"}],"items_purged_floors":[],"is_endless":false,"potions_floor_spawned":[5,6,8,16,28],"killed_by":"Collector","ascension_level":1}}