{"host":"2brg86hfzr3u5cix","time":1610978914,"event":{"mods":["AchievementEnabler","Ascension Unlocker","BaseMod","CapriCore","DeckTracker","Highlight Path","Keyboard Shortcuts","Minty Spire (QoL Compilation)","Permanent Neow","Relic Stats","StSLib","Twitch Utils","Uncapped","UnlockEverythingMod"],"gold_per_floor":[118,128,128,143,162,162,180,192,244,278,45,45,45],"floor_reached":12,"language":"KOR","playtime":330,"items_purged":["Strike_P"],"score":164,"play_id":"0c872fd0-15d6-4c28-b6bd-64d0d7fb8efe","local_time":"20210118230834","is_ascension_mode":true,"campfire_choices":[{"data":"Eruption","floor":6.0,"key":"SMITH"}],"circlet_count":0,"master_deck":["AscendersBane","Strike_P","Strike_P","Defend_P","Defend_P","Defend_P","Eruption+1","Vigilance","SandsOfTime","EmptyBody","CrushJoints","Crescendo","TalkToTheHand","Adaptation","MentalFortress"],"relics":["PureWater","Tiny Chest","Regal Pillow","Vajra"],"acts_visited":["Exordium"],"potions_floor_usage":[],"damage_taken":[{"damage":7.0,"enemies":"Small Slimes","floor":1.0,"turns":3.0},{"damage":0.0,"enemies":"Cultist","floor":2.0,"turns":3.0},{"damage":1.0,"enemies":"2 Louse","floor":4.0,"turns":3.0},{"damage":0.0,"enemies":"Blue Slaver","floor":5.0,"turns":2.0},{"damage":2.0,"enemies":"Looter","floor":7.0,"turns":3.0},{"damage":2.0,"enemies":"3 Louse","floor":8.0,"turns":4.0},{"damage":32.0,"enemies":"Lagavulin","floor":10.0,"turns":4.0},{"damage":2,"enemies":"3 Sentries","floor":12,"turns":2}],"seed_played":"-4235826453254684572","potions_obtained":[{"floor":2.0,"key":"ColorlessPotion"},{"floor":4.0,"key":"EssenceOfSteel"}],"is_trial":false,"path_per_floor":["M","M","?","M","M","R","M","M","T","E","$","E"],"character_chosen":"WATCHER","items_purchased":["Vajra"],"campfire_rested":0,"item_purchase_floors":[11],"current_hp_per_floor":[54,54,54,53,53,53,51,49,49,17,17,15,15],"gold":45,"neow_bonus":"TRANSFORM_CARD","is_daily":false,"chose_seed":false,"campfire_upgraded":1,"win_rate":0.0,"timestamp":1610978914,"path_taken":["M","M","?","M","M","R","?","?","T","E","$","E"],"items_purchased_type":["Relic"],"build_version":"2020-12-22","purchased_purges":1,"victory":false,"max_hp_per_floor":[68,68,68,68,68,68,68,68,68,68,68,68,68],"relic_stats":{"Regal Pillow":0,"counters":[8,24],"Tiny Chest":0,"obtain_stats":[{"Regal Pillow":10,"Vajra":11,"Tiny Chest":9,"PureWater":0},{"Regal Pillow":7,"Vajra":7,"Tiny Chest":6,"PureWater":0},{"Regal Pillow":22,"Vajra":22,"Tiny Chest":18,"PureWater":0}]},"card_choices":[{"not_picked":["EmptyFist","FollowUp"],"picked":"EmptyBody","floor":1.0},{"not_picked":["ReachHeaven","Consecrate"],"picked":"CrushJoints","floor":2.0},{"not_picked":["Perseverance","Consecrate"],"picked":"TalkToTheHand","floor":4.0},{"not_picked":["ClearTheMind","Study","JustLucky"],"picked":"SKIP","floor":5.0},{"not_picked":["SignatureMove","Judgement"],"picked":"Adaptation","floor":7.0},{"not_picked":["WreathOfFlame","SashWhip"],"picked":"MentalFortress","floor":8.0},{"not_picked":["Evaluate","Wallop","CarveReality"],"picked":"SKIP","floor":10.0}],"player_experience":323821,"relics_obtained":[{"floor":9.0,"key":"Tiny Chest"},{"floor":10.0,"key":"Regal Pillow"}],"event_choices":[{"damage_healed":0.0,"max_hp_gain":0.0,"max_hp_loss":0.0,"gold_gain":0.0,"cards_transformed":["Strike_P"],"event_name":"Transmorgrifier","player_choice":"Transformed","floor":3.0,"gold_loss":0.0,"damage_taken":0.0,"cards_obtained":["Crescendo"]}],"is_beta":false,"boss_relics":[],"items_purged_floors":[11],"is_endless":false,"potions_floor_spawned":[2,4,5],"killed_by":"3 Sentries","ascension_level":20}}