{"host":"6pgtslebjnyv5xmi","time":1610993177,"event":{"mods":["AchievementEnabler","BaseMod","Colored Map","Minty Spire (QoL Compilation)","Rare Cards Sparkle","StSLib","SuperFastMode","The Cursed","everything is the same but u backflip on backflip"],"gold_per_floor":[360,360,370,139,139,139,165,175,175,187,199,233,263,300,312,324,324],"floor_reached":16,"language":"KOR","playtime":491,"items_purged":[],"score":145,"play_id":"d75145d2-a2d0-46d8-bff9-d12bc132ec02","local_time":"20210119030617","is_ascension_mode":true,"campfire_choices":[{"data":"Panacea","floor":6.0,"key":"SMITH"},{"floor":10.0,"key":"REST"},{"floor":15.0,"key":"REST"}],"circlet_count":0,"master_deck":["Strike_B","Strike_B","Strike_B","Strike_B","Defend_B","Defend_B","Defend_B","Defend_B","Zap+1","Dualcast","Ball Lightning","Panacea+1","Ball Lightning","Thunder Strike","Enlightenment","Zap","Undo"],"relics":["Cracked Core","Runic Capacitor","Matryoshka","CeramicFish","MawBank","Golden Idol"],"acts_visited":["Exordium"],"potions_floor_usage":[16,16],"damage_taken":[{"damage":7.0,"enemies":"Jaw Worm","floor":1.0,"turns":4.0},{"damage":0.0,"enemies":"Cultist","floor":3.0,"turns":3.0},{"damage":45.0,"enemies":"3 Sentries","floor":7.0,"turns":7.0},{"damage":6.0,"enemies":"Small Slimes","floor":8.0,"turns":3.0},{"damage":19.0,"enemies":"3 Louse","floor":12.0,"turns":3.0},{"damage":9.0,"enemies":"Red Slaver","floor":14.0,"turns":3.0},{"damage":34,"enemies":"Slime Boss","floor":16,"turns":3}],"seed_played":"8986774781288256095","potions_obtained":[{"floor":1.0,"key":"PotionOfCapacity"},{"floor":7.0,"key":"SteroidPotion"},{"floor":14.0,"key":"EssenceOfSteel"}],"is_trial":false,"path_per_floor":["M","?","M","$","?","R","E","M","T","R","?","M","?","M","R","B"],"character_chosen":"DEFECT","items_purchased":["Runic Capacitor","Panacea"],"campfire_rested":2,"item_purchase_floors":[4,4],"current_hp_per_floor":[61,61,61,61,66,66,21,15,15,36,36,17,17,8,28,0,0],"gold":324,"neow_bonus":"TWO_FIFTY_GOLD","is_daily":false,"chose_seed":false,"campfire_upgraded":1,"win_rate":0.0,"timestamp":1610993177,"path_taken":["M","?","?","$","?","R","E","M","T","R","?","M","?","?","R","BOSS"],"items_purchased_type":["Relic","Card"],"build_version":"2020-12-22","purchased_purges":0,"victory":false,"max_hp_per_floor":[68,68,68,68,73,73,73,73,73,73,68,68,68,68,68,68,68],"card_choices":[{"not_picked":["Turbo","Scrape"],"picked":"Ball Lightning","floor":1.0},{"not_picked":["Blizzard","Sweeping Beam","Compile Driver"],"picked":"SKIP","floor":3.0},{"not_picked":["Redo","Barrage","Steam"],"picked":"SKIP","floor":7.0},{"not_picked":["Force Field","Barrage"],"picked":"Ball Lightning","floor":8.0},{"not_picked":["Redo","Go for the Eyes"],"picked":"Thunder Strike","floor":12.0},{"not_picked":["Rebound","Gash"],"picked":"Undo","floor":14.0}],"player_experience":981632,"relics_obtained":[{"floor":7.0,"key":"Matryoshka"},{"floor":9.0,"key":"CeramicFish"},{"floor":9.0,"key":"MawBank"}],"event_choices":[{"damage_healed":0.0,"max_hp_gain":0.0,"max_hp_loss":0.0,"gold_gain":0.0,"event_name":"Upgrade Shrine","player_choice":"Upgraded","floor":2.0,"gold_loss":0.0,"damage_taken":0.0,"cards_upgraded":["Zap"]},{"damage_healed":0.0,"max_hp_gain":5.0,"max_hp_loss":0.0,"gold_gain":0.0,"event_name":"Big Fish","player_choice":"Donut","floor":5.0,"gold_loss":0.0,"damage_taken":0.0},{"damage_healed":0.0,"max_hp_gain":0.0,"max_hp_loss":5.0,"gold_gain":0.0,"event_name":"Golden Idol","player_choice":"Lose Max HP","floor":11.0,"gold_loss":0.0,"damage_taken":0.0,"relics_obtained":["Golden Idol"]},{"damage_healed":0.0,"max_hp_gain":0.0,"max_hp_loss":0.0,"gold_gain":0.0,"event_name":"Match and Keep!","player_choice":"2 cards matched","floor":13.0,"gold_loss":0.0,"damage_taken":0.0,"cards_obtained":["Enlightenment","Zap"]}],"is_beta":false,"boss_relics":[],"items_purged_floors":[],"is_endless":false,"potions_floor_spawned":[1,7,14],"killed_by":"Slime Boss","ascension_level":9}}