{"host":"rjx4accq0ysw8w2o","time":1610970952,"event":{"mods":["AchievementEnabler","BaseMod","Block Reminder","Colored Map","Colored Powertips","DeckTracker","Highlight Path","Minty Spire (QoL Compilation)","Quick Restart","Rare Cards Sparkle"],"gold_per_floor":[112,12,12,32,32,58,77,77,101,101,112,112,112,64,64,169,169,180,180,180,190,203,203,203,217,269,369,369,379,23,51,51,149,149,166,178,178,195,70,70,87,87,135,135,150,150,7,26,26,26,26],"floor_reached":50,"language":"ENG","playtime":3531,"items_purged":["Defend_B","Strike_B","Defend_B"],"score":485,"play_id":"743571d3-b948-4482-ab33-625db41bf54a","local_time":"20210118125552","is_ascension_mode":false,"campfire_choices":[{"floor":10.0,"key":"RECALL"},{"data":"Zap","floor":12.0,"key":"SMITH"},{"data":"Ball Lightning","floor":15.0,"key":"SMITH"},{"data":"Thunder Strike","floor":23.0,"key":"SMITH"},{"data":"Defend_B","floor":24.0,"key":"SMITH"},{"floor":32.0,"key":"REST"},{"floor":40.0,"key":"REST"},{"data":"Reinforced Body","floor":42.0,"key":"SMITH"},{"data":"Leap","floor":44.0,"key":"SMITH"},{"data":"Echo Form","floor":49.0,"key":"SMITH"}],"circlet_count":0,"master_deck":["Strike_B","Defend_B+1","Defend_B","Zap+1","Dualcast+1","Ball Lightning+1","Thunder Strike+1","Sunder+1","Ball Lightning+1","Reinforced Body+1","Self Repair","Leap+1","Echo Form+1","Conserve Battery+1","Aggregate+1"],"relics":["Cracked Core","NeowsBlessing","Tiny Chest","WingedGreaves","SlaversCollar","Meat on the Bone","Blood Vial","Shuriken","Lantern","Potion Belt","Empty Cage","Nunchaku","Runic Capacitor"],"acts_visited":["Exordium","TheCity","TheBeyond"],"potions_floor_usage":[50,50],"damage_taken":[{"damage":0.0,"enemies":"2 Louse","floor":1.0,"turns":1.0},{"damage":0.0,"enemies":"Small Slimes","floor":4.0,"turns":1.0},{"damage":0.0,"enemies":"3 Sentries","floor":6.0,"turns":1.0},{"damage":6.0,"enemies":"Jaw Worm","floor":7.0,"turns":2.0},{"damage":3.0,"enemies":"Exordium Wildlife","floor":11.0,"turns":4.0},{"damage":34.0,"enemies":"Slime Boss","floor":16.0,"turns":8.0},{"damage":5.0,"enemies":"Spheric Guardian","floor":18.0,"turns":3.0},{"damage":32.0,"enemies":"Shell Parasite","floor":21.0,"turns":5.0},{"damage":3.0,"enemies":"Centurion and Healer","floor":22.0,"turns":5.0},{"damage":18.0,"enemies":"Sentry and Sphere","floor":25.0,"turns":5.0},{"damage":10.0,"enemies":"Cultist and Chosen","floor":29.0,"turns":4.0},{"damage":26.0,"enemies":"Book of Stabbing","floor":31.0,"turns":7.0},{"damage":42.0,"enemies":"Champ","floor":33.0,"turns":11.0},{"damage":7.0,"enemies":"3 Shapes","floor":35.0,"turns":3.0},{"damage":18.0,"enemies":"3 Darklings","floor":36.0,"turns":4.0},{"damage":32.0,"enemies":"Spire Growth","floor":38.0,"turns":4.0},{"damage":10.0,"enemies":"Jaw Worm Horde","floor":41.0,"turns":5.0},{"damage":13.0,"enemies":"Transient","floor":45.0,"turns":5.0},{"damage":7.0,"enemies":"Sphere and 2 Shapes","floor":48.0,"turns":5.0},{"damage":87,"enemies":"Donu and Deca","floor":50,"turns":7}],"seed_played":"-9026462894344163933","potions_obtained":[{"floor":1.0,"key":"SpeedPotion"},{"floor":7.0,"key":"DuplicationPotion"},{"floor":25.0,"key":"FocusPotion"},{"floor":31.0,"key":"Energy Potion"},{"floor":33.0,"key":"Fire Potion"},{"floor":35.0,"key":"FearPotion"},{"floor":48.0,"key":"FocusPotion"}],"is_trial":false,"path_per_floor":["M","$","?","M","?","E","M","?","T","R","M","R","?","?","R","B",null,"M","T","?","M","M","R","R","M","T","?","T","M","$","E","R","B",null,"M","M","?","M","$","R","M","R","T","R","M","?","$","M","R","B"],"character_chosen":"DEFECT","items_purchased":["Ball Lightning","Reinforced Body","Self Repair","Lantern","Runic Capacitor"],"campfire_rested":2,"item_purchase_floors":[2,30,30,30,47],"current_hp_per_floor":[75,75,75,75,80,80,74,71,71,71,68,68,68,68,68,34,80,75,75,75,43,52,52,52,46,46,46,46,50,50,45,69,48,80,73,57,57,53,53,77,76,76,76,76,72,72,72,74,74,0,0],"gold":26,"neow_bonus":"THREE_ENEMY_KILL","is_daily":false,"chose_seed":false,"campfire_upgraded":7,"win_rate":0.0,"timestamp":1610970952,"path_taken":["M","$","?","M","?","E","M","?","T","R","M","R","?","?","R","BOSS","M","?","?","M","M","R","R","?","T","?","?","?","$","E","R","BOSS","M","M","?","M","$","R","M","R","T","R","M","?","$","M","R","BOSS"],"items_purchased_type":["Card","Card","Card","Relic","Relic"],"build_version":"2020-12-22","purchased_purges":3,"victory":false,"max_hp_per_floor":[75,75,75,75,80,80,80,80,80,80,80,80,80,80,80,80,80,80,80,80,80,80,80,80,80,80,80,80,80,80,80,80,80,80,80,80,80,80,80,80,80,80,80,80,80,76,76,76,76,76,76],"card_choices":[{"not_picked":["Genetic Algorithm","Cold Snap","Scrape"],"picked":"SKIP","floor":1.0},{"not_picked":["Ball Lightning","Rip and Tear","Go for the Eyes"],"picked":"SKIP","floor":4.0},{"not_picked":["Sweeping Beam","Streamline","Compile Driver"],"picked":"SKIP","floor":6.0},{"not_picked":["Steam","FTL","Rebound"],"picked":"SKIP","floor":7.0},{"not_picked":["Capacitor","Heatsinks","Gash"],"picked":"SKIP","floor":11.0},{"not_picked":["Buffer","Echo Form"],"picked":"Thunder Strike","floor":16.0},{"not_picked":["Redo","Sweeping Beam","Recycle"],"picked":"SKIP","floor":18.0},{"not_picked":["Redo","FTL"],"picked":"Sunder+1","floor":21.0},{"not_picked":["Coolheaded","FTL","Genetic Algorithm"],"picked":"SKIP","floor":22.0},{"not_picked":["Streamline","Storm"],"picked":"Ball Lightning+1","floor":25.0},{"not_picked":["Static Discharge+1","Gash","Darkness"],"picked":"SKIP","floor":29.0},{"not_picked":["Rip and Tear","Redo"],"picked":"Leap","floor":31.0},{"not_picked":["Meteor Strike","Machine Learning"],"picked":"Echo Form","floor":33.0},{"not_picked":["Hologram","Coolheaded+1"],"picked":"Conserve Battery+1","floor":35.0},{"not_picked":["Turbo+1","Hello World+1","Streamline"],"picked":"SKIP","floor":36.0},{"not_picked":["Amplify","Gash+1","Sweeping Beam+1"],"picked":"SKIP","floor":38.0},{"not_picked":["Coolheaded+1","Compile Driver","Rebound"],"picked":"SKIP","floor":41.0},{"not_picked":["Gash","Barrage","Ball Lightning"],"picked":"SKIP","floor":45.0},{"not_picked":["Storm+1","Go for the Eyes+1"],"picked":"Aggregate+1","floor":48.0}],"player_experience":121364,"relics_obtained":[{"floor":6.0,"key":"Tiny Chest"},{"floor":19.0,"key":"Meat on the Bone"},{"floor":26.0,"key":"Blood Vial"},{"floor":28.0,"key":"Shuriken"},{"floor":31.0,"key":"Potion Belt"},{"floor":43.0,"key":"Nunchaku"}],"event_choices":[{"damage_healed":0.0,"max_hp_gain":0.0,"max_hp_loss":0.0,"gold_gain":0.0,"event_name":"Living Wall","player_choice":"Grow","floor":3.0,"gold_loss":0.0,"damage_taken":0.0,"cards_upgraded":["Dualcast"]},{"damage_healed":0.0,"max_hp_gain":5.0,"max_hp_loss":0.0,"gold_gain":0.0,"event_name":"Big Fish","player_choice":"Donut","floor":5.0,"gold_loss":0.0,"damage_taken":0.0},{"damage_healed":0.0,"max_hp_gain":0.0,"max_hp_loss":0.0,"gold_gain":0.0,"event_name":"Scrap Ooze","player_choice":"Success","floor":8.0,"gold_loss":0.0,"damage_taken":3.0,"relics_obtained":["WingedGreaves"]},{"damage_healed":0.0,"max_hp_gain":0.0,"max_hp_loss":0.0,"gold_gain":0.0,"event_name":"Liars Game","player_choice":"Ignored","floor":13.0,"gold_loss":0.0,"damage_taken":0.0},{"damage_healed":0.0,"max_hp_gain":0.0,"max_hp_loss":0.0,"gold_gain":0.0,"event_name":"World of Goop","player_choice":"Left Gold","floor":14.0,"gold_loss":48.0,"damage_taken":0.0},{"damage_healed":0.0,"max_hp_gain":0.0,"max_hp_loss":0.0,"gold_gain":0.0,"event_name":"Ghosts","player_choice":"Ignored","floor":20.0,"gold_loss":0.0,"damage_taken":0.0},{"damage_healed":0.0,"max_hp_gain":0.0,"max_hp_loss":0.0,"gold_gain":100.0,"event_name":"Golden Shrine","player_choice":"Pray","floor":27.0,"gold_loss":0.0,"damage_taken":0.0},{"damage_healed":0.0,"max_hp_gain":0.0,"max_hp_loss":0.0,"gold_gain":0.0,"event_name":"Mysterious Sphere","player_choice":"Ignored","floor":37.0,"gold_loss":0.0,"damage_taken":0.0},{"damage_healed":0.0,"max_hp_gain":0.0,"max_hp_loss":4.0,"gold_gain":0.0,"event_name":"Winding Halls","player_choice":"Max HP","floor":46.0,"gold_loss":0.0,"damage_taken":0.0}],"is_beta":false,"boss_relics":[{"not_picked":["Fusion Hammer","Sozu"],"picked":"SlaversCollar"},{"not_picked":["Runic Dome","Black Star"],"picked":"Empty Cage"}],"items_purged_floors":[2,30,39],"is_endless":false,"potions_floor_spawned":[1,7,25,31,33,35,48],"killed_by":"Donu and Deca","ascension_level":0}}