{"host":"uxq2rly8rxtwffuf","time":1610974061,"event":{"mods":["BaseMod","Koishi","Minty Spire (QoL Compilation)","StSLib","The Servant 0.9.4"],"gold_per_floor":[116,128,16,30,40,40,40,40,40,40,59,74,93,106,106,106,106],"floor_reached":16,"language":"ENG","playtime":727,"items_purged":["Strike_S"],"score":187,"play_id":"c74bd853-7a48-4d5e-9eb7-578236f991aa","local_time":"20210118154741","is_ascension_mode":true,"campfire_choices":[{"floor":6,"key":"REST"},{"floor":8,"key":"REST"},{"floor":15,"key":"REST"}],"circlet_count":0,"master_deck":["AscendersBane","Strike_S","Strike_S","Defend_S","Defend_S","Defend_S","Defend_S","KidneyShot","Exchange","SpecialFormula","ShatteredReality","SilverBlades","Potential","SurpressingFire","Foresight","InstantArmor","SpecialFormula","Alleviate"],"relics":["Uniform","Ice Cream","Vajra","Eternal Feather"],"acts_visited":["Exordium"],"potions_floor_usage":[5,11],"damage_taken":[{"damage":4,"enemies":"Jaw Worm","floor":1,"turns":4},{"damage":8,"enemies":"2 Louse","floor":2,"turns":4},{"damage":3,"enemies":"Small Slimes","floor":4,"turns":5},{"damage":17,"enemies":"Exordium Thugs","floor":5,"turns":6},{"damage":7,"enemies":"3 Louse","floor":11,"turns":4},{"damage":29,"enemies":"Large Slime","floor":12,"turns":6},{"damage":5,"enemies":"Lots of Slimes","floor":13,"turns":5},{"damage":12,"enemies":"3 Louse","floor":14,"turns":5},{"damage":56,"enemies":"Hexaghost","floor":16,"turns":11}],"seed_played":"3589842604222901741","potions_obtained":[{"floor":2,"key":"Swift Potion"},{"floor":5,"key":"LiquidMemories"},{"floor":13,"key":"Ancient Potion"}],"is_trial":false,"path_per_floor":["M","M","$","M","M","R","?","R","T","T","M","M","M","M","R","B"],"character_chosen":"THE_SERVANT","items_purchased":["SilverBlades"],"campfire_rested":3,"item_purchase_floors":[3],"current_hp_per_floor":[35,32,32,29,17,35,28,46,46,46,44,20,20,18,45,0,0],"gold":106,"neow_bonus":"ONE_RARE_RELIC","is_daily":false,"chose_seed":false,"campfire_upgraded":0,"win_rate":0.0,"timestamp":1610974061,"path_taken":["M","M","$","M","M","R","?","R","T","?","M","M","M","M","R","BOSS"],"items_purchased_type":["Card"],"build_version":"2020-12-22","purchased_purges":1,"victory":false,"max_hp_per_floor":[60,60,60,60,60,60,60,60,60,60,60,60,60,60,60,60,60],"card_choices":[{"not_picked":["Defy","RealityMarble"],"picked":"SpecialFormula","floor":1},{"not_picked":["Alleviate","Spin"],"picked":"ShatteredReality","floor":2},{"not_picked":["ShiftingGears","Rewind"],"picked":"Potential","floor":4},{"not_picked":["ShatteredReality","Ricochet"],"picked":"SurpressingFire","floor":5},{"not_picked":["Gouge","FastForward"],"picked":"Foresight","floor":11},{"not_picked":["Rewind","BottledTime"],"picked":"InstantArmor","floor":12},{"not_picked":["ReturningBlade","Alleviate"],"picked":"SpecialFormula","floor":13},{"not_picked":["TimeTheft","Spin"],"picked":"Alleviate","floor":14}],"player_experience":1406637,"relics_obtained":[{"floor":9,"key":"Vajra"},{"floor":10,"key":"Eternal Feather"}],"event_choices":[{"cards_removed":["Strike_S"],"damage_healed":0,"gold_gain":0,"player_choice":"Card Removal","damage_taken":7,"max_hp_gain":0,"max_hp_loss":0,"event_name":"Golden Wing","floor":7,"gold_loss":0}],"is_beta":false,"boss_relics":[],"items_purged_floors":[3],"is_endless":false,"potions_floor_spawned":[2,5,13],"killed_by":"Hexaghost","ascension_level":19}}