{"host":"dn6kke80v5f7isus","time":1610945725,"event":{"mods":["AchievementEnabler","Act Like it!","BaseMod","Colored Powertips","Custom Start","Defuse TimeMaze Blight","Duelist Mod","Gremlin Skip","Highlight Path","Hubris","Infinite Spire","Minty Spire (QoL Compilation)","Rare Cards Sparkle","Replay The Spire","StSLib","Uncapped"],"gold_per_floor":[117,117,117,136,211,211,262,277,324,324,424,357,382,395,395,515,515,528,528,542,555,555,555],"floor_reached":22,"language":"ENG","playtime":528,"items_purged":[],"score":219,"play_id":"53bcea98-768d-4bd3-95b5-38ada1698c83","local_time":"20210117235525","is_ascension_mode":true,"campfire_choices":[{"data":"Survivor","floor":6,"key":"SMITH"},{"data":"Noxious Fumes","floor":15,"key":"SMITH"}],"circlet_count":0,"master_deck":["Strike_G","Strike_G","Strike_G","Strike_G","Defend_G","Defend_G","Defend_G","Defend_G","Defend_G","Survivor+1","Neutralize+1","Noxious Fumes+1","Noxious Fumes","Catalyst","Dagger Throw+1"],"relics":["Ring of the Snake","NeowsBlessing","Replay:Wax Seal","Pen Nib","Dream Catcher","Golden Idol","hubris:GlazedTorus","Ring of Chaos"],"acts_visited":["Exordium","TheCity"],"potions_floor_usage":[18,20,21],"damage_taken":[{"damage":0,"enemies":"Cultist","floor":1,"turns":1},{"damage":0,"enemies":"2 Louse","floor":8,"turns":1},{"damage":0,"enemies":"Lagavulin","floor":12,"turns":1},{"damage":0,"enemies":"Small Slimes","floor":13,"turns":5},{"damage":2,"enemies":"Looter","floor":14,"turns":4},{"damage":9,"enemies":"Hexaghost","floor":16,"turns":9},{"damage":6,"enemies":"Spheric Guardian","floor":18,"turns":6},{"damage":22,"enemies":"2 Thieves","floor":20,"turns":5},{"damage":32,"enemies":"Snecko","floor":21,"turns":7},{"damage":13,"enemies":"Cultist and Chosen","floor":22,"turns":4}],"seed_played":"1187635308509421478","potions_obtained":[{"floor":16,"key":"Adrenaline Potion"},{"floor":18,"key":"FearPotion"},{"floor":20,"key":"LiquidMemories"}],"is_trial":false,"path_per_floor":["M","?","?","$","?","R","T","M","T","?","?","E","M","M","R","B",null,"M","?","M","M","M"],"character_chosen":"THE_SILENT","items_purchased":["Replay:Wax Seal"],"campfire_rested":0,"item_purchase_floors":[4],"current_hp_per_floor":[70,70,70,70,59,59,59,59,59,42,42,42,42,40,40,31,70,64,64,42,10,0,0],"gold":555,"neow_bonus":"THREE_ENEMY_KILL","is_daily":false,"chose_seed":false,"campfire_upgraded":2,"win_rate":0.0,"timestamp":1610945725,"path_taken":["M","?","?","$","?","R","?","?","T","?","?","E","M","?","R","BOSS","M","?","?","M","M"],"items_purchased_type":["Relic"],"build_version":"2020-12-22","purchased_purges":0,"victory":false,"max_hp_per_floor":[70,70,70,70,70,70,70,70,70,70,70,70,70,70,70,70,70,70,70,70,70,70,70],"card_choices":[{"not_picked":["Underhanded Strike","Slice","Outmaneuver"],"picked":"SKIP","floor":1},{"not_picked":["Sucker Punch","Reflex"],"picked":"Noxious Fumes","floor":8},{"not_picked":["Blade Dance","PiercingWail","ReplayTheSpireMod:Shiv Toss"],"picked":"SKIP","floor":12},{"not_picked":["PiercingWail","Backflip"],"picked":"Noxious Fumes","floor":13},{"not_picked":["Flying Knee","Blur","Deflect"],"picked":"SKIP","floor":14},{"not_picked":["Acrobatics","hubris:Counter","Slice"],"picked":"SKIP","floor":18},{"not_picked":["Flying Knee","Deflect+1"],"picked":"Catalyst","floor":20},{"not_picked":["Dash","Sneak Up"],"picked":"Dagger Throw+1","floor":21}],"player_experience":570480,"relics_obtained":[{"floor":7,"key":"Pen Nib"},{"floor":9,"key":"Dream Catcher"},{"floor":12,"key":"hubris:GlazedTorus"}],"event_choices":[{"damage_healed":0,"gold_gain":75,"player_choice":"Gather Gold","damage_taken":11,"max_hp_gain":0,"max_hp_loss":0,"event_name":"World of Goop","floor":5,"gold_loss":0},{"damage_healed":0,"gold_gain":0,"player_choice":"Take Damage","damage_taken":17,"relics_obtained":["Golden Idol"],"max_hp_gain":0,"max_hp_loss":0,"event_name":"Golden Idol","floor":10,"gold_loss":0},{"damage_healed":0,"gold_gain":100,"player_choice":"Pray","damage_taken":0,"max_hp_gain":0,"max_hp_loss":0,"event_name":"Golden Shrine","floor":11,"gold_loss":0},{"cards_removed":["Strike_G"],"damage_healed":0,"gold_gain":0,"player_choice":"Purged","damage_taken":0,"max_hp_gain":0,"max_hp_loss":0,"event_name":"Purifier","floor":19,"gold_loss":0}],"is_beta":false,"boss_relics":[{"not_picked":["ReplayTheSpireMod:SealedPack","infinitespire:Cupcake"],"picked":"Ring of Chaos"}],"items_purged_floors":[],"is_endless":false,"potions_floor_spawned":[16,18,20],"killed_by":"Cultist and Chosen","ascension_level":1}}