{"host":"sc0o2qwpf9j16a4i","time":1610989362,"event":{"mods":["AchievementEnabler","BaseMod","BetterRewards","Block Reminder","Colored Map","Colored Powertips","Custom Start","Highlight Path","Minty Spire (QoL Compilation)","Relic Stats"],"gold_per_floor":[114,51,8,25,25,52,52,52,77,105,105,117,133,167,167,240,240,255,305,281,281,297,297,323,323,323,107,127,227,242,254,254,331,331,345,37,47,62,62,62,88,105,105,105,132,179,55,85,85,85,85,85,85,7,37,37],"floor_reached":57,"language":"ENG","playtime":2922,"items_purged":["Defend_B","Zap","Defend_B"],"score":2831,"play_id":"0ba8d98b-b5a9-4bb4-94cb-a8d8371a08e9","local_time":"20210118190242","is_ascension_mode":true,"campfire_choices":[{"data":"Ball Lightning","floor":7.0,"key":"SMITH"},{"floor":11.0,"key":"REST"},{"floor":15.0,"key":"REST"},{"floor":23.0,"key":"REST"},{"floor":25.0,"key":"REST"},{"floor":32.0,"key":"REST"},{"floor":40.0,"key":"REST"},{"floor":44.0,"key":"REST"},{"floor":49.0,"key":"RECALL"},{"data":"Biased Cognition","floor":53.0,"key":"SMITH"}],"circlet_count":0,"master_deck":["AscendersBane","Defend_B","Defend_B","Dualcast","Cold Snap","Static Discharge","Compile Driver","Ball Lightning+1","Electrodynamics","Barrage","Stack","White Noise","Core Surge","Chill","Glacier","Bite","Bite","Bite","Bite","Bite","Coolheaded","Coolheaded","Capacitor","Core Surge","Capacitor+1","Biased Cognition+1","Go for the Eyes","Panacea","Discovery","Barrage","Compile Driver","Seek","Defragment","Defragment+1","Reinforced Body"],"relics":["Cracked Core","NeowsBlessing","Matryoshka","Emotion Chip","Question Card","Nunchaku","Meat on the Bone","SlaversCollar","Mercury Hourglass","Smiling Mask","Dead Branch","Bronze Scales","FossilizedHelix","Gremlin Horn","Nuclear Battery","Oddly Smooth Stone","Girya","Dream Catcher","StoneCalendar","Mummified Hand","Turnip"],"acts_visited":["Exordium","TheCity","TheBeyond","TheEnding"],"potions_floor_usage":[],"damage_taken":[{"damage":0.0,"enemies":"Jaw Worm","floor":1.0,"turns":1.0},{"damage":0.0,"enemies":"Cultist","floor":4.0,"turns":1.0},{"damage":0.0,"enemies":"Lagavulin","floor":6.0,"turns":1.0},{"damage":19.0,"enemies":"3 Sentries","floor":10.0,"turns":6.0},{"damage":0.0,"enemies":"2 Louse","floor":12.0,"turns":2.0},{"damage":4.0,"enemies":"Large Slime","floor":13.0,"turns":4.0},{"damage":20.0,"enemies":"Lagavulin","floor":14.0,"turns":7.0},{"damage":57.0,"enemies":"The Guardian","floor":16.0,"turns":8.0},{"damage":17.0,"enemies":"3 Byrds","floor":18.0,"turns":4.0},{"damage":33.0,"enemies":"2 Thieves","floor":20.0,"turns":4.0},{"damage":22.0,"enemies":"Snake Plant","floor":22.0,"turns":5.0},{"damage":33.0,"enemies":"Slavers","floor":24.0,"turns":5.0},{"damage":7.0,"enemies":"3 Cultists","floor":28.0,"turns":3.0},{"damage":23.0,"enemies":"Colosseum Slavers","floor":29.0,"turns":2.0},{"damage":9.0,"enemies":"Colosseum Nobs","floor":29.0,"turns":3.0},{"damage":6.0,"enemies":"Cultist and Chosen","floor":30.0,"turns":5.0},{"damage":2.0,"enemies":"Chosen and Byrds","floor":31.0,"turns":5.0},{"damage":50.0,"enemies":"Automaton","floor":33.0,"turns":11.0},{"damage":0.0,"enemies":"Orb Walker","floor":35.0,"turns":3.0},{"damage":0.0,"enemies":"3 Shapes","floor":37.0,"turns":9.0},{"damage":21.0,"enemies":"3 Darklings","floor":38.0,"turns":5.0},{"damage":24.0,"enemies":"Giant Head","floor":41.0,"turns":6.0},{"damage":22.0,"enemies":"Writhing Mass","floor":42.0,"turns":6.0},{"damage":0.0,"enemies":"Reptomancer","floor":45.0,"turns":6.0},{"damage":4.0,"enemies":"2 Orb Walkers","floor":46.0,"turns":5.0},{"damage":11.0,"enemies":"Giant Head","floor":48.0,"turns":10.0},{"damage":62.0,"enemies":"Awakened One","floor":50.0,"turns":17.0},{"damage":2.0,"enemies":"Time Eater","floor":51.0,"turns":9.0},{"damage":63.0,"enemies":"Shield and Spear","floor":55.0,"turns":6.0},{"damage":47,"enemies":"The Heart","floor":56,"turns":9}],"seed_played":"6117176442036862193","potions_obtained":[{"floor":1.0,"key":"PotionOfCapacity"},{"floor":4.0,"key":"PotionOfCapacity"},{"floor":12.0,"key":"SpeedPotion"},{"floor":14.0,"key":"EssenceOfSteel"},{"floor":20.0,"key":"BlessingOfTheForge"},{"floor":30.0,"key":"LiquidBronze"},{"floor":31.0,"key":"SteroidPotion"},{"floor":33.0,"key":"SkillPotion"},{"floor":45.0,"key":"PowerPotion"},{"floor":46.0,"key":"DuplicationPotion"},{"floor":55.0,"key":"FairyPotion"}],"is_trial":false,"path_per_floor":["M","?","$","M","$","E","R","$","T","E","R","M","M","E","R","B",null,"M","?","M","?","M","R","E","R","T","$","M","?","M","M","R","B",null,"M","$","M","M","?","R","E","M","T","R","E","?","$","E","R","B","B",null,"R","$","E","B",null],"character_chosen":"DEFECT","items_purchased":["Static Discharge","Bronze Scales","Oddly Smooth Stone","Panacea","Defragment","Reinforced Body"],"campfire_rested":7,"item_purchase_floors":[3,27,36,36,47,54],"current_hp_per_floor":[64,64,64,64,64,64,64,64,64,45,66,66,62,42,63,20,58,43,43,24,24,21,42,25,46,46,46,41,39,39,41,62,42,64,66,66,70,53,43,64,50,46,46,67,69,71,71,60,60,40,50,66,66,66,23,22],"gold":37,"neow_bonus":"THREE_ENEMY_KILL","is_daily":false,"chose_seed":false,"campfire_upgraded":2,"win_rate":0.0,"timestamp":1610989362,"path_taken":["M","?","$","M","$","E","R","?","T","E","R","M","M","E","R","BOSS","M","?","M","?","M","R","E","R","T","$","M","?","M","M","R","BOSS","M","$","M","M","?","R","E","M","T","R","E","?","$","E","R","BOSS","BOSS","R","$","E","BOSS"],"items_purchased_type":["Card","Relic","Relic","Card","Card","Card"],"build_version":"2020-12-22","purchased_purges":3,"victory":true,"max_hp_per_floor":[71,71,71,71,71,71,71,71,71,71,71,71,71,71,71,71,71,71,71,71,71,71,71,71,71,71,71,71,71,71,71,71,71,71,71,71,71,71,71,71,71,71,71,71,71,71,71,71,71,71,71,71,71,71,71,71],"relic_stats":{"Gremlin Horn":[21,21],"counters":[30,167],"Dead Branch":[127],"StoneCalendar":[208],"Question Card":26,"Smiling Mask":150,"Mercury Hourglass":[508],"Emotion Chip":[194,123,69,0,2],"Nunchaku":[28],"Dream Catcher":0,"Mummified Hand":[41],"Bronze Scales":[488],"Turnip":[2],"obtain_stats":[{"Girya":41,"NeowsBlessing":0,"Gremlin Horn":29,"Dead Branch":26,"Oddly Smooth Stone":36,"StoneCalendar":46,"Question Card":9,"Smiling Mask":26,"Mercury Hourglass":24,"Nuclear Battery":34,"Blood Vial":14,"SlaversCollar":17,"Emotion Chip":6,"Nunchaku":9,"Dream Catcher":45,"Matryoshka":2,"Mummified Hand":48,"Bronze Scales":27,"Turnip":55,"Cracked Core":0,"FossilizedHelix":29,"Meat on the Bone":10},{"Girya":22,"NeowsBlessing":0,"Gremlin Horn":15,"Dead Branch":12,"Oddly Smooth Stone":19,"StoneCalendar":25,"Question Card":3,"Smiling Mask":12,"Mercury Hourglass":12,"Nuclear Battery":18,"Blood Vial":7,"SlaversCollar":8,"Emotion Chip":3,"Nunchaku":3,"Dream Catcher":24,"Matryoshka":1,"Mummified Hand":26,"Bronze Scales":12,"Turnip":29,"Cracked Core":0,"FossilizedHelix":15,"Meat on the Bone":4},{"Girya":99,"NeowsBlessing":0,"Gremlin Horn":56,"Dead Branch":48,"Oddly Smooth Stone":79,"StoneCalendar":116,"Question Card":3,"Smiling Mask":48,"Mercury Hourglass":48,"Nuclear Battery":76,"Blood Vial":22,"SlaversCollar":30,"Emotion Chip":3,"Nunchaku":3,"Dream Catcher":111,"Matryoshka":1,"Mummified Hand":126,"Bronze Scales":48,"Turnip":158,"Cracked Core":0,"FossilizedHelix":56,"Meat on the Bone":9}],"Meat on the Bone":132},"card_choices":[{"not_picked":["Double Energy","Rebound"],"picked":"Cold Snap","floor":1.0},{"not_picked":["Gash","Hologram"],"picked":"Compile Driver","floor":4.0},{"not_picked":["Conserve Battery","Hello World"],"picked":"Ball Lightning","floor":6.0},{"not_picked":["Stack","Coolheaded","Loop"],"picked":"Electrodynamics","floor":10.0},{"not_picked":["Genetic Algorithm","Hello World","Sunder"],"picked":"Barrage","floor":12.0},{"not_picked":["Doom and Gloom","Lockon","Steam"],"picked":"Stack","floor":13.0},{"not_picked":["Doom and Gloom","Aggregate","Conserve Battery"],"picked":"White Noise","floor":14.0},{"not_picked":["Machine Learning","Hyperbeam","Buffer"],"picked":"Core Surge","floor":16.0},{"not_picked":["Rip and Tear","White Noise+1","Beam Cell+1"],"picked":"Chill","floor":18.0},{"not_picked":["Sweeping Beam","Go for the Eyes+1","Steam"],"picked":"Glacier","floor":20.0},{"not_picked":["Redo","Streamline","Chill"],"picked":"Coolheaded","floor":22.0},{"not_picked":["Blizzard","Streamline","Machine Learning","Sweeping Beam"],"picked":"SKIP","floor":24.0},{"not_picked":["Steam","Hologram","Scrape"],"picked":"Coolheaded","floor":28.0},{"not_picked":["Streamline","Rebound","Hologram"],"picked":"Capacitor","floor":29.0},{"not_picked":["Auto Shields+1","White Noise+1","Steam"],"picked":"Core Surge","floor":30.0},{"not_picked":["Sweeping Beam","Redo","BootSequence"],"picked":"Capacitor+1","floor":31.0},{"not_picked":["Buffer","Amplify","Reboot"],"picked":"Biased Cognition","floor":33.0},{"not_picked":["Chill","Streamline","Ball Lightning+1"],"picked":"Go for the Eyes","floor":35.0},{"not_picked":["White Noise","Chaos+1","Streamline+1","Redo+1"],"picked":"SKIP","floor":37.0},{"not_picked":["Stack","Undo","Capacitor","Conserve Battery+1"],"picked":"SKIP","floor":38.0},{"not_picked":["Enlightenment","Dramatic Entrance","Jack Of All Trades"],"picked":"Discovery","floor":39.0},{"not_picked":["Go for the Eyes","FTL","Fusion","Capacitor+1"],"picked":"SKIP","floor":41.0},{"not_picked":["Static Discharge","Rebound","Stack"],"picked":"Barrage","floor":42.0},{"not_picked":["Beam Cell","Leap+1","Compile Driver","Redo"],"picked":"SKIP","floor":45.0},{"not_picked":["Beam Cell","Leap+1","Redo"],"picked":"Compile Driver","floor":45.0},{"not_picked":["Ball Lightning+1","Leap","Redo"],"picked":"Seek","floor":46.0},{"not_picked":["Reprogram","Capacitor","Barrage+1"],"picked":"Defragment+1","floor":48.0},{"not_picked":["Sunder","Cold Snap","Conserve Battery","Fusion"],"picked":"SKIP","floor":55.0}],"player_experience":725876,"relics_obtained":[{"floor":6.0,"key":"Emotion Chip"},{"floor":9.0,"key":"Question Card"},{"floor":9.0,"key":"Nunchaku"},{"floor":10.0,"key":"Meat on the Bone"},{"floor":14.0,"key":"Blood Vial"},{"floor":24.0,"key":"Mercury Hourglass"},{"floor":26.0,"key":"Smiling Mask"},{"floor":26.0,"key":"Dead Branch"},{"floor":29.0,"key":"FossilizedHelix"},{"floor":29.0,"key":"Gremlin Horn"},{"floor":41.0,"key":"Girya"},{"floor":45.0,"key":"Dream Catcher"},{"floor":46.0,"key":"StoneCalendar"},{"floor":48.0,"key":"Mummified Hand"},{"floor":55.0,"key":"Turnip"}],"event_choices":[{"damage_healed":0.0,"max_hp_gain":0.0,"max_hp_loss":0.0,"gold_gain":0.0,"event_name":"WeMeetAgain","player_choice":"Paid Gold","floor":2.0,"gold_loss":63.0,"damage_taken":0.0,"relics_obtained":["Matryoshka"]},{"damage_healed":0.0,"max_hp_gain":0.0,"max_hp_loss":0.0,"gold_gain":50.0,"event_name":"Nest","player_choice":"Stole From Cult","floor":19.0,"gold_loss":0.0,"damage_taken":0.0},{"damage_healed":0.0,"max_hp_gain":0.0,"max_hp_loss":0.0,"gold_gain":0.0,"event_name":"Vampires","player_choice":"Became a vampire (Vial)","floor":21.0,"relics_lost":["Blood Vial"],"gold_loss":0.0,"damage_taken":0.0,"cards_obtained":["Bite","Bite","Bite","Bite","Bite"]},{"damage_healed":0.0,"max_hp_gain":0.0,"max_hp_loss":0.0,"gold_gain":0.0,"event_name":"Colosseum","player_choice":"Fight","floor":29.0,"gold_loss":0.0,"damage_taken":0.0},{"damage_healed":0.0,"max_hp_gain":0.0,"max_hp_loss":0.0,"gold_gain":0.0,"event_name":"Colosseum","player_choice":"Fought Nobs","floor":29.0,"gold_loss":0.0,"damage_taken":0.0},{"damage_healed":0.0,"max_hp_gain":0.0,"max_hp_loss":0.0,"gold_gain":0.0,"event_name":"SensoryStone","player_choice":"Memory 3","floor":39.0,"gold_loss":0.0,"damage_taken":10.0},{"damage_healed":0.0,"max_hp_gain":0.0,"max_hp_loss":0.0,"gold_gain":0.0,"event_name":"Mysterious Sphere","player_choice":"Fight","floor":46.0,"gold_loss":0.0,"damage_taken":0.0}],"is_beta":false,"boss_relics":[{"not_picked":["Black Star","Philosopher\u0027s Stone"],"picked":"SlaversCollar"},{"not_picked":["Inserter","Coffee Dripper"],"picked":"Nuclear Battery"}],"items_purged_floors":[27,36,47],"is_endless":false,"potions_floor_spawned":[1,4,12,14,20,29,30,31,33,35,37,45,46,55],"ascension_level":20}}