{"host":"sc0o2qwpf9j16a4i","time":1610978129,"event":{"mods":["AchievementEnabler","BaseMod","BetterRewards","Block Reminder","Colored Map","Colored Powertips","Custom Start","Highlight Path","Minty Spire (QoL Compilation)","Relic Stats"],"gold_per_floor":[112,124,124,137,102,102,138,156,156,180,180,221,241,256,256,346,346,364,564,582,602,47,47,80,80,106,145,145,179,204,37,37,37,37],"floor_reached":33,"language":"ENG","playtime":1084,"items_purged":["Strike_G"],"score":884,"play_id":"f781e8aa-b708-481e-b9bf-1963f709bd4d","local_time":"20210118155529","is_ascension_mode":true,"campfire_choices":[{"floor":6,"key":"REST"},{"data":"Malaise","floor":15,"key":"SMITH"},{"floor":23,"key":"REST"},{"floor":25,"key":"RECALL"},{"floor":28,"key":"REST"},{"floor":32,"key":"REST"}],"circlet_count":0,"master_deck":["AscendersBane","Strike_G","Strike_G+1","Strike_G","Strike_G","Defend_G+1","Defend_G","Defend_G","Defend_G","Defend_G","Survivor","Neutralize","Noxious Fumes","Dash+1","Footwork","Crippling Poison+1","Skewer+1","Deadly Poison+1","Terror","Dodge and Roll","Flying Knee+1","Malaise+1","Dagger Throw+1","Crippling Poison","Night Terror","Dodge and Roll","PiercingWail","Bane+1","Wraith Form v2","Dark Shackles"],"relics":["Ring of the Snake","Molten Egg 2","Omamori","Tough Bandages","Medical Kit","Question Card","Ornamental Fan","TwistedFunnel","Calipers","Paper Crane","Bird Faced Urn","Mummified Hand","War Paint","Golden Idol","Happy Flower","Toy Ornithopter","Sundial","Fusion Hammer","Gremlin Horn","Letter Opener","Bronze Scales","Strawberry","Kunai","Bottled Tornado"],"acts_visited":["Exordium","TheCity"],"potions_floor_usage":[8,12,16,24,30,33],"damage_taken":[{"damage":0,"enemies":"Jaw Worm","floor":1,"turns":3},{"damage":0,"enemies":"Small Slimes","floor":2,"turns":2},{"damage":0,"enemies":"Cultist","floor":4,"turns":3},{"damage":0,"enemies":"3 Sentries","floor":7,"turns":5},{"damage":0,"enemies":"Red Slaver","floor":8,"turns":3},{"damage":0,"enemies":"3 Louse","floor":10,"turns":3},{"damage":4,"enemies":"Gremlin Nob","floor":12,"turns":3},{"damage":0,"enemies":"2 Fungi Beasts","floor":13,"turns":3},{"damage":0,"enemies":"Looter","floor":14,"turns":3},{"damage":23,"enemies":"The Guardian","floor":16,"turns":8},{"damage":0,"enemies":"Spheric Guardian","floor":18,"turns":3},{"damage":0,"enemies":"3 Byrds","floor":20,"turns":3},{"damage":15,"enemies":"3 Cultists","floor":21,"turns":6},{"damage":6,"enemies":"Book of Stabbing","floor":24,"turns":8},{"damage":10,"enemies":"Gremlin Leader","floor":27,"turns":8},{"damage":8,"enemies":"Slavers","floor":29,"turns":4},{"damage":0,"enemies":"Snake Plant","floor":30,"turns":3},{"damage":71,"enemies":"Champ","floor":33,"turns":10}],"seed_played":"-781380722524326120","potions_obtained":[{"floor":7,"key":"CunningPotion"},{"floor":10,"key":"DuplicationPotion"},{"floor":12,"key":"SpeedPotion"},{"floor":13,"key":"AttackPotion"},{"floor":14,"key":"Poison Potion"},{"floor":20,"key":"GhostInAJar"},{"floor":27,"key":"Ancient Potion"}],"is_trial":false,"path_per_floor":["M","M","?","M","?","R","E","M","T","M","?","E","M","M","R","B",null,"M","?","M","M","$","R","E","R","T","E","R","E","M","$","R","B"],"character_chosen":"THE_SILENT","items_purchased":["Molten Egg 2","Omamori","Tough Bandages","Noxious Fumes","Dash+1","Medical Kit","Footwork","Question Card","Ornamental Fan","TwistedFunnel","Crippling Poison","Calipers","Skewer+1","Paper Crane","Bird Faced Urn","Mummified Hand","War Paint","Block Potion","Deadly Poison","Gremlin Horn","Letter Opener","Dark Shackles"],"campfire_rested":4,"item_purchase_floors":[0,0,0,0,0,0,0,0,0,0,0,0,0,0,0,0,0,0,0,22,22,31],"current_hp_per_floor":[20,22,22,24,39,57,60,60,60,60,42,43,47,49,49,33,53,60,60,60,49,49,60,57,57,64,58,67,59,67,67,67,0,0],"gold":37,"neow_bonus":"","is_daily":false,"chose_seed":false,"campfire_upgraded":1,"win_rate":0.0,"timestamp":1610978129,"path_taken":["M","M","?","M","?","R","E","?","T","M","?","E","M","M","R","BOSS","M","?","M","M","$","R","E","R","T","E","R","E","?","?","R","BOSS"],"items_purchased_type":["Relic","Relic","Relic","Card","Card","Relic","Card","Relic","Relic","Relic","Card","Relic","Card","Relic","Relic","Relic","Relic","Potion","Card","Relic","Relic","Card"],"build_version":"2020-12-22","purchased_purges":1,"victory":false,"max_hp_per_floor":[66,66,60,60,60,60,60,60,60,60,60,60,60,60,60,60,60,60,60,60,60,60,60,60,60,67,67,67,67,67,67,67,67,67],"relic_stats":{"Happy Flower":[78],"Gremlin Horn":[38,38],"counters":[223,1233],"Golden Idol":91,"Letter Opener":[35],"War Paint":["Crippling Poison","Defend_G"],"Medical Kit":[29],"Question Card":34,"Tough Bandages":[777],"Ornamental Fan":[120],"Mummified Hand":[32],"Sundial":[10],"Bird Faced Urn":[50],"Bronze Scales":[1438],"Kunai":[3],"obtain_stats":[{"TwistedFunnel":0,"Whetstone":48,"Ginger":47,"Bottled Tornado":30,"Boot":41,"Old Coin":9,"Blood Vial":0,"Sundial":2,"MealTicket":23,"Fusion Hammer":17,"Kunai":48,"Pear":12,"Blue Candle":43,"Tingsha":47,"Eternal Feather":0,"Pen Nib":0,"Paper Crane":0,"Akabeko":55,"SlaversCollar":34,"Bird Faced Urn":45,"Snecko Eye":17,"Pandora\u0027s Box":0,"StrikeDummy":41,"Unceasing Top":36,"Lantern":24,"Regal Pillow":0,"Torii":7,"Singing Bowl":0,"Bag of Preparation":44,"Cursed Key":17,"Ancient Tea Set":42,"Shovel":0,"Ninja Scroll":43,"WingedGreaves":26,"InkBottle":45,"Ring of the Snake":0,"Potion Belt":0,"Lee\u0027s Waffle":21,"The Specimen":41,"Golden Idol":2,"Thread and Needle":0,"PreservedInsect":0,"Omamori":14,"Frozen Egg 2":0,"MawBank":13,"Busted Crown":34,"Ornamental Fan":55,"Orrery":30,"Turnip":0,"Art of War":6,"Toy Ornithopter":43,"Calipers":0,"Gremlin Horn":40,"Nilry\u0027s Codex":22,"Vajra":11,"Centennial Puzzle":9,"Lizard Tail":9,"HornCleat":19,"Strawberry":43,"Philosopher\u0027s Stone":34,"Prayer Wheel":31,"Toxic Egg 2":28,"Happy Flower":0,"Astrolabe":34,"Oddly Smooth Stone":0,"Letter Opener":28,"War Paint":0,"Question Card":0,"WarpedTongs":36,"OrangePellets":0,"Shuriken":45,"Bronze Scales":0,"Molten Egg 2":0,"Pocketwatch":0,"Meat on the Bone":12,"NlothsMask":13,"Mango":0,"Snake Skull":26,"Incense Burner":0,"Juzu Bracelet":9,"Empty Cage":34,"ClockworkSouvenir":0,"Frozen Eye":21,"Dream Catcher":7,"Nunchaku":46,"Tough Bandages":0,"Mummified Hand":0,"Pantograph":19,"Red Mask":24,"Runic Pyramid":17,"Orichalcum":46,"Medical Kit":0,"White Beast Statue":22,"Mercury Hourglass":0,"Peace Pipe":42,"Strange Spoon":0,"Anchor":44,"CaptainsWheel":39,"Bag of Marbles":7,"Membership Card":37,"FossilizedHelix":26},{"TwistedFunnel":48,"Whetstone":73,"Ginger":124,"Bottled Tornado":12,"Boot":146,"Old Coin":129,"Blood Vial":48,"Sundial":127,"MealTicket":9,"Fusion Hammer":134,"Kunai":99,"Pear":54,"Blue Candle":197,"Tingsha":73,"Eternal Feather":77,"Pen Nib":22,"Paper Crane":48,"Akabeko":47,"SlaversCollar":167,"Bird Faced Urn":199,"Snecko Eye":6,"Pandora\u0027s Box":0,"StrikeDummy":40,"Unceasing Top":38,"Lantern":61,"Regal Pillow":77,"Torii":51,"Singing Bowl":77,"Bag of Preparation":41,"Cursed Key":29,"Ancient Tea Set":71,"Shovel":48,"Ninja Scroll":18,"WingedGreaves":89,"InkBottle":19,"Ring of the Snake":0,"Potion Belt":48,"Lee\u0027s Waffle":30,"The Specimen":17,"Golden Idol":78,"Thread and Needle":101,"PreservedInsect":126,"Omamori":28,"Frozen Egg 2":22,"MawBank":5,"Busted Crown":13,"Ornamental Fan":76,"Orrery":191,"Turnip":77,"Art of War":25,"Toy Ornithopter":146,"Calipers":77,"Gremlin Horn":95,"Nilry\u0027s Codex":162,"Vajra":4,"Centennial Puzzle":4,"Lizard Tail":52,"HornCleat":30,"Strawberry":40,"Philosopher\u0027s Stone":66,"Prayer Wheel":193,"Toxic Egg 2":89,"Happy Flower":126,"Astrolabe":91,"Oddly Smooth Stone":48,"Letter Opener":63,"War Paint":205,"Question Card":77,"WarpedTongs":92,"OrangePellets":48,"Shuriken":72,"Bronze Scales":77,"Molten Egg 2":153,"Pocketwatch":101,"Meat on the Bone":159,"NlothsMask":159,"Mango":77,"Snake Skull":32,"Incense Burner":48,"Juzu Bracelet":158,"Empty Cage":142,"ClockworkSouvenir":48,"Frozen Eye":188,"Dream Catcher":4,"Nunchaku":98,"Tough Bandages":176,"Mummified Hand":48,"Pantograph":162,"Red Mask":10,"Runic Pyramid":84,"Orichalcum":19,"Medical Kit":22,"White Beast Statue":8,"Mercury Hourglass":101,"Peace Pipe":18,"Strange Spoon":101,"Anchor":72,"CaptainsWheel":145,"Bag of Marbles":129,"Membership Card":15,"FossilizedHelix":62},{"TwistedFunnel":262,"Whetstone":403,"Ginger":679,"Bottled Tornado":73,"Boot":790,"Old Coin":703,"Blood Vial":262,"Sundial":696,"MealTicket":57,"Fusion Hammer":728,"Kunai":552,"Pear":295,"Blue Candle":1069,"Tingsha":403,"Eternal Feather":453,"Pen Nib":120,"Paper Crane":262,"Akabeko":254,"SlaversCollar":908,"Bird Faced Urn":1084,"Snecko Eye":41,"Pandora\u0027s Box":0,"StrikeDummy":210,"Unceasing Top":200,"Lantern":335,"Regal Pillow":453,"Torii":283,"Singing Bowl":453,"Bag of Preparation":217,"Cursed Key":151,"Ancient Tea Set":387,"Shovel":262,"Ninja Scroll":103,"WingedGreaves":500,"InkBottle":109,"Ring of the Snake":0,"Potion Belt":262,"Lee\u0027s Waffle":155,"The Specimen":96,"Golden Idol":458,"Thread and Needle":562,"PreservedInsect":693,"Omamori":144,"Frozen Egg 2":120,"MawBank":31,"Busted Crown":81,"Ornamental Fan":443,"Orrery":1032,"Turnip":453,"Art of War":132,"Toy Ornithopter":790,"Calipers":453,"Gremlin Horn":529,"Nilry\u0027s Codex":883,"Vajra":27,"Centennial Puzzle":27,"Lizard Tail":287,"HornCleat":155,"Strawberry":210,"Philosopher\u0027s Stone":365,"Prayer Wheel":1042,"Toxic Egg 2":500,"Happy Flower":693,"Astrolabe":512,"Oddly Smooth Stone":262,"Letter Opener":344,"War Paint":1152,"Question Card":453,"WarpedTongs":515,"OrangePellets":262,"Shuriken":396,"Bronze Scales":453,"Molten Egg 2":853,"Pocketwatch":562,"Meat on the Bone":869,"NlothsMask":869,"Mango":453,"Snake Skull":167,"Incense Burner":262,"Juzu Bracelet":866,"Empty Cage":765,"ClockworkSouvenir":262,"Frozen Eye":1009,"Dream Catcher":27,"Nunchaku":545,"Tough Bandages":951,"Mummified Hand":262,"Pantograph":883,"Red Mask":60,"Runic Pyramid":479,"Orichalcum":109,"Medical Kit":120,"White Beast Statue":48,"Mercury Hourglass":562,"Peace Pipe":103,"Strange Spoon":562,"Anchor":396,"CaptainsWheel":781,"Bag of Marbles":703,"Membership Card":86,"FossilizedHelix":338}],"Toy Ornithopter":38,"Ring of the Snake":[402]},"card_choices":[{"not_picked":["Backflip","Acrobatics","Cloak And Dagger","Slice+1"],"picked":"SKIP","floor":1},{"not_picked":["Acrobatics","Deflect","Cloak And Dagger"],"picked":"Terror","floor":2},{"not_picked":["Blade Dance","Quick Slash+1","Flechettes+1"],"picked":"Dodge and Roll","floor":4},{"not_picked":["Backflip","Predator+1","Outmaneuver"],"picked":"Flying Knee+1","floor":7},{"not_picked":["Slice+1","Riddle With Holes+1","Poisoned Stab+1"],"picked":"Malaise","floor":8},{"not_picked":["Choke+1","Deadly Poison","Cloak And Dagger","Reflex"],"picked":"SKIP","floor":10},{"not_picked":["Sucker Punch+1","PiercingWail","All Out Attack+1"],"picked":"Dagger Throw+1","floor":12},{"not_picked":["Outmaneuver","Underhanded Strike+1","Flying Knee+1"],"picked":"Crippling Poison","floor":13},{"not_picked":["Poisoned Stab+1","Endless Agony+1","Slice+1","Doppelganger"],"picked":"SKIP","floor":14},{"not_picked":["Venomology","Burst","Bullet Time"],"picked":"Night Terror","floor":16},{"not_picked":["Slice+1","Concentrate","Poisoned Stab+1","Flechettes+1"],"picked":"SKIP","floor":18},{"not_picked":["Deflect","Outmaneuver","Slice+1"],"picked":"Dodge and Roll","floor":20},{"not_picked":["Masterful Stab+1","Underhanded Strike+1","Poisoned Stab+1"],"picked":"PiercingWail","floor":21},{"not_picked":["Underhanded Strike+1","Storm of Steel","Crippling Poison","Backstab+1"],"picked":"SKIP","floor":24},{"not_picked":["Blade Dance","Flying Knee+1","Dagger Spray+1"],"picked":"Bane+1","floor":27},{"not_picked":["Backstab+1","PiercingWail","Catalyst"],"picked":"Wraith Form v2","floor":29},{"not_picked":["Accuracy","Poisoned Stab+1","Underhanded Strike+1","Quick Slash+1"],"picked":"SKIP","floor":30}],"player_experience":717005,"relics_obtained":[{"floor":7,"key":"Happy Flower"},{"floor":9,"key":"Toy Ornithopter"},{"floor":12,"key":"Sundial"},{"floor":24,"key":"Bronze Scales"},{"floor":26,"key":"Strawberry"},{"floor":27,"key":"Kunai"},{"floor":29,"key":"Bottled Tornado"}],"event_choices":[{"damage_healed":0,"gold_gain":0,"player_choice":"Lose Max HP","damage_taken":0,"relics_obtained":["Golden Idol"],"max_hp_gain":0,"max_hp_loss":6,"event_name":"Golden Idol","floor":3,"gold_loss":0},{"damage_healed":15,"gold_gain":0,"player_choice":"Healed","damage_taken":0,"max_hp_gain":0,"max_hp_loss":0,"event_name":"The Cleric","floor":5,"gold_loss":35},{"damage_healed":0,"gold_gain":0,"player_choice":"Entered Light","damage_taken":18,"max_hp_gain":0,"max_hp_loss":0,"event_name":"Shining Light","floor":11,"gold_loss":0,"cards_upgraded":["Strike_G","Deadly Poison"]},{"damage_healed":0,"gold_gain":200,"player_choice":"Gold","damage_taken":0,"max_hp_gain":0,"max_hp_loss":0,"event_name":"Wheel of Change","floor":19,"gold_loss":0}],"is_beta":false,"boss_relics":[{"not_picked":["WristBlade","SacredBark"],"picked":"Fusion Hammer"}],"items_purged_floors":[31],"is_endless":false,"potions_floor_spawned":[7,10,12,13,14,20,21,27,29],"killed_by":"Champ","ascension_level":20}}