{"host":"57rytaa21d5yl0hy","time":1610964812,"event":{"mods":["Act Like it!","BaseMod","Challenge The Spire","Friendly Minions","Gensokyo","KinomotoSakuraMod(木之本樱)","Kiyohime（清姬）","Lobotomy","LobotomyExtend","Minty Spire (QoL Compilation)","Replay The Spire","RumiaBox-露米娅的神秘盒子","StSLib","The Senshi","Yuri Mod"],"gold_per_floor":[110,110,122,64,64,64,98,98,125,125,143,156,265,299,299,404,404,404],"floor_reached":17,"language":"ZHS","playtime":623,"items_purged":[],"score":171,"play_id":"60de4c29-dd3a-4701-a6e1-8bd51dddef5f","local_time":"20210118181332","is_ascension_mode":true,"campfire_choices":[{"data":"theSenshi:MoonKick","floor":6,"key":"SMITH"},{"floor":10,"key":"REST"},{"floor":15,"key":"REST"}],"circlet_count":0,"master_deck":["theSenshi:SailorKick","theSenshi:SailorKick","theSenshi:SailorKick","theSenshi:SailorKick","theSenshi:SailorBlock","theSenshi:SailorBlock","theSenshi:SailorBlock","theSenshi:SailorBlock","theSenshi:RoseThrow","theSenshi:MoonPrismPowerMakeUp+1","MeatLantern","theSenshi:MoonKick+1","FieryBird","theSenshi:MoonCosmicPowerMakeUp+1","NakedNest","OSAHOGD","theSenshi:MoonsReflection","OldLady","theSenshi:MoonsReflection","theSenshi:SailorChibiMoonAssists","theSenshi:MoonPunch","theSenshi:LunaSensingAllies","theSenshi:GlimpseOfThePast","ReplayTheSpireMod:Doomed","ReplayTheSpireMod:Doomed","Parasite"],"relics":["theSenshi:TransformationBroochRelic","CogitoBucket","RabbitCall","Baka","LetterFromLob","LastBattle","ZombieArmy","ReplayTheSpireMod:Lightbulb","theSenshi:TiaraRelic","Smiling Mask","Replay:Ancient Bell","Strawberry","Ornamental Fan","Shovel"],"acts_visited":["Exordium","TheCity"],"potions_floor_usage":[7],"damage_taken":[{"damage":7,"enemies":"2 Louse","floor":1,"turns":3},{"damage":9,"enemies":"Cultist","floor":3,"turns":4},{"damage":63,"enemies":"Replay:BlueRogue","floor":7,"turns":7},{"damage":4,"enemies":"Small Slimes","floor":11,"turns":3},{"damage":3,"enemies":"Exordium Thugs","floor":12,"turns":5},{"damage":37,"enemies":"3 Sentries","floor":14,"turns":6},{"damage":66,"enemies":"The Guardian","floor":16,"turns":10}],"seed_played":"6780789191289129038","potions_obtained":[{"floor":1,"key":"Cursed Concoction"},{"floor":7,"key":"SpeedPotion"},{"floor":11,"key":"Explosive Potion"},{"floor":16,"key":"SkillPotion"}],"is_trial":false,"path_per_floor":["M","?","M","$","T","R","E","$","T","R","M","M","?","E","R","B",null],"character_chosen":"THE_SENSHI","items_purchased":["theSenshi:MoonCosmicPowerMakeUp+1"],"campfire_rested":2,"item_purchase_floors":[4],"current_hp_per_floor":[68,68,69,69,69,69,21,21,21,43,48,59,59,37,59,8,82,82],"gold":404,"neow_bonus":"","is_daily":false,"chose_seed":false,"campfire_upgraded":1,"win_rate":0.0,"timestamp":1610964812,"path_taken":["M","?","?","$","?","R","E","$","T","R","M","M","?","E","R","BOSS"],"items_purchased_type":["Card"],"build_version":"2020-12-22","purchased_purges":0,"victory":false,"max_hp_per_floor":[75,75,75,75,75,75,75,75,75,75,75,75,75,75,75,75,82,82],"card_choices":[{"not_picked":["OldLady","UniverseFragment"],"picked":"MeatLantern","floor":1},{"not_picked":["theSenshi:SailorV","theSenshi:SailorMarsAssists"],"picked":"theSenshi:MoonKick","floor":1},{"not_picked":["OSAHOGD","BeautyBeast"],"picked":"FieryBird","floor":3},{"not_picked":["theSenshi:MarsPride","theSenshi:EncouragingSpeech","theSenshi:MoonPower"],"picked":"SKIP","floor":3},{"not_picked":["BeautyBeast","UniverseFragment"],"picked":"NakedNest","floor":7},{"not_picked":["theSenshi:OdangoHead","theSenshi:Sidestep","theSenshi:SailorJupiterAssists"],"picked":"SKIP","floor":7},{"not_picked":["UniverseFragment","SingingMachine"],"picked":"OSAHOGD","floor":11},{"not_picked":["theSenshi:SailorUranusAssists","theSenshi:LunasBite"],"picked":"theSenshi:MoonsReflection","floor":11},{"not_picked":["Bloodbath","Scarecrow"],"picked":"OldLady","floor":12},{"not_picked":["theSenshi:MoonlightKnight","theSenshi:LateForSchool"],"picked":"theSenshi:MoonsReflection","floor":12},{"not_picked":["theSenshi:Sidestep","theSenshi:TuxedoSmokingBomber"],"picked":"theSenshi:SailorChibiMoonAssists","floor":13},{"not_picked":["theSenshi:EncouragingSpeech","theSenshi:SailorChibiMoonAssists"],"picked":"theSenshi:MoonPunch","floor":13},{"not_picked":["theSenshi:SailorV","theSenshi:LateForSchool"],"picked":"theSenshi:LunaSensingAllies","floor":14},{"not_picked":["theSenshi:WarriorOfTheMoon","theSenshi:SailorSaturnAssists"],"picked":"theSenshi:GlimpseOfThePast","floor":16},{"not_picked":["Sickly","Spreading Infection"],"picked":"ReplayTheSpireMod:Doomed","floor":17},{"not_picked":["Doubt","ReplayTheSpireMod:Restless Dread"],"picked":"ReplayTheSpireMod:Doomed","floor":17},{"not_picked":["Normality","Pain"],"picked":"Parasite","floor":17}],"player_experience":302451,"relics_obtained":[{"floor":1,"key":"Baka"},{"floor":1,"key":"LetterFromLob"},{"floor":5,"key":"LastBattle"},{"floor":7,"key":"ZombieArmy"},{"floor":9,"key":"ReplayTheSpireMod:Lightbulb"},{"floor":13,"key":"theSenshi:TiaraRelic"},{"floor":14,"key":"Smiling Mask"}],"event_choices":[{"damage_healed":0,"gold_gain":0,"player_choice":"Upgraded","damage_taken":0,"max_hp_gain":0,"max_hp_loss":0,"event_name":"Upgrade Shrine","floor":2,"gold_loss":0,"cards_upgraded":["theSenshi:MoonPrismPowerMakeUp"]}],"is_beta":false,"boss_relics":[{"not_picked":["Runic Dome","Ring of Chaos"],"picked":"Replay:Ancient Bell"},{"not_picked":["Blood Vial","Bronze Scales"],"picked":"Strawberry"},{"not_picked":["MagicDraw1","HornCleat"],"picked":"Ornamental Fan"},{"not_picked":["SecretRecord","StoneCalendar"],"picked":"Shovel"}],"items_purged_floors":[],"is_endless":false,"potions_floor_spawned":[1,7,11,16],"ascension_level":1}}