{"host":"ygfasg9u7olr7skw","time":1610938744,"event":{"mods":["AchievementEnabler","BaseMod","Better Note","Better Vampires","Colored Powertips","Minty Spire (QoL Compilation)","Replay The Spire","Spicy Shops","StSLib","The IronCluck"],"gold_per_floor":[110,125,184,200,48,80,80,99,99,99,274,14,26,40,40,141,141,154,124,124],"floor_reached":19,"language":"ENG","playtime":1245,"items_purged":["Spreading Infection","Strike_B","Doubt"],"score":211,"play_id":"0dfb9280-269f-4836-b09c-56ce70c28064","local_time":"20210117215904","is_ascension_mode":true,"campfire_choices":[{"floor":7.0,"key":"REST"},{"floor":10.0,"key":"REST"},{"floor":15.0,"key":"REST"}],"circlet_count":0,"master_deck":["Strike_B","Strike_B","Strike_B","Defend_B","Defend_B","Defend_B","Defend_B","Zap","Dualcast","Sweeping Beam","Defragment","Ball Lightning","Loop","Redo+1","Defragment","Cold Snap","Static Discharge","Biased Cognition"],"relics":["Cracked Core","ReplayTheSpireMod:CursedCoin","Replay:Mystery Machine","The Courier","OrangePellets","Inserter"],"acts_visited":["Exordium","TheCity"],"potions_floor_usage":[],"damage_taken":[{"damage":0.0,"enemies":"Small Slimes","floor":1.0,"turns":2.0},{"damage":2.0,"enemies":"Jaw Worm","floor":2.0,"turns":3.0},{"damage":0.0,"enemies":"2 Louse","floor":4.0,"turns":1.0},{"damage":35.0,"enemies":"3 Sentries","floor":6.0,"turns":5.0},{"damage":0.0,"enemies":"Gremlin Gang","floor":8.0,"turns":3.0},{"damage":19.0,"enemies":"3 Louse","floor":13.0,"turns":3.0},{"damage":16.0,"enemies":"Blue Slaver","floor":14.0,"turns":3.0},{"damage":73,"enemies":"Fading Forest","floor":16,"turns":11},{"damage":36,"enemies":"3 Byrds","floor":18,"turns":5},{"damage":12,"enemies":"2 Thieves","floor":19,"turns":1}],"seed_played":"1336948583701981746","potions_obtained":[{"floor":1.0,"key":"PowerPotion"},{"floor":3.0,"key":"Fruit Juice"},{"floor":3.0,"key":"FairyPotion"},{"floor":3.0,"key":"Flashbang"}],"is_trial":false,"path_per_floor":["M","M","?","M","$","E","R","M","T","R","?","$","M","M","R","B",null,"M","M"],"character_chosen":"DEFECT","items_purchased":["Ball Lightning","ReplayTheSpireMod:CursedCoin","Loop","OrangePellets","Redo+1","Defragment"],"campfire_rested":3,"item_purchase_floors":[5,5,5,12,12,12],"current_hp_per_floor":[82,80,65,65,65,30,56,56,56,82,82,82,63,47,73,8,67,31,19,19],"gold":124,"neow_bonus":"TEN_PERCENT_HP_BONUS","is_daily":false,"chose_seed":false,"campfire_upgraded":0,"win_rate":0.0,"timestamp":1610938744,"path_taken":["M","M","?","M","$","E","R","M","T","R","?","$","M","M","R","BOSS","M","M"],"items_purchased_type":["Card","Relic","Card","Relic","Card","Card"],"build_version":"2020-12-22","purchased_purges":3,"victory":false,"max_hp_per_floor":[82,82,87,87,87,87,87,87,87,87,87,87,87,87,87,87,87,87,87,87],"card_choices":[{"not_picked":["Lockon","Stack","Coolheaded"],"picked":"SKIP","floor":1.0},{"not_picked":["Rebound","Skim"],"picked":"Sweeping Beam","floor":2.0},{"not_picked":["Redo","BasicCrystalCard"],"picked":"Defragment","floor":4.0},{"not_picked":["Go for the Eyes","Reinforced Body","Reboot"],"picked":"SKIP","floor":6.0},{"not_picked":["Go for the Eyes","ReplayTheSpireMod:System Scan","Sweeping Beam"],"picked":"SKIP","floor":8.0},{"not_picked":["Chill","Glacier"],"picked":"Cold Snap","floor":13.0},{"not_picked":["Sunder","Storm"],"picked":"Static Discharge","floor":14.0},{"not_picked":["Seek","Hyperbeam"],"picked":"Biased Cognition","floor":16},{"not_picked":["Rebound","Compile Driver+1","Genetic Algorithm"],"picked":"SKIP","floor":18}],"player_experience":321921,"relics_obtained":[{"floor":6.0,"key":"Replay:Mystery Machine"},{"floor":9.0,"key":"The Courier"}],"event_choices":[{"damage_healed":0.0,"max_hp_gain":0.0,"max_hp_loss":0.0,"gold_gain":175.0,"event_name":"Liars Game","player_choice":"AGREE","floor":11.0,"gold_loss":0.0,"damage_taken":0.0,"cards_obtained":["Doubt"]}],"is_beta":false,"boss_relics":[{"not_picked":["Nuclear Battery","Pandora\u0027s Box"],"picked":"Inserter"}],"items_purged_floors":[5,5,12],"is_endless":false,"potions_floor_spawned":[1,6],"killed_by":"2 Thieves","ascension_level":5}}