{"host":"cv77zuuuekizn3ic","time":1610954651,"event":{"mods":["AchievementEnabler","BaseMod","Downfall","Marisa£®ÏF”Í°°ƒß¿Ì…≥£©","Minty Spire (QoL Compilation)","StSLib"],"gold_per_floor":[99,111,111,128,147,297,321,355,355,370,370,60,91,104,116,116,116],"floor_reached":16,"language":"ZHS","playtime":1495,"items_purged":["downfall:Icky"],"score":162,"play_id":"b14bfd41-1bd0-4199-b1ed-3aefbab0e64b","local_time":"20210118152411","is_ascension_mode":false,"campfire_choices":[{"data":"bronze:Goto","floor":1.0,"key":"SMITH"}],"circlet_count":0,"master_deck":["bronze:Strike","bronze:Defend","bronze:Defend","bronze:Defend","bronze:Defend","bronze:Replicate","bronze:Goto+1","bronze:BronzeOrb+1","bronze:Constructor+1","bronze:FineTuning+1","bronze:Boost","bronze:Constructor","bronze:SpaghettiCode","bronze:Fortify","bronze:BronzeArmor","bronze:ClassDefault","bronze:Terminator","bronze:Repair"],"relics":["Astrolabe","downfall:BrokenWingStatue","Bag of Preparation","Oddly Smooth Stone","Toy Ornithopter","Art of War","Centennial Puzzle"],"acts_visited":["Exordium"],"potions_floor_usage":[16],"damage_taken":[{"damage":0.0,"enemies":"Jaw Worm","floor":2.0,"turns":3.0},{"damage":0.0,"enemies":"2 Louse","floor":4.0,"turns":3.0},{"damage":0.0,"enemies":"Small Slimes","floor":5.0,"turns":6.0},{"damage":0.0,"enemies":"Gremlin Nob","floor":8.0,"turns":5.0},{"damage":0.0,"enemies":"Exordium Wildlife","floor":10.0,"turns":4.0},{"damage":0.0,"enemies":"downfall:FleeingMerchant","floor":12.0,"turns":4.0},{"damage":0.0,"enemies":"Lagavulin","floor":13.0,"turns":10.0},{"damage":0,"enemies":"2 Fungi Beasts","floor":14,"turns":4},{"damage":8,"enemies":"Large Slime","floor":15,"turns":9},{"damage":86,"enemies":"DF_ARCHETYPE_STREAMLINE","floor":16,"turns":14}],"seed_played":"-7390319998349494288","potions_obtained":[{"floor":4.0,"key":"DistilledChaos"},{"floor":5.0,"key":"SteroidPotion"},{"floor":8.0,"key":"BlessingOfTheForge"}],"is_trial":false,"path_per_floor":["R","M","?","M","M","?","T","E","?","M","?","$","E","M","M","B"],"character_chosen":"THE_AUTOMATON","items_purchased":["bronze:ClassDefault","Art of War"],"campfire_rested":0,"item_purchase_floors":[12,12],"current_hp_per_floor":[70,70,70,70,70,70,70,70,45,45,50,50,50,50,56,0,0],"gold":116,"neow_bonus":"BOSS_RELIC","is_daily":false,"chose_seed":false,"campfire_upgraded":1,"win_rate":0.0,"timestamp":1610954651,"path_taken":["R","M","?","M","M","?","T","E","?","?","?","$","E","M","M","BOSS"],"items_purchased_type":["Card","Relic"],"build_version":"2020-12-22","purchased_purges":1,"victory":false,"max_hp_per_floor":[70,70,70,70,70,70,70,70,70,70,75,75,75,75,75,75,75],"card_choices":[{"not_picked":["bronze:Iterate","bronze:Separator","bronze:Backtrace"],"picked":"SKIP","floor":2.0},{"not_picked":["bronze:Frontload","bronze:Return"],"picked":"bronze:Boost","floor":4.0},{"not_picked":["bronze:CloningBeam","bronze:DelayedGuard"],"picked":"bronze:Constructor","floor":5.0},{"not_picked":["bronze:BuggyMess","bronze:Backtrace"],"picked":"bronze:SpaghettiCode","floor":8.0},{"not_picked":["bronze:CutThrough","bronze:DelayedSlice"],"picked":"bronze:Fortify","floor":10.0},{"not_picked":["bronze:OilSpill","bronze:Frontload"],"picked":"bronze:BronzeArmor","floor":12.0},{"not_picked":["bronze:BuggyMess","bronze:Backtrace"],"picked":"bronze:Terminator","floor":13.0},{"not_picked":["bronze:Constructor","bronze:Terminator"],"picked":"bronze:Repair","floor":14},{"not_picked":["bronze:Virus","bronze:DelayedGuard","bronze:Deprecate"],"picked":"SKIP","floor":15}],"player_experience":980776,"relics_obtained":[{"floor":7.0,"key":"Bag of Preparation"},{"floor":8.0,"key":"Oddly Smooth Stone"},{"floor":13.0,"key":"Centennial Puzzle"}],"event_choices":[{"damage_healed":0.0,"max_hp_gain":0.0,"max_hp_loss":0.0,"gold_gain":0.0,"event_name":"Scrap Ooze","player_choice":"Success","floor":9.0,"gold_loss":0.0,"damage_taken":25.0,"relics_obtained":["Toy Ornithopter"]},{"damage_healed":0.0,"max_hp_gain":5.0,"max_hp_loss":0.0,"gold_gain":0.0,"event_name":"Big Fish","player_choice":"Donut","floor":11.0,"gold_loss":0.0,"damage_taken":0.0}],"is_beta":false,"boss_relics":[],"items_purged_floors":[12],"is_endless":false,"potions_floor_spawned":[4,5,8],"killed_by":"DF_ARCHETYPE_STREAMLINE","ascension_level":0}}