{"host":"7qoz5gmva6til3yp","time":1610990562,"event":{"mods":["AchievementEnabler","BaseMod","Minty Spire (QoL Compilation)","StSLib","SuperFastMode"],"gold_per_floor":[112,37,53,53,73,73,88,88,141,168,198,232,256,110,110,215,215,226,226,299,299,123,154,164,174,174,174,124,124,156,170,170,274,274,293,306,306,106,133,168,184,184,207,207,207,242,258,33,33,33,33,33,64,92,92],"floor_reached":56,"language":"KOR","playtime":2479,"items_purged":["Strike_G","Defend_G","Strike_G","Strike_G","Strike_G","Deadly Poison+1","Strike_G+1","Bouncing Flask"],"score":1977,"play_id":"4bf71d49-5409-4775-8931-ced7964440d0","local_time":"20210119022242","is_ascension_mode":true,"campfire_choices":[{"data":"Survivor","floor":6.0,"key":"SMITH"},{"data":"Deadly Poison","floor":8.0,"key":"SMITH"},{"data":"Neutralize","floor":15.0,"key":"SMITH"},{"data":"Adrenaline","floor":29.0,"key":"SMITH"},{"floor":32.0,"key":"DIG"},{"data":"Acrobatics","floor":42,"key":"SMITH"},{"floor":44,"key":"RECALL"},{"floor":49,"key":"DIG"},{"floor":52,"key":"DIG"}],"circlet_count":0,"master_deck":["Survivor+1","Neutralize+1","Prepared+1","Poisoned Stab","Adrenaline+1","Backflip","Underhanded Strike","Acrobatics+1","Escape Plan+1","Masterful Stab","Acrobatics+1","Flash of Steel","Reflex+1","Flying Knee+1","Grand Finale","Tactician+1","Calculated Gamble+1"],"relics":["Ring of the Serpent","Tough Bandages","Tiny Chest","Centennial Puzzle","Unceasing Top","Odd Mushroom","HornCleat","Shovel","Toy Ornithopter","Question Card","Sundial","Toxic Egg 2","Omamori","The Specimen","Astrolabe","Bag of Marbles","Bronze Scales","Lantern","Oddly Smooth Stone","StrikeDummy","TheAbacus","Snake Skull"],"acts_visited":["Exordium","TheCity","TheBeyond","TheEnding"],"potions_floor_usage":[55,55,55],"damage_taken":[{"damage":2.0,"enemies":"Cultist","floor":1.0,"turns":4.0},{"damage":0.0,"enemies":"Small Slimes","floor":3.0,"turns":3.0},{"damage":2.0,"enemies":"Jaw Worm","floor":5.0,"turns":4.0},{"damage":4.0,"enemies":"Blue Slaver","floor":7.0,"turns":4.0},{"damage":26.0,"enemies":"Gremlin Nob","floor":10.0,"turns":4.0},{"damage":19.0,"enemies":"3 Sentries","floor":12.0,"turns":11.0},{"damage":15.0,"enemies":"The Mushroom Lair","floor":13.0,"turns":4.0},{"damage":5.0,"enemies":"The Guardian","floor":16.0,"turns":7.0},{"damage":0.0,"enemies":"Chosen","floor":18.0,"turns":5.0},{"damage":6.0,"enemies":"Book of Stabbing","floor":23.0,"turns":5.0},{"damage":0.0,"enemies":"Spheric Guardian","floor":25.0,"turns":2.0},{"damage":0.0,"enemies":"Gremlin Leader","floor":30.0,"turns":5.0},{"damage":1.0,"enemies":"Snake Plant","floor":31.0,"turns":3.0},{"damage":26.0,"enemies":"Automaton","floor":33.0,"turns":9.0},{"damage":0.0,"enemies":"Orb Walker","floor":35.0,"turns":2.0},{"damage":0,"enemies":"3 Shapes","floor":36,"turns":1},{"damage":9,"enemies":"Reptomancer","floor":40,"turns":2},{"damage":0,"enemies":"Spire Growth","floor":41,"turns":2},{"damage":0,"enemies":"Nemesis","floor":46,"turns":1},{"damage":0,"enemies":"Jaw Worm Horde","floor":47,"turns":2},{"damage":0,"enemies":"Awakened One","floor":50,"turns":2},{"damage":0,"enemies":"Shield and Spear","floor":54,"turns":1},{"damage":0,"enemies":"The Heart","floor":55,"turns":4}],"seed_played":"-3964941344933950676","potions_obtained":[{"floor":1.0,"key":"Energy Potion"},{"floor":7.0,"key":"Poison Potion"},{"floor":10.0,"key":"LiquidBronze"},{"floor":12.0,"key":"CultistPotion"},{"floor":23.0,"key":"Regen Potion"},{"floor":25.0,"key":"Fire Potion"},{"floor":36,"key":"Block Potion"},{"floor":46,"key":"AttackPotion"},{"floor":54,"key":"FearPotion"}],"is_trial":false,"path_per_floor":["M","$","M","?","M","R","M","R","T","E","?","E","?","$","R","B",null,"M","?","T","?","$","E","$","M","T","?","$","R","E","M","R","B",null,"M","M","?","$","T","E","M","R","T","R","?","E","M","$","R","B",null,"R","$","E","B",null],"character_chosen":"THE_SILENT","items_purchased":["Poisoned Stab","Acrobatics","Masterful Stab","Flash of Steel","Sundial","Toxic Egg 2","TheAbacus","GamblersBrew"],"campfire_rested":0,"item_purchase_floors":[14,22,24,28,28,28,53,53],"current_hp_per_floor":[61,61,61,48,46,46,42,42,42,16,16,47,32,32,32,27,54,54,54,54,54,54,48,48,48,48,48,48,48,53,52,52,46,59,59,59,59,59,59,50,50,50,50,50,50,50,50,50,50,50,58,58,58,58,60],"gold":92,"neow_bonus":"ONE_RARE_RELIC","is_daily":false,"chose_seed":false,"campfire_upgraded":5,"win_rate":0.0,"timestamp":1610990562,"path_taken":["M","?","M","?","M","R","M","R","T","E","?","E","?","$","R","BOSS","M","?","?","?","$","E","$","M","T","?","$","R","E","M","R","BOSS","M","M","?","$","?","E","M","R","T","R","?","E","M","?","R","BOSS","R","$","E","BOSS"],"items_purchased_type":["Card","Card","Card","Card","Relic","Relic","Relic","Potion"],"build_version":"2020-12-22","purchased_purges":8,"victory":true,"max_hp_per_floor":[63,63,63,63,63,63,63,63,63,63,63,63,63,63,63,63,63,63,63,63,63,63,63,63,63,63,63,63,63,63,63,63,63,63,63,63,63,63,63,63,63,63,63,63,60,60,60,60,60,60,60,60,60,60,60],"card_choices":[{"not_picked":["PiercingWail","Flying Knee"],"picked":"Deadly Poison","floor":1.0},{"not_picked":["Flying Knee","Endless Agony"],"picked":"Prepared","floor":3.0},{"not_picked":["Dagger Throw","Dagger Spray","Well Laid Plans"],"picked":"SKIP","floor":5.0},{"not_picked":["Deadly Poison","Blade Dance"],"picked":"Sucker Punch","floor":7.0},{"not_picked":["Dodge and Roll","Tools of the Trade"],"picked":"Skewer","floor":10.0},{"not_picked":["Sucker Punch","Flying Knee","Leg Sweep"],"picked":"SKIP","floor":12.0},{"not_picked":["Storm of Steel","Envenom"],"picked":"Adrenaline","floor":16.0},{"not_picked":["Setup","Flying Knee"],"picked":"Backflip","floor":18.0},{"not_picked":["Deadly Poison+1","Glass Knife"],"picked":"Escape Plan+1","floor":23.0},{"not_picked":["Blade Dance+1","Finisher+1"],"picked":"Acrobatics+1","floor":25.0},{"not_picked":["Cloak And Dagger+1","Caltrops","Dodge and Roll+1","Blur+1"],"picked":"SKIP","floor":30.0},{"not_picked":["Quick Slash+1","Riddle With Holes+1","Eviscerate"],"picked":"Reflex+1","floor":31.0},{"not_picked":["Tools of the Trade","Phantasmal Killer+1","Unload"],"picked":"Storm of Steel+1","floor":33.0},{"not_picked":["Deflect+1","Quick Slash+1","Backstab","Outmaneuver+1"],"picked":"SKIP","floor":35.0},{"not_picked":["Deflect+1","Quick Slash+1","Backstab","Outmaneuver+1"],"picked":"SKIP","floor":35.0},{"not_picked":["Dagger Spray+1","Sucker Punch+1","Dodge and Roll+1","Blade Dance+1"],"picked":"SKIP","floor":36},{"not_picked":["Masterful Stab+1","Tools of the Trade","Choke","Bane+1"],"picked":"SKIP","floor":40},{"not_picked":["Endless Agony+1","Catalyst+1","Flying Knee+1"],"picked":"Tactician+1","floor":41},{"not_picked":["Tactician+1","Escape Plan+1","Heel Hook","Tools of the Trade"],"picked":"SKIP","floor":46},{"not_picked":["Dagger Spray","Backflip+1","Dagger Throw","Sucker Punch"],"picked":"SKIP","floor":47},{"not_picked":["Masterful Stab+1","Night Terror+1","Poisoned Stab+1"],"picked":"Calculated Gamble+1","floor":54}],"player_experience":390739,"relics_obtained":[{"floor":9.0,"key":"Tiny Chest"},{"floor":10.0,"key":"Centennial Puzzle"},{"floor":12.0,"key":"Unceasing Top"},{"floor":13.0,"key":"Odd Mushroom"},{"floor":20.0,"key":"HornCleat"},{"floor":23.0,"key":"Toy Ornithopter"},{"floor":26.0,"key":"Question Card"},{"floor":30.0,"key":"Omamori"},{"floor":32.0,"key":"The Specimen"},{"floor":39,"key":"Bag of Marbles"},{"floor":40,"key":"Bronze Scales"},{"floor":46,"key":"Lantern"},{"floor":49,"key":"Oddly Smooth Stone"},{"floor":52,"key":"StrikeDummy"},{"floor":54,"key":"Snake Skull"}],"event_choices":[{"damage_healed":0.0,"max_hp_gain":0.0,"max_hp_loss":0.0,"gold_gain":0.0,"event_name":"Shining Light","player_choice":"Entered Light","floor":4.0,"gold_loss":0.0,"damage_taken":13.0,"cards_upgraded":["Prepared","Strike_G"]},{"damage_healed":0.0,"max_hp_gain":0.0,"max_hp_loss":0.0,"gold_gain":30.0,"event_name":"Dead Adventurer","player_choice":"Searched \u00271\u0027 times","floor":11.0,"gold_loss":0.0,"damage_taken":0.0},{"damage_healed":0.0,"max_hp_gain":0.0,"max_hp_loss":0.0,"gold_gain":0.0,"event_name":"Mushrooms","player_choice":"Fought Mushrooms","floor":13.0,"gold_loss":0.0,"damage_taken":0.0},{"damage_healed":0.0,"max_hp_gain":0.0,"max_hp_loss":0.0,"gold_gain":0.0,"cards_transformed":["Skewer","Defend_G"],"event_name":"Drug Dealer","player_choice":"Became Test Subject","floor":19.0,"gold_loss":0.0,"damage_taken":0.0,"cards_obtained":["Bouncing Flask","Underhanded Strike"]},{"damage_healed":0.0,"max_hp_gain":0.0,"max_hp_loss":0.0,"gold_gain":0.0,"event_name":"The Mausoleum","player_choice":"Opened","floor":21.0,"gold_loss":0.0,"damage_taken":0.0,"relics_obtained":["Shovel"],"cards_obtained":["Writhe"]},{"cards_removed":["Defend_G"],"damage_healed":0.0,"max_hp_gain":0.0,"max_hp_loss":0.0,"gold_gain":0.0,"event_name":"Bonfire Elementals","player_choice":"Offered Basic","floor":27.0,"gold_loss":0.0,"damage_taken":0.0},{"cards_removed":["Caltrops"],"damage_healed":0,"gold_gain":0,"player_choice":"Removed Power","damage_taken":0,"max_hp_gain":0,"max_hp_loss":0,"event_name":"Falling","floor":37,"gold_loss":0},{"damage_healed":0,"gold_gain":0,"player_choice":"Max HP","damage_taken":0,"max_hp_gain":0,"max_hp_loss":3,"event_name":"Winding Halls","floor":45,"gold_loss":0}],"is_beta":false,"boss_relics":[{"not_picked":["Busted Crown","Velvet Choker"],"picked":"Ring of the Serpent"},{"not_picked":["Calling Bell","Snecko Eye"],"picked":"Astrolabe"}],"items_purged_floors":[2,14,22,24,28,38,48,53],"is_endless":false,"potions_floor_spawned":[1,7,10,12,23,25,36,46,54],"ascension_level":9}}