{"host":"gaqyve1328ta0etl","time":1610960691,"event":{"mods":["BaseMod","Colored Map","Colored Powertips","Googly Eyes","Minty Spire (QoL Compilation)","Shop Mod","StSLib","SuperFastMode","The Hierophant","The Runesmith"],"gold_per_floor":[115,125,50,50,125,125,25,25,25,50,50,81,81,113,113,191,191,211,49,61,111,161,161,161,161,161,161,196,225,225,258,258,332,332,349,349,9,24,37,37,37,37,37,47,76,76,76,76,76,150,222,222,238,113,113,145,145,145,145,170,170,200,226,245,245,275,275,346,346,357,357,371,206,222,64,64,80,105,105,23,23,23,23,23],"floor_reached":83,"language":"ENG","playtime":2164,"items_purged":["Ball Lightning","Leap","Ball Lightning"],"score":3966,"play_id":"73bb1121-3d7e-4b18-88c9-6e0ff0f4eddf","local_time":"20210118010451","daily_mods":["SealedDeck","Heirloom","Flight","DeadlyEvents","Elite Swarm"],"is_ascension_mode":true,"campfire_choices":[{"data":"Hello World","floor":6.0,"key":"SMITH"},{"data":"Defragment","floor":8.0,"key":"SMITH"},{"data":"Coolheaded","floor":11.0,"key":"SMITH"},{"data":"Reboot","floor":15.0,"key":"SMITH"},{"data":"Electrodynamics","floor":23.0,"key":"SMITH"},{"data":"Core Surge","floor":24.0,"key":"SMITH"},{"data":"Core Surge","floor":25.0,"key":"SMITH"},{"data":"Gash","floor":27.0,"key":"SMITH"},{"data":"Echo Form","floor":32.0,"key":"SMITH"},{"floor":40.0,"key":"REST"},{"data":"Machine Learning","floor":41.0,"key":"SMITH"},{"data":"Barrage","floor":42.0,"key":"SMITH"},{"data":"Fission","floor":46.0,"key":"SMITH"},{"data":"Gash","floor":47.0,"key":"SMITH"},{"data":"Glacier","floor":49.0,"key":"SMITH"},{"data":"Leap","floor":58.0,"key":"SMITH"},{"floor":59.0,"key":"REST"},{"data":"Meteor Strike","floor":67.0,"key":"SMITH"},{"floor":79,"key":"REST"},{"data":"Reboot","floor":81,"key":"SMITH"},{"data":"Force Field","floor":82,"key":"SMITH"}],"circlet_count":0,"master_deck":["AscendersBane","Glacier+1","Leap+1","Barrage+1","Gash+1","Defragment+1","Gash+1","Reboot+1","Electrodynamics+1","Core Surge+1","Core Surge+1","Echo Form+1","Machine Learning+1","Fission+1","Rainbow+1","Force Field+1","Reboot+1"],"relics":["Cracked Core","Bird Faced Urn","Akabeko","Blood Vial","Art of War","Potion Belt","Cursed Key","Runic Capacitor","Eternal Feather","PreservedInsect","Calipers","Sozu","Turnip","Lantern","Inserter","Empty Cage","Bronze Scales","Membership Card","Pen Nib"],"acts_visited":["Exordium","TheCity","TheBeyond","Exordium","TheCity"],"potions_floor_usage":[],"damage_taken":[{"damage":4.0,"enemies":"2 Louse","floor":1.0,"turns":3.0},{"damage":0.0,"enemies":"Jaw Worm","floor":2.0,"turns":4.0},{"damage":0.0,"enemies":"Gremlin Nob","floor":10.0,"turns":3.0},{"damage":10.0,"enemies":"3 Sentries","floor":12.0,"turns":6.0},{"damage":0.0,"enemies":"Gremlin Nob","floor":14.0,"turns":3.0},{"damage":0.0,"enemies":"Slime Boss","floor":16.0,"turns":5.0},{"damage":0.0,"enemies":"Chosen","floor":18.0,"turns":3.0},{"damage":3.0,"enemies":"3 Byrds","floor":20.0,"turns":3.0},{"damage":21.0,"enemies":"Slavers","floor":28.0,"turns":4.0},{"damage":9.0,"enemies":"Book of Stabbing","floor":29.0,"turns":4.0},{"damage":9.0,"enemies":"Slavers","floor":31.0,"turns":3.0},{"damage":32.0,"enemies":"Automaton","floor":33.0,"turns":6.0},{"damage":0.0,"enemies":"3 Darklings","floor":35.0,"turns":3.0},{"damage":9.0,"enemies":"3 Shapes","floor":38.0,"turns":4.0},{"damage":43.0,"enemies":"Jaw Worm Horde","floor":39.0,"turns":3.0},{"damage":16.0,"enemies":"Spire Growth","floor":44.0,"turns":4.0},{"damage":0.0,"enemies":"Giant Head","floor":45.0,"turns":6.0},{"damage":29.0,"enemies":"Awakened One","floor":50.0,"turns":11.0},{"damage":19.0,"enemies":"Donu and Deca","floor":51.0,"turns":9.0},{"damage":0.0,"enemies":"2 Louse","floor":53.0,"turns":1.0},{"damage":20.0,"enemies":"3 Sentries","floor":56.0,"turns":2.0},{"damage":0.0,"enemies":"Gremlin Nob","floor":60.0,"turns":2.0},{"damage":0.0,"enemies":"3 Sentries","floor":62.0,"turns":3.0},{"damage":0.0,"enemies":"Gremlin Nob","floor":63.0,"turns":2.0},{"damage":0.0,"enemies":"Cultist","floor":64.0,"turns":3.0},{"damage":0.0,"enemies":"Lagavulin","floor":66.0,"turns":4.0},{"damage":0.0,"enemies":"Slime Boss","floor":68.0,"turns":3.0},{"damage":0,"enemies":"Spheric Guardian","floor":70,"turns":2},{"damage":16,"enemies":"2 Thieves","floor":72,"turns":2},{"damage":8,"enemies":"Cultist and Chosen","floor":74,"turns":4},{"damage":0,"enemies":"Snecko","floor":77,"turns":2},{"damage":24,"enemies":"Book of Stabbing","floor":78,"turns":2},{"damage":83,"enemies":"Slavers","floor":83,"turns":2}],"seed_played":"-1634441470922334888","potions_obtained":[{"floor":2.0,"key":"Dexterity Potion"},{"floor":10.0,"key":"FocusPotion"},{"floor":16.0,"key":"Block Potion"},{"floor":18.0,"key":"DistilledChaos"},{"floor":29.0,"key":"SmokeBomb"}],"is_trial":true,"path_per_floor":["M","M","$","?","?","R","$","R","T","E","R","E","$","E","R","B",null,"M","$","M","?","?","R","R","R","T","R","E","E","?","E","R","B",null,"M","?","$","M","M","R","R","R","T","M","E","R","R","$","R","B","B",null,"M","$","?","E","?","R","R","E","T","E","E","M","?","E","R","B",null,"M","?","M","$","M","$","?","M","E","R","$","R","R","E"],"character_chosen":"DEFECT","items_purchased":["Runic Capacitor","Turnip","Bronze Scales","Membership Card","Pen Nib"],"campfire_rested":3,"item_purchase_floors":[19,37,73,75,80],"current_hp_per_floor":[60,64,64,64,53,53,53,53,53,57,57,53,53,59,59,65,70,71,71,70,70,63,63,63,63,63,63,50,49,49,48,57,37,63,71,71,71,66,34,64,71,71,71,57,69,71,71,71,71,46,39,63,71,71,71,53,53,62,71,71,71,71,71,71,64,71,71,71,71,71,71,61,61,63,63,63,71,47,71,71,71,71,0,0],"gold":23,"neow_bonus":"","is_daily":false,"chose_seed":false,"campfire_upgraded":18,"win_rate":0.0,"timestamp":1610960691,"path_taken":["M","M","$","?","?","R","$","R","T","E","R","E","$","?","R","BOSS","M","$","?","?","?","R","R","R","T","R","?","E","?","E","R","BOSS","M","?","$","?","?","R","R","R","T","?","?","R","R","$","R","BOSS","BOSS","M","$","?","?","?","R","R","E","T","?","E","?","?","?","R","BOSS","M","?","?","$","M","$","?","?","E","R","?","R","R","?"],"items_purchased_type":["Relic","Relic","Relic","Relic","Relic"],"build_version":"2020-12-22","purchased_purges":3,"victory":false,"max_hp_per_floor":[71,71,71,71,71,71,71,71,71,71,71,71,71,71,71,71,71,71,71,71,71,71,71,71,71,71,71,71,71,71,71,71,71,71,71,71,71,71,71,71,71,71,71,71,71,71,71,71,71,71,71,71,71,71,71,71,71,71,71,71,71,71,71,71,71,71,71,71,71,71,71,71,71,71,71,71,71,71,71,71,71,71,71,71],"card_choices":[{"not_picked":["Steam","Turbo","Beam Cell"],"picked":"SKIP","floor":1.0},{"not_picked":["Steam","Stack"],"picked":"Gash","floor":2.0},{"not_picked":["Amplify","Meteor Strike"],"picked":"Reboot","floor":10.0},{"not_picked":["Meteor Strike","Biased Cognition"],"picked":"Electrodynamics","floor":12.0},{"not_picked":["Fission","Amplify"],"picked":"Core Surge","floor":14.0},{"not_picked":["Electrodynamics","Meteor Strike"],"picked":"Core Surge","floor":16.0},{"not_picked":["Conserve Battery","Double Energy+1","Redo"],"picked":"SKIP","floor":18.0},{"not_picked":["Beam Cell","Sweeping Beam+1","Conserve Battery"],"picked":"SKIP","floor":20.0},{"not_picked":["Multi-Cast","Biased Cognition","Core Surge"],"picked":"SKIP","floor":28.0},{"not_picked":["Hyperbeam","Meteor Strike"],"picked":"Echo Form","floor":29.0},{"not_picked":["Meteor Strike","All For One"],"picked":"Machine Learning","floor":31.0},{"not_picked":["Rebound","Capacitor","Go for the Eyes"],"picked":"SKIP","floor":35.0},{"not_picked":["Cold Snap","Conserve Battery","Force Field"],"picked":"SKIP","floor":38.0},{"not_picked":["Reinforced Body","Cold Snap","Rebound"],"picked":"SKIP","floor":39.0},{"not_picked":["Genetic Algorithm","Self Repair","Cold Snap"],"picked":"SKIP","floor":44.0},{"not_picked":["Biased Cognition","Machine Learning"],"picked":"Fission","floor":45.0},{"not_picked":["Meteor Strike","Hyperbeam"],"picked":"Rainbow","floor":51.0},{"not_picked":["Doom and Gloom","Go for the Eyes","Beam Cell"],"picked":"SKIP","floor":53.0},{"not_picked":["Seek","Biased Cognition","Amplify"],"picked":"SKIP","floor":56.0},{"not_picked":["Reboot","Electrodynamics","Creative AI"],"picked":"SKIP","floor":60.0},{"not_picked":["Reboot","Meteor Strike","Amplify"],"picked":"SKIP","floor":62.0},{"not_picked":["Seek","Core Surge","Multi-Cast"],"picked":"SKIP","floor":63.0},{"not_picked":["Beam Cell","Compile Driver","Barrage"],"picked":"SKIP","floor":64.0},{"not_picked":["Buffer","Hyperbeam"],"picked":"Meteor Strike","floor":66.0},{"not_picked":["Beam Cell","Compile Driver","Conserve Battery"],"picked":"SKIP","floor":70},{"not_picked":["Barrage","Darkness","Genetic Algorithm"],"picked":"SKIP","floor":72},{"not_picked":["Hologram","Turbo","Genetic Algorithm"],"picked":"SKIP","floor":74},{"not_picked":["Fusion","Chaos","Barrage+1"],"picked":"SKIP","floor":77},{"not_picked":["Multi-Cast","Electrodynamics"],"picked":"Reboot","floor":78}],"player_experience":2039646,"relics_obtained":[{"floor":9.0,"key":"Akabeko"},{"floor":10.0,"key":"Blood Vial"},{"floor":12.0,"key":"Art of War"},{"floor":14.0,"key":"Potion Belt"},{"floor":28.0,"key":"Eternal Feather"},{"floor":29.0,"key":"PreservedInsect"},{"floor":31.0,"key":"Calipers"},{"floor":45.0,"key":"Lantern"}],"event_choices":[{"damage_healed":0.0,"max_hp_gain":0.0,"max_hp_loss":0.0,"gold_gain":0.0,"event_name":"The Cleric","player_choice":"Leave","floor":4.0,"gold_loss":0.0,"damage_taken":0.0},{"damage_healed":0.0,"max_hp_gain":0.0,"max_hp_loss":0.0,"gold_gain":75.0,"event_name":"World of Goop","player_choice":"Gather Gold","floor":5.0,"gold_loss":0.0,"damage_taken":11.0},{"damage_healed":0.0,"max_hp_gain":0.0,"max_hp_loss":0.0,"gold_gain":50.0,"event_name":"Nest","player_choice":"Stole From Cult","floor":21.0,"gold_loss":0.0,"damage_taken":0.0},{"damage_healed":0.0,"max_hp_gain":0.0,"max_hp_loss":0.0,"gold_gain":50.0,"event_name":"FaceTrader","player_choice":"Touch","floor":22.0,"gold_loss":0.0,"damage_taken":7.0},{"damage_healed":0.0,"max_hp_gain":0.0,"max_hp_loss":0.0,"gold_gain":0.0,"event_name":"Vampires","player_choice":"Ignored","floor":30.0,"gold_loss":0.0,"damage_taken":0.0},{"damage_healed":0.0,"max_hp_gain":0.0,"max_hp_loss":0.0,"gold_gain":0.0,"event_name":"Lab","player_choice":"Got Potions","floor":36.0,"gold_loss":0.0,"damage_taken":0.0},{"damage_healed":0.0,"max_hp_gain":0.0,"max_hp_loss":0.0,"gold_gain":0.0,"event_name":"Accursed Blacksmith","player_choice":"Forge","floor":55.0,"gold_loss":0.0,"damage_taken":0.0,"cards_upgraded":["Rainbow"]},{"damage_healed":0.0,"max_hp_gain":0.0,"max_hp_loss":0.0,"gold_gain":0.0,"event_name":"Lab","player_choice":"Got Potions","floor":57.0,"gold_loss":0.0,"damage_taken":0.0},{"cards_removed":["Hello World"],"damage_healed":0.0,"max_hp_gain":0.0,"max_hp_loss":0.0,"gold_gain":0.0,"event_name":"Golden Wing","player_choice":"Card Removal","floor":65.0,"gold_loss":0.0,"damage_taken":7.0},{"damage_healed":0,"gold_gain":0,"player_choice":"Read","damage_taken":0,"max_hp_gain":0,"max_hp_loss":0,"event_name":"The Library","floor":71,"gold_loss":0,"cards_obtained":["Force Field"]},{"damage_healed":0,"gold_gain":0,"player_choice":"Ignored","damage_taken":0,"max_hp_gain":0,"max_hp_loss":0,"event_name":"Vampires","floor":76,"gold_loss":0}],"is_beta":false,"boss_relics":[{"not_picked":["Runic Dome","Snecko Eye"],"picked":"Cursed Key"},{"not_picked":["Astrolabe","Runesmith:UraniumAnvil"],"picked":"Sozu"},{"not_picked":["SacredBark","Nuclear Battery"],"picked":"Inserter"},{"not_picked":["Runesmith:UraniumAnvil","Fusion Hammer"],"picked":"Empty Cage"}],"items_purged_floors":[3,7,54],"is_endless":true,"potions_floor_spawned":[2,10,16,18,29,39,45,51,60,62,63],"killed_by":"Slavers","ascension_level":20}}