{"host":"6mgmpue98l61x61q","time":1610943070,"event":{"mods":["BaseMod","Colored Map","Minty Spire (QoL Compilation)","Relic Stats"],"gold_per_floor":[116,63,63,27,46,46,116,151,204,204,234,245,257,103,103,200,200,220,236,286,29,48,98,98,109,109,129,156,156,172,188,188,188,188],"floor_reached":33,"language":"ENG","playtime":2462,"items_purged":[],"score":405,"play_id":"d06bb07c-2b0a-449d-b34f-97e24725f204","local_time":"20210117221110","is_ascension_mode":true,"campfire_choices":[{"data":"Bludgeon","floor":6,"key":"SMITH"},{"data":"Clothesline","floor":10,"key":"SMITH"},{"data":"Bash","floor":15,"key":"SMITH"},{"data":"Iron Wave","floor":24,"key":"SMITH"},{"data":"Power Through","floor":29,"key":"SMITH"},{"data":"Fire Breathing","floor":32,"key":"SMITH"}],"circlet_count":0,"master_deck":["Strike_R","Strike_R","Strike_R","Strike_R","Defend_R","Defend_R","Defend_R","Defend_R","Bash+1","Clothesline+1","Sword Boomerang","Disarm","Bludgeon+1","Metallicize","Wild Strike","Combust","Sword Boomerang","Offering","Fire Breathing+1","Iron Wave+1","Writhe","Rampage","Shrug It Off+1","Power Through+1"],"relics":["Burning Blood","SsserpentHead","Bag of Marbles","Red Skull","Anchor","Vajra","Mark of Pain","MealTicket","Mercury Hourglass","PreservedInsect","Art of War"],"acts_visited":["Exordium","TheCity"],"potions_floor_usage":[11,30,31],"damage_taken":[{"damage":1,"enemies":"Cultist","floor":1,"turns":4},{"damage":13,"enemies":"Small Slimes","floor":5,"turns":4},{"damage":0,"enemies":"2 Louse","floor":7,"turns":3},{"damage":18,"enemies":"Gremlin Nob","floor":8,"turns":4},{"damage":21,"enemies":"3 Sentries","floor":11,"turns":8},{"damage":0,"enemies":"Exordium Wildlife","floor":12,"turns":2},{"damage":7,"enemies":"Lots of Slimes","floor":13,"turns":4},{"damage":21,"enemies":"The Guardian","floor":16,"turns":12},{"damage":6,"enemies":"Spheric Guardian","floor":18,"turns":1},{"damage":3,"enemies":"3 Byrds","floor":19,"turns":4},{"damage":1,"enemies":"Snecko","floor":22,"turns":3},{"damage":6,"enemies":"Centurion and Healer","floor":25,"turns":5},{"damage":17,"enemies":"Shelled Parasite and Fungi","floor":27,"turns":4},{"damage":12,"enemies":"Gremlin Leader","floor":28,"turns":4},{"damage":13,"enemies":"Snake Plant","floor":30,"turns":4},{"damage":7,"enemies":"Cultist and Chosen","floor":31,"turns":3},{"damage":92,"enemies":"Automaton","floor":33,"turns":6}],"seed_played":"9025315091826248489","potions_obtained":[{"floor":8,"key":"Explosive Potion"},{"floor":11,"key":"Ancient Potion"},{"floor":12,"key":"Swift Potion"},{"floor":16,"key":"Block Potion"},{"floor":30,"key":"SpeedPotion"},{"floor":31,"key":"Energy Potion"}],"is_trial":false,"path_per_floor":["M","$","?","$","M","R","M","E","T","R","E","M","M","$","R","B",null,"M","M","?","$","M","?","R","M","T","M","E","R","M","M","R","B"],"character_chosen":"IRONCLAD","items_purchased":["Sword Boomerang","Disarm","Vajra","Mercury Hourglass"],"campfire_rested":0,"item_purchase_floors":[2,4,14,21],"current_hp_per_floor":[85,85,85,85,78,78,84,72,72,72,57,63,62,62,62,47,78,78,81,81,88,88,88,88,88,88,77,71,71,64,63,63,0,0],"gold":188,"neow_bonus":"TEN_PERCENT_HP_BONUS","is_daily":false,"chose_seed":false,"campfire_upgraded":6,"win_rate":0.0,"timestamp":1610943070,"path_taken":["M","?","?","$","M","R","?","E","T","R","E","M","M","$","R","BOSS","M","M","?","$","M","?","R","M","T","M","E","R","M","M","R","BOSS"],"items_purchased_type":["Card","Card","Relic","Relic"],"build_version":"2020-12-22","purchased_purges":0,"victory":false,"max_hp_per_floor":[88,88,88,88,88,88,88,88,88,88,88,88,88,88,88,88,88,88,88,88,88,88,88,88,88,88,88,88,88,88,88,88,88,88],"relic_stats":{"SsserpentHead":150,"counters":[17,75],"MealTicket":7,"PreservedInsect":51,"Art of War":[0],"obtain_stats":[{"SsserpentHead":3,"Anchor":11,"Vajra":14,"MealTicket":20,"Mark of Pain":17,"PreservedInsect":26,"Bag of Marbles":8,"Art of War":28,"Burning Blood":0,"Red Skull":9,"Mercury Hourglass":21},{"SsserpentHead":1,"Anchor":5,"Vajra":7,"MealTicket":10,"Mark of Pain":8,"PreservedInsect":12,"Bag of Marbles":4,"Art of War":14,"Burning Blood":0,"Red Skull":4,"Mercury Hourglass":10},{"SsserpentHead":4,"Anchor":23,"Vajra":29,"MealTicket":46,"Mark of Pain":41,"PreservedInsect":54,"Bag of Marbles":15,"Art of War":62,"Burning Blood":0,"Red Skull":15,"Mercury Hourglass":46}],"Burning Blood":91,"Mercury Hourglass":[111]},"card_choices":[{"not_picked":["Heavy Blade","Havoc"],"picked":"Clothesline","floor":1},{"not_picked":["Clash","Headbutt"],"picked":"Bludgeon","floor":5},{"not_picked":["Sever Soul","Dark Embrace"],"picked":"Metallicize","floor":7},{"not_picked":["Warcry","Entrench"],"picked":"Wild Strike","floor":8},{"not_picked":["Wild Strike","Twin Strike"],"picked":"Combust","floor":11},{"not_picked":["Cleave","Carnage"],"picked":"Sword Boomerang","floor":12},{"not_picked":["Rage","Evolve","Clash"],"picked":"SKIP","floor":13},{"not_picked":["Impervious","Demon Form"],"picked":"Offering","floor":16},{"not_picked":["Body Slam","Searing Blow"],"picked":"Fire Breathing","floor":18},{"not_picked":["Seeing Red","Clash"],"picked":"Iron Wave","floor":19},{"not_picked":["Cleave","Twin Strike","Headbutt"],"picked":"SKIP","floor":22},{"not_picked":["Pommel Strike","Burning Pact"],"picked":"Shrug It Off+1","floor":25},{"not_picked":["Warcry+1","Entrench","Heavy Blade"],"picked":"SKIP","floor":27},{"not_picked":["Twin Strike","Thunderclap"],"picked":"Power Through","floor":28},{"not_picked":["Headbutt","Entrench","Exhume"],"picked":"SKIP","floor":30},{"not_picked":["Perfected Strike","Heavy Blade","Pommel Strike"],"picked":"SKIP","floor":31}],"player_experience":593281,"relics_obtained":[{"floor":8,"key":"Bag of Marbles"},{"floor":9,"key":"Red Skull"},{"floor":11,"key":"Anchor"},{"floor":26,"key":"PreservedInsect"},{"floor":28,"key":"Art of War"}],"event_choices":[{"damage_healed":0,"gold_gain":0,"player_choice":"Trade","damage_taken":0,"relics_obtained":["SsserpentHead"],"max_hp_gain":0,"max_hp_loss":0,"event_name":"FaceTrader","floor":3,"gold_loss":0},{"damage_healed":0,"gold_gain":0,"player_choice":"Opened","damage_taken":0,"relics_obtained":["MealTicket"],"max_hp_gain":0,"max_hp_loss":0,"event_name":"The Mausoleum","floor":20,"gold_loss":0,"cards_obtained":["Writhe"]},{"damage_healed":0,"gold_gain":0,"cards_transformed":["Strike_R"],"player_choice":"Transformed","damage_taken":0,"max_hp_gain":0,"max_hp_loss":0,"event_name":"Transmorgrifier","floor":23,"gold_loss":0,"cards_obtained":["Rampage"]}],"is_beta":false,"boss_relics":[{"not_picked":["Astrolabe","Calling Bell"],"picked":"Mark of Pain"}],"items_purged_floors":[],"is_endless":false,"potions_floor_spawned":[8,11,12,16,18,30,31],"killed_by":"Automaton","ascension_level":9}}