{"host":"dth8fvkfiulu86fi","time":1610967184,"event":{"mods":["2.2 Compatiblity","AchievementEnabler","BaseMod","Better Third Choice","Colored Map","Colored Powertips","Minty Spire (QoL Compilation)","Rare Cards Sparkle","StSLib","SuperFastMode","Synergy Search"],"gold_per_floor":[114,41,56,56,131,169,19,19,44,69,20,20,20,39,39,164,164,183,183,183,20,20,58,58,58,58,96,96,96,96,25,25,25,25],"floor_reached":33,"language":"ENG","playtime":649,"items_purged":[],"score":348,"play_id":"140c32bd-f1c2-4d94-bb15-d1ee6bdeadd2","local_time":"20210118115304","daily_mods":["Draft","Flight","Lethality"],"is_ascension_mode":false,"campfire_choices":[{"floor":12,"key":"REST"},{"floor":13,"key":"REST"},{"data":"Limit Break","floor":15,"key":"SMITH"},{"floor":32,"key":"REST"}],"circlet_count":0,"master_deck":["Rampage","Cleave","Flex","Twin Strike","Cleave","Wild Strike","Heavy Blade","Cleave","Flex","Anger","Anger","Anger","Flex","Shrug It Off","True Grit","Ghostly Armor","Cleave","Limit Break+1","Heavy Blade","Anger","Demon Form","Finesse","Wild Strike","True Grit","Heavy Blade","Heavy Blade","Seeing Red"],"relics":["Burning Blood","Golden Idol","Juzu Bracelet","DollysMirror","Tiny Chest","Boot","Omamori","Mark of Pain","Happy Flower","Darkstone Periapt","HornCleat","Bird Faced Urn","MutagenicStrength","Lantern"],"acts_visited":["Exordium","TheCity"],"potions_floor_usage":[27,27,27,27,27],"damage_taken":[{"damage":0,"enemies":"Cultist","floor":1,"turns":1},{"damage":0,"enemies":"2 Louse","floor":3,"turns":1},{"damage":14,"enemies":"Lagavulin","floor":6,"turns":3},{"damage":0,"enemies":"Small Slimes","floor":14,"turns":1},{"damage":6,"enemies":"Slime Boss","floor":16,"turns":4},{"damage":16,"enemies":"2 Thieves","floor":18,"turns":2},{"damage":42,"enemies":"Book of Stabbing","floor":23,"turns":4},{"damage":17,"enemies":"Slavers","floor":27,"turns":2},{"damage":73,"enemies":"Champ","floor":33,"turns":6}],"seed_played":"-1283480827410872575","potions_obtained":[{"floor":1,"key":"Energy Potion"},{"floor":3,"key":"LiquidBronze"},{"floor":6,"key":"HeartOfIron"},{"floor":23,"key":"EntropicBrew"}],"is_trial":false,"path_per_floor":["M","$","M","?","?","E","$","T","T","T","$","R","R","M","R","B",null,"M","?","$","$","?","E","T","$","T","E","?","?","T","$","R","B"],"character_chosen":"IRONCLAD","items_purchased":["Ghostly Armor","DollysMirror","Anger","Finesse","Wild Strike","True Grit","Seeing Red"],"campfire_rested":3,"item_purchase_floors":[2,7,11,21,21,21,31],"current_hp_per_floor":[80,80,80,60,49,41,41,41,41,41,41,65,80,80,80,80,80,70,75,75,75,75,39,39,39,39,28,28,28,28,28,52,0,0],"gold":25,"neow_bonus":"","is_daily":true,"chose_seed":false,"campfire_upgraded":1,"win_rate":0.0,"timestamp":1610967184,"path_taken":["M","$","?","?","?","E","?","?","T","?","$","R","R","M","R","BOSS","M","?","$","$","?","E","?","?","T","E","?","?","?","$","R","BOSS"],"items_purchased_type":["Card","Relic","Card","Card","Card","Card","Card"],"build_version":"2020-12-22","purchased_purges":0,"victory":false,"max_hp_per_floor":[80,80,80,80,80,80,80,80,80,80,80,80,80,80,80,80,80,80,80,80,80,80,80,80,80,80,80,80,80,80,80,80,80,80],"card_choices":[{"not_picked":["Second Wind","True Grit"],"picked":"Rampage","floor":0},{"not_picked":["Metallicize","Feel No Pain"],"picked":"Cleave","floor":0},{"not_picked":["Anger","Hemokinesis"],"picked":"Flex","floor":0},{"not_picked":["Armaments","Clash"],"picked":"Twin Strike","floor":0},{"not_picked":["Hemokinesis","Armaments"],"picked":"Sword Boomerang","floor":0},{"not_picked":["Inflame","Sentinel"],"picked":"Cleave","floor":0},{"not_picked":["Iron Wave","Entrench"],"picked":"Wild Strike","floor":0},{"not_picked":["True Grit","Cleave"],"picked":"Heavy Blade","floor":0},{"not_picked":["Dual Wield","Thunderclap"],"picked":"Cleave","floor":0},{"not_picked":["Dropkick","Armaments"],"picked":"Flex","floor":0},{"not_picked":["True Grit","Feel No Pain"],"picked":"Anger","floor":0},{"not_picked":["Sentinel","Clothesline"],"picked":"Anger","floor":0},{"not_picked":["Armaments","True Grit"],"picked":"Anger","floor":0},{"not_picked":["Wild Strike","Armaments"],"picked":"Flex","floor":0},{"not_picked":["Warcry","Bloodletting"],"picked":"Shrug It Off","floor":0},{"not_picked":["Body Slam","Cleave"],"picked":"True Grit","floor":1},{"not_picked":["Reckless Charge","Clash"],"picked":"Cleave","floor":3},{"not_picked":["Havoc","Heavy Blade"],"picked":"Limit Break","floor":6},{"not_picked":["Warcry","Body Slam","Hemokinesis"],"picked":"SKIP","floor":14},{"not_picked":["Immolate","Impervious"],"picked":"Demon Form","floor":16},{"not_picked":["Iron Wave","Fire Breathing","Clash"],"picked":"SKIP","floor":18},{"not_picked":["Twin Strike","Carnage","Intimidate"],"picked":"SKIP","floor":23},{"not_picked":["Sword Boomerang","Sentinel","Warcry"],"picked":"SKIP","floor":27}],"player_experience":1152409,"relics_obtained":[{"floor":6,"key":"Juzu Bracelet"},{"floor":8,"key":"Tiny Chest"},{"floor":9,"key":"Boot"},{"floor":10,"key":"Omamori"},{"floor":23,"key":"Happy Flower"},{"floor":24,"key":"Darkstone Periapt"},{"floor":26,"key":"HornCleat"},{"floor":27,"key":"Bird Faced Urn"},{"floor":30,"key":"Lantern"}],"event_choices":[{"damage_healed":0,"gold_gain":0,"player_choice":"Take Damage","damage_taken":20,"relics_obtained":["Golden Idol"],"max_hp_gain":0,"max_hp_loss":0,"event_name":"Golden Idol","floor":4,"gold_loss":0},{"damage_healed":0,"gold_gain":75,"player_choice":"Gold","damage_taken":11,"max_hp_gain":0,"max_hp_loss":0,"event_name":"betterThird:BetterGoop","floor":5,"gold_loss":0},{"cards_removed":["Sword Boomerang"],"damage_healed":5,"gold_gain":0,"player_choice":"Offered Common","damage_taken":0,"max_hp_gain":0,"max_hp_loss":0,"event_name":"Bonfire Elementals","floor":19,"gold_loss":0},{"cards_removed":["Sword Boomerang"],"damage_healed":5,"gold_gain":0,"player_choice":"Offered Special","damage_taken":0,"max_hp_gain":0,"max_hp_loss":0,"event_name":"Bonfire Elementals","floor":19,"gold_loss":0},{"damage_healed":0,"gold_gain":0,"player_choice":"Read","damage_taken":0,"max_hp_gain":0,"max_hp_loss":0,"event_name":"The Library","floor":22,"gold_loss":0,"cards_obtained":["Heavy Blade"]},{"damage_healed":0,"gold_gain":0,"player_choice":"Copied","damage_taken":0,"max_hp_gain":0,"max_hp_loss":0,"event_name":"Duplicator","floor":28,"gold_loss":0,"cards_obtained":["Heavy Blade"]},{"damage_healed":0,"gold_gain":0,"player_choice":"Inject Mutagens","damage_taken":0,"relics_obtained":["MutagenicStrength"],"max_hp_gain":0,"max_hp_loss":0,"event_name":"Drug Dealer","floor":29,"gold_loss":0}],"is_beta":false,"boss_relics":[{"not_picked":["Runic Dome","Sozu"],"picked":"Mark of Pain"}],"items_purged_floors":[],"is_endless":false,"potions_floor_spawned":[1,3,6,16,23],"killed_by":"Champ","ascension_level":0}}