{"host":"1a3cjta80tad0aqj","time":1610945867,"event":{"mods":["2.2 Compatiblity","AchievementEnabler","BaseMod","Colored Map","DeckTracker","KOR Keyword Fix","Keyboard Shortcuts","Minty Spire (QoL Compilation)","Permanent Neow","Quick Restart","Random Character Button","StSLib","SuperFastMode","everything is the same but u backflip on backflip"],"gold_per_floor":[213,224,240,252,252,252,265,278,333,333,333],"floor_reached":10,"language":"KOR","playtime":385,"items_purged":[],"score":105,"play_id":"17551699-71c1-4c62-8418-a66e4a033918","local_time":"20210118135747","is_ascension_mode":true,"campfire_choices":[{"data":"Eruption","floor":6.0,"key":"SMITH"}],"circlet_count":0,"master_deck":["AscendersBane","Strike_P","Strike_P","Strike_P","Strike_P","Defend_P","Defend_P","Defend_P","Defend_P","Eruption+1","Vigilance","MentalFortress","TalkToTheHand","FollowUp","EmptyFist"],"relics":["PureWater","FaceOfCleric","Regal Pillow"],"acts_visited":["Exordium"],"potions_floor_usage":[10,10],"damage_taken":[{"damage":0.0,"enemies":"Cultist","floor":1.0,"turns":2.0},{"damage":19.0,"enemies":"Small Slimes","floor":2.0,"turns":5.0},{"damage":7.0,"enemies":"Jaw Worm","floor":3.0,"turns":4.0},{"damage":7.0,"enemies":"Large Slime","floor":4.0,"turns":8.0},{"damage":13.0,"enemies":"Blue Slaver","floor":7.0,"turns":5.0},{"damage":3.0,"enemies":"Exordium Wildlife","floor":8.0,"turns":2.0},{"damage":82,"enemies":"Gremlin Nob","floor":10,"turns":5}],"seed_played":"7779084373048275731","potions_obtained":[{"floor":4.0,"key":"Block Potion"},{"floor":7.0,"key":"Explosive Potion"},{"floor":8.0,"key":"Block Potion"}],"is_trial":false,"path_per_floor":["M","M","M","M","?","R","M","M","T","E"],"character_chosen":"WATCHER","items_purchased":[],"campfire_rested":0,"item_purchase_floors":[],"current_hp_per_floor":[61,42,35,28,28,28,16,14,14,0,0],"gold":333,"neow_bonus":"HUNDRED_GOLD","is_daily":false,"chose_seed":false,"campfire_upgraded":1,"win_rate":0.0,"timestamp":1610945867,"path_taken":["M","M","M","?","?","R","M","M","T","E"],"items_purchased_type":[],"build_version":"2020-12-22","purchased_purges":0,"victory":false,"max_hp_per_floor":[68,68,68,68,68,68,69,70,70,70,70],"card_choices":[{"not_picked":["Crescendo","Evaluate","WreathOfFlame"],"picked":"SKIP","floor":1.0},{"not_picked":["Swivel","CrushJoints"],"picked":"MentalFortress","floor":2.0},{"not_picked":["Consecrate","FollowUp"],"picked":"TalkToTheHand","floor":3.0},{"not_picked":["PathToVictory","ThirdEye"],"picked":"FollowUp","floor":4.0},{"not_picked":["Worship","CrushJoints"],"picked":"EmptyFist","floor":7.0},{"not_picked":["Crescendo","DeceiveReality","Evaluate"],"picked":"SKIP","floor":8.0}],"player_experience":729453,"relics_obtained":[{"floor":9.0,"key":"Regal Pillow"}],"event_choices":[{"damage_healed":0.0,"max_hp_gain":0.0,"max_hp_loss":0.0,"gold_gain":0.0,"event_name":"FaceTrader","player_choice":"Trade","floor":5.0,"gold_loss":0.0,"damage_taken":0.0,"relics_obtained":["FaceOfCleric"]}],"is_beta":false,"boss_relics":[],"items_purged_floors":[],"is_endless":false,"potions_floor_spawned":[4,7,8],"killed_by":"Gremlin Nob","ascension_level":14}}