{"host":"appz8zkad29u9482","time":1610959645,"event":{"mods":["2.2 Compatiblity","Act Like it!","Aspiration","BaseMod","Beaked The Cultist","Better Altar","Better Match","Better Note","Better Skull","Better Third Choice","BetterRewards","CapriCore","Conspire","Disable Question Mark Monsters","Energized Spire","Gensokyo","GifTheSpireLib","Gold Saver","Halation","Hermit","Hubris","Infinite Spire","Jedi Mod","Marisa????????","Minty Spire (QoL Compilation)","Permanent Neow","Reimu??????","Replay The Spire","Spicy Shops","StSLib","Strawberry Spire","Stuff the Spire","The Administrix","The Alterego","The Bug Knight","The Construct","The Cursed","The Florist","The Hierophant","The Immortal","The Servant 0.9.4","yUi"],"gold_per_floor":[458,458,101,101,111,111,111,129,129,129,139,158,170,200,200,297,297,308,59,79,79,90,124,124,124,148,164,164,18,50,123,123,225,225,235,235,408,439,485,485,485,537,561,629,153,198,198,229,229,243],"floor_reached":51,"language":"ENG","playtime":3225,"items_purged":[],"score":1079,"play_id":"6aa429e3-5eec-47c3-9819-205cd7b263f2","local_time":"20210117224725","is_ascension_mode":true,"campfire_choices":[{"data":"infinitespire:Oblivion","floor":6,"key":"SMITH"},{"data":"jedi:RedIncense","floor":10,"key":"SMITH"},{"data":"Inflame","floor":15,"key":"SMITH"},{"data":"A Thousand Cuts","floor":24,"key":"SMITH"},{"floor":32,"key":"REST"},{"data":"ReplayTheSpireMod:??????????????????????","floor":41,"key":"SMITH"},{"data":"ReplayUltimateDefense","floor":47,"key":"SMITH"},{"data":"jedi:harder","floor":49,"key":"SMITH"}],"circlet_count":0,"master_deck":["Strike_G","Strike_G","Strike_G+1","Strike_G","Strike_G","Defend_G","Defend_G+1","Defend_G","Defend_G","Defend_G","Survivor","Neutralize","Flex","infinitespire:Oblivion+1","jedi:RedIncense+1","Inflame+1","strawberrySpire:Rummage","StuffTheSpire:Repulse","Spot Weakness","aspiration:Lunge","Eviscerate","Inflame+1","strawberrySpire:DebrisPile","AbeCurse","A Thousand Cuts+1","Shrug It Off","ReplayReversal","J.A.X.","jedi:harder+1","Replay:Undeath\u0027s Touch+1","Barricade+1","Glass Knife","CurseOfTheBell","ReplayTheSpireMod:??????????????????????+1","Finisher+1","Dagger Spray+1","Rupture+1","ReplayUltimateDefense+1","Metallicize+1"],"relics":["Ring of the Snake","aspiration:Nostalgia","m_ByrdBlood","hubris:Towel","Gambling Chip","jedi:heavyjacket","aspiration:IroncladSkillbook","Replay:Wax Seal","halation:Convergence","Abe\u0027s Treasure","jedi:catwich","infinitespire:Lucky Rock","jedi:rubbersling","Dead Branch","Ancient Tea Set","energizedSpire:MagnifyingGlass","jedi:Pinwheel","Calling Bell","Replay:Bandana","aspiration:SeaSaltIceCream","hubris:KleinBottle","hubris:BundleOfHerbs","strawberrySpire:StillNotAdequateHouse","Quantum Egg","Mastiff:ReiMu","infinitespire:PuzzleCube","Bronze Scales"],"acts_visited":["Exordium","TheCity","TheBeyond"],"potions_floor_usage":[14,18,23,23,39,42,42,44,50,50,50],"damage_taken":[{"damage":5,"enemies":"Jaw Worm","floor":1,"turns":4},{"damage":0,"enemies":"Small Slimes","floor":5,"turns":2},{"damage":0,"enemies":"Cultist","floor":8,"turns":3},{"damage":8,"enemies":"Lots of Slimes","floor":11,"turns":3},{"damage":1,"enemies":"Exordium Thugs","floor":12,"turns":3},{"damage":0,"enemies":"Large Slime","floor":13,"turns":3},{"damage":16,"enemies":"Gremlin Nob","floor":14,"turns":3},{"damage":34,"enemies":"Hexaghost","floor":16,"turns":8},{"damage":3,"enemies":"Shell Parasite","floor":18,"turns":3},{"damage":0,"enemies":"Chosen","floor":20,"turns":4},{"damage":0,"enemies":"3 Cultists","floor":22,"turns":2},{"damage":0,"enemies":"Gremlin Leader","floor":23,"turns":4},{"damage":0,"enemies":"Centurion and Healer","floor":27,"turns":4},{"damage":3,"enemies":"HollowMod:Nosk","floor":30,"turns":4},{"damage":35,"enemies":"hubris:MusketHawk","floor":33,"turns":1},{"damage":3,"enemies":"Orb Walker","floor":35,"turns":3},{"damage":3,"enemies":"2 Orb Walkers","floor":37,"turns":3},{"damage":0,"enemies":"3 Shapes","floor":38,"turns":4},{"damage":24,"enemies":"3 Darklings","floor":39,"turns":6},{"damage":11,"enemies":"Nemesis","floor":42,"turns":5},{"damage":50,"enemies":"strawberrySpire:EssenceStones","floor":44,"turns":4},{"damage":3,"enemies":"Jaw Worm Horde","floor":46,"turns":2},{"damage":3,"enemies":"Spire Growth","floor":48,"turns":5},{"damage":43,"enemies":"conspire:OrnateMirror","floor":50,"turns":9}],"seed_played":"282733584770069195","potions_obtained":[{"floor":5,"key":"Energy Potion"},{"floor":8,"key":"Swift Potion"},{"floor":11,"key":"jedi:tentaclejuice"},{"floor":16,"key":"CunningPotion"},{"floor":18,"key":"Adrenaline Potion"},{"floor":23,"key":"BlessingOfTheForge"},{"floor":30,"key":"GhostInAJar"},{"floor":42,"key":"EssenceOfSteel"},{"floor":46,"key":"CunningPotion"}],"is_trial":false,"path_per_floor":["M","?","$","?","M","R","?","M","T","R","M","M","M","E","R","B",null,"M","$","M","AVR","M","E","R","?","T","M","?","$","E","?","R","B",null,"M","AVR","?","M","M","?","R","E","T","E","$","M","R","M","R","B",null],"character_chosen":"THE_SILENT","items_purchased":["jedi:RedIncense","Inflame","strawberrySpire:Rummage","Replay:Wax Seal","Eviscerate","Inflame+1","jedi:rubbersling","ReplayUltimateDefense","Bronze Scales","AttackPotion","Dexterity Potion"],"campfire_rested":1,"item_purchase_floors":[3,3,3,19,19,19,29,45,45,45,45],"current_hp_per_floor":[70,53,53,53,62,62,67,70,70,70,70,70,70,60,60,62,70,70,70,70,70,70,70,70,70,70,70,70,70,70,53,70,50,70,70,70,76,76,69,69,69,76,76,49,49,76,76,76,76,76],"gold":243,"neow_bonus":"NOSTALGIA","is_daily":false,"chose_seed":false,"campfire_upgraded":7,"win_rate":0.0,"timestamp":1610959645,"path_taken":["M","?","$","?","M","R","?","M","T","R","?","M","?","E","R","BOSS","M","$","M","AVR","M","E","R","?","T","?","?","?","E","?","R","BOSS","M","AVR","?","M","M","?","R","E","T","E","$","M","R","M","R","BOSS"],"items_purchased_type":["Card","Card","Card","Relic","Card","Card","Relic","Card","Relic","Potion","Potion"],"build_version":"2020-12-22","purchased_purges":0,"victory":true,"max_hp_per_floor":[70,70,70,70,70,70,70,70,70,70,70,70,70,70,70,70,70,70,70,70,70,70,70,70,70,70,70,70,70,70,70,70,70,70,70,70,76,76,76,76,76,76,76,76,76,76,76,76,76,76],"card_choices":[{"not_picked":["strawberrySpire:Rummage","strawberrySpire:DeltaFlow"],"picked":"Flex","floor":1},{"not_picked":["ReplayTheSpireMod:Haul","ReplayTheSpireMod:Echoes of Time"],"picked":"infinitespire:Oblivion","floor":2},{"not_picked":["Dodge and Roll","jedi:pocketpoison"],"picked":"strawberrySpire:Slide","floor":5},{"not_picked":["Fluid Movement","Choke","strawberrySpire:SpinKick"],"picked":"SKIP","floor":8},{"not_picked":["StuffTheSpire:Incantation","hubris:SlightOfHand"],"picked":"StuffTheSpire:Repulse","floor":11},{"not_picked":["Flechettes","strawberrySpire:Insectonator"],"picked":"Spot Weakness","floor":12},{"not_picked":["Bane","Setup","Hidden Blade"],"picked":"SKIP","floor":13},{"not_picked":["Deadly Poison","hubris:SlightOfHand","Bane"],"picked":"SKIP","floor":14},{"not_picked":["Adrenaline","Grand Finale"],"picked":"aspiration:Lunge","floor":16},{"not_picked":["jedi:hate","Endless Agony","strawberrySpire:ZonePlayer","ReplayTheSpireMod:The Works"],"picked":"SKIP","floor":18},{"not_picked":["Rampage","Blood for Blood","ReplayTheSpireMod:Strike From Hell"],"picked":"strawberrySpire:DebrisPile","floor":20},{"not_picked":["StuffTheSpire:Shiver","strawberrySpire:PowerStomp","Run Through"],"picked":"A Thousand Cuts","floor":22},{"not_picked":["Clothesline+1","hubris:TrickCloak","Bullet Time","Perfected Strike"],"picked":"SKIP","floor":23},{"not_picked":["Flex","Pommel Strike","Blade Dance"],"picked":"ReplayReversal","floor":27},{"not_picked":["strawberrySpire:DreamfoilDart+1","PiercingWail","Havoc"],"picked":"jedi:harder","floor":30},{"not_picked":["Deadly Poison","Dagger Spray","strawberrySpire:Rummage"],"picked":"Replay:Undeath\u0027s Touch+1","floor":31},{"not_picked":["Impervious","Envenom","Atom Bomb"],"picked":"Barricade","floor":33},{"not_picked":["Skewer","Run Through+1","strawberrySpire:Pant+1"],"picked":"Glass Knife","floor":35},{"not_picked":["infinitespire:Menacing","ReplayTheSpireMod:Haul"],"picked":"ReplayTheSpireMod:??????????????????????","floor":36},{"not_picked":["Blood for Blood","True Grit","Flechettes+1"],"picked":"Finisher+1","floor":38},{"not_picked":["conspire:Purge","PiercingWail+1","Sucker Punch+1"],"picked":"Dagger Spray+1","floor":39},{"not_picked":["strawberrySpire:Spite","hubris:SharpeningStone+1","Deadly Poison"],"picked":"Rupture+1","floor":42},{"not_picked":["StuffTheSpire:RockThrow","Run Through","hubris:ReadiedAction","Bludgeon"],"picked":"SKIP","floor":44},{"not_picked":["Crippling Poison+1","StuffTheSpire:Injection","Evolve"],"picked":"Metallicize+1","floor":46},{"not_picked":["conspire:PoisonWeapons+1","hubris:Counter+1","Anger+1","Bane"],"picked":"SKIP","floor":48}],"player_experience":553372,"relics_obtained":[{"floor":9,"key":"Gambling Chip"},{"floor":14,"key":"jedi:heavyjacket"},{"floor":23,"key":"jedi:catwich"},{"floor":26,"key":"infinitespire:Lucky Rock"},{"floor":30,"key":"Dead Branch"},{"floor":31,"key":"Ancient Tea Set"},{"floor":36,"key":"Replay:Bandana"},{"floor":36,"key":"aspiration:SeaSaltIceCream"},{"floor":36,"key":"hubris:BundleOfHerbs"},{"floor":37,"key":"strawberrySpire:StillNotAdequateHouse"},{"floor":42,"key":"Quantum Egg"},{"floor":43,"key":"Mastiff:ReiMu"},{"floor":44,"key":"infinitespire:PuzzleCube"}],"event_choices":[{"cards_removed":["strawberrySpire:Slide"],"damage_healed":5,"gold_gain":0,"player_choice":"Offered Common","damage_taken":0,"max_hp_gain":0,"max_hp_loss":0,"event_name":"Bonfire Elementals","floor":7,"gold_loss":0},{"cards_removed":["strawberrySpire:Slide"],"damage_healed":5,"gold_gain":0,"player_choice":"Offered Special","damage_taken":0,"max_hp_gain":0,"max_hp_loss":0,"event_name":"Bonfire Elementals","floor":7,"gold_loss":0},{"damage_healed":0,"gold_gain":0,"player_choice":"Read","damage_taken":0,"max_hp_gain":0,"max_hp_loss":0,"event_name":"The Library","floor":25,"gold_loss":0,"cards_obtained":["Shrug It Off"]},{"damage_healed":0,"gold_gain":0,"player_choice":"Obtain J.A.X.","damage_taken":0,"max_hp_gain":0,"max_hp_loss":0,"event_name":"Drug Dealer","floor":28,"gold_loss":0,"cards_obtained":["J.A.X."]},{"damage_healed":0,"gold_gain":0,"player_choice":"Fight","damage_taken":0,"max_hp_gain":0,"max_hp_loss":0,"event_name":"Mysterious Sphere","floor":37,"gold_loss":0},{"damage_healed":0,"gold_gain":0,"player_choice":"Leave","damage_taken":0,"max_hp_gain":0,"max_hp_loss":0,"event_name":"conspire:Investor","floor":40,"gold_loss":0}],"is_beta":false,"boss_relics":[{"not_picked":["conspire:SlowCooker","halation:HeavySnake"],"picked":"aspiration:IroncladSkillbook"},{"not_picked":["strawberrySpire:RottenAvocado","halation:Prosthetics"],"picked":"energizedSpire:MagnifyingGlass"}],"items_purged_floors":[],"is_endless":false,"potions_floor_spawned":[5,8,11,16,18,23,30,35,37,42,46],"ascension_level":4}}