{"host":"g868zphnms2wggi3","time":1610984100,"event":{"mods":["Act Like it!","BaseMod","Colored Map","Gensokyo","GifTheSpireLib","Good Game Mod","Minty Spire (QoL Compilation)","StSLib","The Bug Knight","Youmu£®ªÍ∆«—˝√Œ£©","Yuyuko","[IsaacMod]“‘»ˆº‚À˛"],"gold_per_floor":[112,62,78,78,78,106,106,123,148,164,183,183,69,80,80,182,182,197,197,209,209,221,250,54,54,102,7,107,125,140,151,151,249,249,262,1,12,24,43,72,72,436,436,436,436,450,477,490,490,490,490,490,12,38,38],"floor_reached":56,"language":"ZHS","playtime":8416,"items_purged":["Defend_YM","Strike_YM","Defend_YM","Defend_YM","Strike_YM+1"],"score":1511,"play_id":"f980c2b9-90d5-414e-957f-a6009e41c830","local_time":"20210118233500","is_ascension_mode":false,"campfire_choices":[{"data":"HumanGodSword","floor":7.0,"key":"SMITH"},{"data":"Vault","floor":12.0,"key":"SMITH"},{"data":"HellGodSword","floor":15.0,"key":"SMITH"},{"data":"BizarrenessOfSixRealms","floor":25.0,"key":"SMITH"},{"data":"SpiritMediumsBind","floor":32.0,"key":"SMITH"},{"floor":44.0,"key":"RECALL"},{"data":"Apotheosis","floor":49.0,"key":"SMITH"},{"data":"HumanGodSword","floor":52.0,"key":"SMITH"}],"circlet_count":0,"master_deck":["SlashOfPresentWorld","WheelOfPainOfLivingAndDead+1","Vault+1","SwordExtraction","ThoughtCuttingSword","HumanGodSword+1","HumanKnowledgeSword","PretaSword+1","HellGodSword+1","ASingleThoughtAndInfiniteKalpas","SlashOfSaigyouSpringWind+1","HellFireSword","LotusPostureSlash","EchoesOfTheInclemencyOfAllBeings+1","HumanGodSword+1","BizarrenessOfSixRealms+1","HellFireSword","Decay","CrescentMoonSlash","SwordExtraction","SpiritMediumsBind+1","SuddenPhantomFormationSlashOfKarmicWind","MatsuyoiReflectingSatelliteSlash+1","CurseOfTheBell","SlashOfDepartureFromHesitation+1","Apotheosis+1","LifeCuttingSword","HellRealmSword","TwoHundredYojanaInOneSlash","PhosphoricSlash+1","SpiderLilyBurial+1","Normality","SanzenSekai+1","HumanGodSword+1","TwoHundredYojanaInOneSlash+1","SlashClearingTheSixSenses"],"relics":["HalfPhantom","HushsDoor","REME:ComplimentaryCards","HowToJump","Bag of Preparation","Boot","Cursed Key","JudasShadow","Smiling Mask","HornCleat","War Paint","MealTicket","Calling Bell","BookOfRevelations","White Beast Statue","GuppysPaw","Bag of Marbles","Whetstone","Toxic Egg 2","Prayer Wheel","YumHeart","Anchor","Strawberry","Oddly Smooth Stone","TuHaoJin"],"acts_visited":["Exordium","TheCity","TheBeyond","TheEnding"],"potions_floor_usage":[55,55,55,55,55,55],"damage_taken":[{"damage":0.0,"enemies":"Jaw Worm","floor":1.0,"turns":3.0},{"damage":0.0,"enemies":"2 Louse","floor":3.0,"turns":4.0},{"damage":28.0,"enemies":"Gremlin Nob","floor":6.0,"turns":6.0},{"damage":0.0,"enemies":"Cultist","floor":8.0,"turns":3.0},{"damage":0.0,"enemies":"2 Fungi Beasts","floor":10.0,"turns":2.0},{"damage":0.0,"enemies":"Large Slime","floor":11.0,"turns":3.0},{"damage":0.0,"enemies":"Blue Slaver","floor":14.0,"turns":3.0},{"damage":19.0,"enemies":"The Guardian","floor":16.0,"turns":10.0},{"damage":3.0,"enemies":"Spheric Guardian","floor":18.0,"turns":3.0},{"damage":0.0,"enemies":"3 Byrds","floor":20.0,"turns":3.0},{"damage":0.0,"enemies":"Centurion and Healer","floor":22.0,"turns":3.0},{"damage":0.0,"enemies":"HollowMod:Nosk","floor":23.0,"turns":6.0},{"damage":0.0,"enemies":"Chosen and Byrds","floor":29.0,"turns":4.0},{"damage":0.0,"enemies":"Sentry and Sphere","floor":30.0,"turns":4.0},{"damage":0.0,"enemies":"Cultist and Chosen","floor":31.0,"turns":6.0},{"damage":19.0,"enemies":"Champ","floor":33.0,"turns":12.0},{"damage":0.0,"enemies":"Orb Walker","floor":35.0,"turns":4.0},{"damage":10.0,"enemies":"3 Darklings","floor":37.0,"turns":3.0},{"damage":12.0,"enemies":"Transient","floor":38.0,"turns":6.0},{"damage":20.0,"enemies":"Writhing Mass","floor":39.0,"turns":5.0},{"damage":0.0,"enemies":"Reptomancer","floor":40.0,"turns":4.0},{"damage":1.0000003E8,"enemies":"Nemesis","floor":42.0,"turns":6.0},{"damage":0.0,"enemies":"4 Shapes","floor":46.0,"turns":3.0},{"damage":0.0,"enemies":"HollowMod:StalkingDevout","floor":47.0,"turns":2.0},{"damage":0.0,"enemies":"Jaw Worm Horde","floor":48.0,"turns":1.0},{"damage":0.0,"enemies":"Time Eater","floor":50.0,"turns":4.0},{"damage":0.0,"enemies":"Shield and Spear","floor":54.0,"turns":2.0},{"damage":0,"enemies":"The Heart","floor":55,"turns":3}],"seed_played":"3890831065945654409","potions_obtained":[{"floor":8.0,"key":"AttackPotion"},{"floor":10.0,"key":"LiquidMemories"},{"floor":20.0,"key":"Ancient Potion"},{"floor":23.0,"key":"Block Potion"},{"floor":29.0,"key":"FearPotion"},{"floor":30.0,"key":"SneckoOil"},{"floor":33.0,"key":"SteroidPotion"},{"floor":35.0,"key":"Weak Potion"},{"floor":38.0,"key":"ColorlessPotion"},{"floor":39.0,"key":"Energy Potion"},{"floor":40.0,"key":"CultistPotion"},{"floor":42.0,"key":"SkillPotion"},{"floor":42.0,"key":"Weak Potion"},{"floor":54.0,"key":"EntropicBrew"}],"is_trial":false,"path_per_floor":["M","?","M","?","?","E","R","M","T","M","M","R","$","M","R","B",null,"M","?","M","?","M","E","$","R","T","$","?","M","M","M","R","B",null,"M","$","M","M","M","E","?","E","T","R","?","M","E","M","R","B",null,"R","$","E","B",null],"character_chosen":"YOUMU","items_purchased":["HiganSword","SlashOfSaigyouSpringWind","HellFireSword","JudasShadow","LotusPostureSlash","War Paint","CrescentMoonSlash","Apotheosis","LifeCuttingSword","Strawberry","SlashClearingTheSixSenses","DuplicationPotion","Block Potion","Oddly Smooth Stone"],"campfire_rested":0,"item_purchase_floors":[13,17,17,17,17,24,27,36,36,53,53,53,53,53],"current_hp_per_floor":[82,82,82,75,59,31,31,31,31,31,31,31,31,31,31,12,54,51,36,36,36,36,36,36,36,36,51,51,51,51,51,51,32,54,54,54,44,32,12,12,47,1,1,1,1,1,1,1,1,1,1,1,8,8,1],"gold":38,"neow_bonus":"TEN_PERCENT_HP_BONUS","is_daily":false,"chose_seed":false,"campfire_upgraded":7,"win_rate":0.0,"timestamp":1610984100,"path_taken":["M","?","?","?","?","E","R","M","T","M","M","R","?","?","R","BOSS","M","?","M","?","M","E","?","R","T","$","?","?","M","M","R","BOSS","M","$","M","M","M","E","?","E","T","R","?","?","E","M","R","BOSS","R","$","E","BOSS"],"items_purchased_type":["Card","Card","Card","Relic","Card","Relic","Card","Card","Card","Relic","Card","Potion","Potion","Relic"],"build_version":"2020-12-22","purchased_purges":5,"victory":true,"max_hp_per_floor":[82,82,82,82,82,82,82,82,82,82,82,82,82,82,82,82,54,54,54,54,54,54,54,54,54,54,54,54,54,54,54,54,54,54,54,54,54,54,54,54,47,1,1,1,1,1,1,1,1,1,1,1,8,8,1],"card_choices":[{"not_picked":[],"picked":"SuicideKing","floor":0.0},{"not_picked":["DispleasureOfTheSevenHakus","LifeCuttingSword"],"picked":"SwordExtraction","floor":1.0},{"not_picked":["AsuraSword","DispleasureOfTheSevenHakus"],"picked":"ThoughtCuttingSword","floor":3.0},{"not_picked":["ConstancyOfTheConventionalTruth","TwoHundredYojanaInOneSlash"],"picked":"HumanGodSword","floor":6.0},{"not_picked":["TurningAngelCut","ThreeKonsSevenHakus","LightFlashOfTheNetherworld"],"picked":"SKIP","floor":8.0},{"not_picked":["ConstancyOfTheConventionalTruth","SpiderLilyBurial"],"picked":"HumanKnowledgeSword","floor":10.0},{"not_picked":["LifeCuttingSword","FlashingScatteredFlowers"],"picked":"PretaSword","floor":11.0},{"not_picked":["CrescentMoonSlash","CherryBlossomFlashing"],"picked":"HellGodSword","floor":14.0},{"not_picked":["CelestialStarSword","ReincarnationSword"],"picked":"ASingleThoughtAndInfiniteKalpas","floor":16.0},{"not_picked":["TwoHundredYojanaInOneSlash","PretaSword"],"picked":"EchoesOfTheInclemencyOfAllBeings","floor":18.0},{"not_picked":["LowerRealmReflectionSlash","SlashClearingTheSixSenses+1"],"picked":"HumanGodSword+1","floor":20.0},{"not_picked":["ConstancyOfTheConventionalTruth","HumanKnowledgeSword"],"picked":"BizarrenessOfSixRealms","floor":22.0},{"not_picked":["HumanKnowledgeSword","TransmigrationSlash"],"picked":"HellFireSword","floor":23.0},{"not_picked":["LowerRealmReflectionSlash+1","HumanKnowledgeSword"],"picked":"SwordExtraction","floor":29.0},{"not_picked":["FantasyOfEnteringEnlightenment","FiveSignsOfTheDyingDeva"],"picked":"SpiritMediumsBind","floor":30.0},{"not_picked":["TwoHundredYojanaInOneSlash","SpiderLilyBurial+1"],"picked":"SuddenPhantomFormationSlashOfKarmicWind","floor":31.0},{"not_picked":["DeadlyForm","IrresoluteSoul"],"picked":"MatsuyoiReflectingSatelliteSlash","floor":33.0},{"not_picked":["HellGodSword","SlashOfAscensionToBuddhahood"],"picked":"SlashOfDepartureFromHesitation+1","floor":35.0},{"not_picked":["LowerRealmReflectionSlash","LifeCuttingSword","ThreeKonsSevenHakus"],"picked":"SKIP","floor":37.0},{"not_picked":["LowerRealmReflectionSlash+1","HumanKnowledgeSword+1"],"picked":"HellRealmSword","floor":38.0},{"not_picked":["HumanGodSword+1","HesitationCuttingSword+1"],"picked":"TwoHundredYojanaInOneSlash","floor":39.0},{"not_picked":["ObsessionWithThePresentWorld+1","SlashOfMeditation+1","CrescentMoonSlash"],"picked":"SKIP","floor":40.0},{"not_picked":["DispleasureOfTheSevenHakus+1","SwordOfBindingDesires+1"],"picked":"PhosphoricSlash+1","floor":42.0},{"not_picked":["KarmicPunishmentOfTheIdleAndUnfocused+1","SlashOfMeditation"],"picked":"SpiderLilyBurial+1","floor":42.0},{"not_picked":["SlashOfDelusionalInnerEye","FastingOfTheYoungPreta+1","EchoesOfTheInclemencyOfAllBeings+1"],"picked":"SKIP","floor":42.0},{"not_picked":["FiveSignsOfTheDyingDeva","TwoHundredYojanaInOneSlash+1","LifeCuttingSword+1"],"picked":"SKIP","floor":42.0},{"not_picked":["TenKingsRetributionOnThePreta+1","SwordOfBindingDesires+1"],"picked":"SanzenSekai+1","floor":46.0},{"not_picked":["FlashingScatteredFlowers+1","PhosphoricSlash+1","ObsessionWithThePresentWorld+1"],"picked":"SKIP","floor":46.0},{"not_picked":["GreatEnlightenmentAppearingAndDisappearing+1","HeartExcerptSlash"],"picked":"HumanGodSword","floor":47.0},{"not_picked":["LifeCuttingSword","FlashingScatteredFlowers+1"],"picked":"TwoHundredYojanaInOneSlash+1","floor":48.0},{"not_picked":["TwoHundredYojanaInOneSlash","ConstancyOfTheConventionalTruth+1","SlashOfDepartureFromHesitation+1"],"picked":"SKIP","floor":48.0},{"not_picked":["FantasyOfEnteringEnlightenment+1","KarmicPunishmentOfTheIdleAndUnfocused+1","HellGodSword"],"picked":"SKIP","floor":54.0}],"player_experience":173475,"relics_obtained":[{"floor":6.0,"key":"Bag of Preparation"},{"floor":9.0,"key":"Boot"},{"floor":23.0,"key":"HornCleat"},{"floor":26.0,"key":"MealTicket"},{"floor":34.0,"key":"BookOfRevelations"},{"floor":34.0,"key":"White Beast Statue"},{"floor":34.0,"key":"GuppysPaw"},{"floor":40.0,"key":"Bag of Marbles"},{"floor":42.0,"key":"Whetstone"},{"floor":42.0,"key":"Toxic Egg 2"},{"floor":42.0,"key":"Prayer Wheel"},{"floor":42.0,"key":"YumHeart"},{"floor":47.0,"key":"Anchor"},{"floor":54.0,"key":"TuHaoJin"}],"event_choices":[{"cards_removed":["Defend_YM"],"damage_healed":0.0,"max_hp_gain":0.0,"max_hp_loss":0.0,"gold_gain":0.0,"event_name":"The Cleric","player_choice":"Card Removal","floor":2.0,"gold_loss":50.0,"damage_taken":0.0},{"cards_removed":["Strike_YM"],"damage_healed":0.0,"max_hp_gain":0.0,"max_hp_loss":0.0,"gold_gain":0.0,"event_name":"Golden Wing","player_choice":"Card Removal","floor":4.0,"gold_loss":0.0,"damage_taken":7.0},{"damage_healed":0.0,"max_hp_gain":0.0,"max_hp_loss":0.0,"gold_gain":0.0,"event_name":"Shining Light","player_choice":"Entered Light","floor":5.0,"gold_loss":0.0,"damage_taken":16.0,"cards_upgraded":["WheelOfPainOfLivingAndDead","Strike_YM"]},{"cards_removed":["Strike_YM"],"damage_healed":0.0,"max_hp_gain":0.0,"max_hp_loss":0.0,"gold_gain":0.0,"event_name":"Purifier","player_choice":"Purged","floor":21.0,"gold_loss":0.0,"damage_taken":0.0},{"damage_healed":0.0,"max_hp_gain":0.0,"max_hp_loss":0.0,"gold_gain":100.0,"event_name":"Golden Shrine","player_choice":"Pray","floor":28.0,"gold_loss":0.0,"damage_taken":0.0},{"damage_healed":47.0,"max_hp_gain":0.0,"max_hp_loss":7.0,"gold_gain":0.0,"event_name":"The Moai Head","player_choice":"Heal","floor":41.0,"gold_loss":0.0,"damage_taken":0.0},{"cards_removed":["HiganSword"],"damage_healed":0.0,"max_hp_gain":0.0,"max_hp_loss":0.0,"gold_gain":0.0,"event_name":"Falling","player_choice":"Removed Power","floor":45.0,"gold_loss":0.0,"damage_taken":0.0}],"is_beta":false,"boss_relics":[{"not_picked":["Sozu","SlaversCollar"],"picked":"Cursed Key"},{"not_picked":[]},{"not_picked":["Runic Dome","Coffee Dripper"],"picked":"Calling Bell"},{"not_picked":[]}],"items_purged_floors":[13,17,24,27,36],"is_endless":false,"potions_floor_spawned":[8,10,20,23,29,30,33,35,37,38,39,40,42,46,47,48,54],"ascension_level":0}}