{"host":"rolltorest","time":1610934809,"event":{"mods":["BaseMod","Minty Spire (QoL Compilation)","Relic Stats","Slay the Relics Exporter","StSLib"],"gold_per_floor":[119,132,45,45,45,84,108,169,242,242,256,256,87,131,131,224,224,242,242,167,217,238,276,276,315,370,413,413,253,297,322,322,415,415,430,430,443,493,508,508,508],"floor_reached":40,"language":"ENG","playtime":1250,"items_purged":[],"score":1040,"play_id":"39c4cf46-2464-4e2b-9d97-8e188fe6cba4","local_time":"20210117175329","is_ascension_mode":true,"campfire_choices":[{"data":"Crippling Poison","floor":10,"key":"SMITH"},{"data":"Noxious Fumes","floor":12,"key":"SMITH"},{"data":"Bane","floor":15,"key":"SMITH"},{"data":"Catalyst","floor":24,"key":"SMITH"},{"floor":28,"key":"REST"},{"floor":32,"key":"REST"}],"circlet_count":0,"master_deck":["AscendersBane","Strike_G","Strike_G","Strike_G","Strike_G","Defend_G","Defend_G","Defend_G","Defend_G","Defend_G","Survivor","Neutralize","Dagger Throw","Bane+1","Crippling Poison+1","Noxious Fumes+1","Predator","PiercingWail","Catalyst+1","Bane+1","PiercingWail+1","Burst","Calculated Gamble","Calculated Gamble","Night Terror","Calculated Gamble+1"],"relics":["Ring of the Snake","NeowsBlessing","Golden Idol","Strawberry","Mango","Matryoshka","Toolbox","StoneCalendar","Velvet Choker","MealTicket","Lantern","PreservedInsect","Vajra","Question Card","Orrery","Incense Burner","SacredBark"],"acts_visited":["Exordium","TheCity","TheBeyond"],"potions_floor_usage":[14,22,23,33,39],"damage_taken":[{"damage":0,"enemies":"Small Slimes","floor":1,"turns":1},{"damage":0,"enemies":"Jaw Worm","floor":2,"turns":1},{"damage":0,"enemies":"Lagavulin","floor":6,"turns":1},{"damage":3,"enemies":"Cultist","floor":7,"turns":4},{"damage":21,"enemies":"3 Sentries","floor":8,"turns":8},{"damage":8,"enemies":"Lots of Slimes","floor":11,"turns":3},{"damage":21,"enemies":"3 Sentries","floor":14,"turns":7},{"damage":7,"enemies":"Hexaghost","floor":16,"turns":8},{"damage":19,"enemies":"Spheric Guardian","floor":18,"turns":4},{"damage":0,"enemies":"Chosen","floor":22,"turns":3},{"damage":5,"enemies":"Book of Stabbing","floor":23,"turns":4},{"damage":10,"enemies":"Gremlin Leader","floor":25,"turns":7},{"damage":16,"enemies":"Slavers","floor":27,"turns":3},{"damage":22,"enemies":"Book of Stabbing","floor":30,"turns":4},{"damage":8,"enemies":"Snecko","floor":31,"turns":3},{"damage":13,"enemies":"Collector","floor":33,"turns":6},{"damage":21,"enemies":"Orb Walker","floor":35,"turns":5},{"damage":10,"enemies":"3 Darklings","floor":37,"turns":5},{"damage":10,"enemies":"Jaw Worm Horde","floor":39,"turns":4},{"damage":8,"enemies":"Reptomancer","floor":40,"turns":3}],"seed_played":"4606185057747399815","potions_obtained":[{"floor":1,"key":"DuplicationPotion"},{"floor":8,"key":"SmokeBomb"},{"floor":11,"key":"SneckoOil"},{"floor":14,"key":"LiquidMemories"},{"floor":27,"key":"EssenceOfSteel"},{"floor":31,"key":"BlessingOfTheForge"},{"floor":33,"key":"Strength Potion"},{"floor":37,"key":"Swift Potion"}],"is_trial":false,"path_per_floor":["M","M","$","?","$","E","M","?","T","R","M","R","$","E","R","B",null,"M","?","?","?","M","E","R","E","T","E","R","$","E","M","R","B",null,"M","?","M","?","M","E"],"character_chosen":"THE_SILENT","items_purchased":["Crippling Poison","Toolbox","Orrery"],"campfire_rested":2,"item_purchase_floors":[3,13,29],"current_hp_per_floor":[59,59,59,59,59,66,63,56,56,56,48,48,48,27,27,20,66,47,47,47,47,47,42,42,32,32,16,40,55,33,25,49,36,70,49,49,39,39,29,21,21],"gold":508,"neow_bonus":"THREE_ENEMY_KILL","is_daily":false,"chose_seed":false,"campfire_upgraded":4,"win_rate":0.0,"timestamp":1610934809,"path_taken":["M","M","$","?","$","E","M","?","T","R","M","R","$","E","R","BOSS","M","?","?","?","M","E","R","E","T","E","R","$","E","M","R","BOSS","M","?","M","?","M","E"],"items_purchased_type":["Card","Relic","Relic"],"build_version":"2020-12-18","purchased_purges":0,"victory":false,"max_hp_per_floor":[66,66,66,60,60,67,67,81,81,81,81,81,81,81,81,81,81,81,81,81,81,81,81,81,81,81,81,81,81,81,81,81,81,81,81,81,81,81,81,81,81],"relic_stats":{"counters":[20,84],"Golden Idol":125,"StoneCalendar":[52],"MealTicket":15,"PreservedInsect":144,"Question Card":11,"obtain_stats":[{"Lantern":25,"NeowsBlessing":0,"Golden Idol":4,"SacredBark":34,"Velvet Choker":17,"Vajra":26,"Mango":8,"StoneCalendar":14,"PreservedInsect":26,"Incense Burner":30,"Question Card":27,"Matryoshka":9,"Strawberry":6,"Toolbox":13,"Orrery":29,"MealTicket":23,"Ring of the Snake":0},{"Lantern":12,"NeowsBlessing":0,"Golden Idol":2,"SacredBark":16,"Velvet Choker":8,"Vajra":12,"Mango":5,"StoneCalendar":7,"PreservedInsect":12,"Incense Burner":14,"Question Card":13,"Matryoshka":5,"Strawberry":3,"Toolbox":6,"Orrery":13,"MealTicket":11,"Ring of the Snake":0},{"Lantern":51,"NeowsBlessing":0,"Golden Idol":2,"SacredBark":67,"Velvet Choker":33,"Vajra":51,"Mango":15,"StoneCalendar":25,"PreservedInsect":51,"Incense Burner":58,"Question Card":54,"Matryoshka":15,"Strawberry":3,"Toolbox":18,"Orrery":54,"MealTicket":44,"Ring of the Snake":0}],"Ring of the Snake":[40]},"card_choices":[{"not_picked":["Tactician","Cloak And Dagger"],"picked":"Dagger Throw","floor":1},{"not_picked":["Footwork","Flying Knee"],"picked":"Bane","floor":2},{"not_picked":["Footwork","Acrobatics"],"picked":"Noxious Fumes","floor":6},{"not_picked":["Slice","Deflect","Sucker Punch"],"picked":"SKIP","floor":7},{"not_picked":["Escape Plan","Tactician"],"picked":"Predator","floor":11},{"not_picked":["Caltrops","All Out Attack","Expertise"],"picked":"SKIP","floor":14},{"not_picked":["Grand Finale","Doppelganger"],"picked":"Die Die Die","floor":16},{"not_picked":["Deadly Poison","Accuracy"],"picked":"PiercingWail","floor":18},{"not_picked":["Blade Dance","Flying Knee","Finisher"],"picked":"SKIP","floor":22},{"not_picked":["Quick Slash","Tactician+1"],"picked":"Bane+1","floor":23},{"not_picked":["After Image","Cloak And Dagger"],"picked":"PiercingWail+1","floor":25},{"not_picked":["Outmaneuver","Flechettes+1","Storm of Steel"],"picked":"SKIP","floor":27},{"not_picked":["After Image","Sucker Punch","Accuracy"],"picked":"Burst","floor":29},{"not_picked":["Tactician+1","Backstab+1","Prepared"],"picked":"Calculated Gamble","floor":29},{"not_picked":["Underhanded Strike","Reflex","Sucker Punch"],"picked":"Calculated Gamble","floor":30},{"not_picked":["Expertise","Underhanded Strike","Concentrate+1","Distraction"],"picked":"SKIP","floor":31},{"not_picked":["Burst","Doppelganger","Venomology"],"picked":"Night Terror","floor":33},{"not_picked":["Distraction","Outmaneuver","Concentrate+1"],"picked":"Calculated Gamble+1","floor":35},{"not_picked":["Blur","Outmaneuver","Blade Dance","Bane"],"picked":"SKIP","floor":37},{"not_picked":["Endless Agony+1","Backstab","Flying Knee+1","Underhanded Strike"],"picked":"SKIP","floor":39}],"player_experience":1726542,"relics_obtained":[{"floor":6,"key":"Strawberry"},{"floor":8,"key":"Mango"},{"floor":9,"key":"Matryoshka"},{"floor":14,"key":"StoneCalendar"},{"floor":23,"key":"MealTicket"},{"floor":25,"key":"Lantern"},{"floor":26,"key":"PreservedInsect"},{"floor":26,"key":"Vajra"},{"floor":27,"key":"Question Card"},{"floor":30,"key":"Incense Burner"}],"event_choices":[{"damage_healed":0,"gold_gain":0,"player_choice":"Lose Max HP","damage_taken":0,"relics_obtained":["Golden Idol"],"max_hp_gain":0,"max_hp_loss":6,"event_name":"Golden Idol","floor":4,"gold_loss":0},{"damage_healed":0,"gold_gain":30,"player_choice":"Searched \u00273\u0027 times","damage_taken":0,"max_hp_gain":0,"max_hp_loss":0,"event_name":"Dead Adventurer","floor":8,"gold_loss":0},{"damage_healed":0,"gold_gain":0,"player_choice":"Read","damage_taken":0,"max_hp_gain":0,"max_hp_loss":0,"event_name":"The Library","floor":19,"gold_loss":0,"cards_obtained":["Catalyst"]},{"cards_removed":["Strike_G"],"damage_healed":0,"gold_gain":0,"player_choice":"Gave Gold","damage_taken":0,"max_hp_gain":0,"max_hp_loss":0,"event_name":"Beggar","floor":20,"gold_loss":75},{"damage_healed":0,"gold_gain":50,"player_choice":"Stole From Cult","damage_taken":0,"max_hp_gain":0,"max_hp_loss":0,"event_name":"Nest","floor":21,"gold_loss":0},{"cards_removed":["Die Die Die"],"damage_healed":0,"gold_gain":0,"player_choice":"Removed Attack","damage_taken":0,"max_hp_gain":0,"max_hp_loss":0,"event_name":"Falling","floor":36,"gold_loss":0},{"damage_healed":0,"gold_gain":50,"player_choice":"Pray","damage_taken":0,"max_hp_gain":0,"max_hp_loss":0,"event_name":"Golden Shrine","floor":38,"gold_loss":0}],"is_beta":true,"boss_relics":[{"not_picked":["Philosopher\u0027s Stone","Sozu"],"picked":"Velvet Choker"},{"not_picked":["Ring of the Serpent","WristBlade"],"picked":"SacredBark"}],"items_purged_floors":[],"is_endless":false,"potions_floor_spawned":[1,8,11,14,27,31,33,37],"killed_by":"Reptomancer","ascension_level":20}}