{"host":"tf5skwcwe0vlu2md","time":1610983039,"event":{"mods":["BaseMod","Downfall","Highlight Path","Minty Spire (QoL Compilation)","StSLib","The Hierophant"],"gold_per_floor":[99,112,127,138,150,150,176,186,186,36,46,46,57,90,101,201,201,51,71,84,94,79,79,160,179,96,21,21,31,31,52,52,52,52],"floor_reached":32,"playtime":2854,"items_purged":[],"score":273,"play_id":"8d2cc872-ad83-49fd-a2ce-6beb6c7af1bd","local_time":"20210119021719","is_ascension_mode":false,"campfire_choices":[{"data":"hexamod:Sear","floor":1,"key":"SMITH"},{"floor":6,"key":"RECALL"},{"data":"hexamod:RainOfEmbers","floor":9,"key":"SMITH"},{"data":"hexamod:SpectersWail","floor":12,"key":"SMITH"},{"data":"hexamod:SearingWound","floor":18,"key":"SMITH"},{"data":"hexamod:HexaLevel","floor":27,"key":"SMITH"},{"data":"hexamod:BurningTouch","floor":30,"key":"SMITH"}],"circlet_count":0,"master_deck":["hexamod:Strike","hexamod:Strike","hexamod:Strike","hexamod:Strike","hexamod:Defend","hexamod:Defend","hexamod:Defend+1","hexamod:Defend","hexamod:Sear+1","hexamod:Float","hexamod:Hexaguard","hexamod:FirstSeal","hexamod:SpectersWail","hexamod:SpectersWail+1","hexamod:RainOfEmbers+1","hexamod:SearingWound+1","hexamod:BurningTouch","hexamod:PhantomFireball","hexamod:Hexaguard","hexamod:FifthSeal","hexamod:ThirdSeal","hexamod:Again+1","hexamod:HauntingEcho","hexamod:SecondSeal","hexamod:DynamicBlow","hexamod:BurningTouch+1","hexamod:DynamicBlow+1","hexamod:ChargedBarrage+1","hexamod:SixthSeal","hexamod:EmpoweredFlame+1","hexamod:FourthSeal","hexamod:HexaLevel+1","hexamod:EmpoweredFlame"],"relics":["hexamod:SpiritBrand","Pen Nib","Velvet Choker","downfall:HeartBlessingRed","downfall:HeartBlessingBlue","Bottled Tornado","downfall:HeartBlessingGreen"],"acts_visited":["Exordium","TheCity"],"potions_floor_usage":[16,20,31,32],"damage_taken":[{"damage":0,"enemies":"Cultist","floor":2,"turns":3},{"damage":5,"enemies":"2 Louse","floor":3,"turns":3},{"damage":1,"enemies":"Small Slimes","floor":4,"turns":3},{"damage":12,"enemies":"Exordium Wildlife","floor":5,"turns":3},{"damage":0,"enemies":"Large Slime","floor":8,"turns":7},{"damage":0,"enemies":"3 Louse","floor":11,"turns":2},{"damage":2,"enemies":"Red Slaver","floor":13,"turns":2},{"damage":25,"enemies":"Lagavulin","floor":14,"turns":5},{"damage":2,"enemies":"Blue Slaver","floor":15,"turns":3},{"damage":18,"enemies":"downfall:Watcher","floor":16,"turns":5},{"damage":6,"enemies":"Chosen","floor":19,"turns":3},{"damage":10,"enemies":"Spheric Guardian","floor":20,"turns":4},{"damage":24,"enemies":"Centurion and Healer","floor":21,"turns":5},{"damage":0,"enemies":"downfall:FleeingMerchant","floor":22,"turns":4},{"damage":37,"enemies":"Shelled Parasite and Fungi","floor":25,"turns":6},{"damage":10,"enemies":"downfall:FleeingMerchant","floor":26,"turns":4},{"damage":19,"enemies":"Cultist and Chosen","floor":29,"turns":5},{"damage":23,"enemies":"Centurion and Healer","floor":31,"turns":7},{"damage":20,"enemies":"Snake Plant","floor":32,"turns":3}],"seed_played":"-1494353024933276594","potions_obtained":[{"floor":4,"key":"Fire Potion"},{"floor":5,"key":"SneckoOil"},{"floor":8,"key":"Explosive Potion"},{"floor":14,"key":"ColorlessPotion"},{"floor":15,"key":"PowerPotion"},{"floor":20,"key":"DuplicationPotion"},{"floor":23,"key":"CultistPotion"},{"floor":29,"key":"hexamod:DoubleChargePotion"},{"floor":31,"key":"hexamod:EctoCoolerPotion"}],"is_trial":false,"path_per_floor":["R","M","M","M","M","R","T","M","R","?","M","R","M","E","M","B",null,"R","M","M","M","$","?","T","M","$","R","?","M","R","M","M"],"character_chosen":"THE_SPIRIT","items_purchased":["hexamod:EmpoweredFlame"],"campfire_rested":0,"item_purchase_floors":[26],"current_hp_per_floor":[77,77,72,77,72,72,72,77,77,87,87,87,85,67,72,54,87,97,91,88,71,78,78,78,48,45,45,45,26,26,17,0,0,0],"gold":52,"neow_bonus":"TEN_PERCENT_HP_BONUS","is_daily":false,"chose_seed":false,"campfire_upgraded":6,"win_rate":0.0,"timestamp":1610983039,"path_taken":["R","M","M","M","M","R","T","?","R","?","?","R","M","E","M","BOSS","R","M","M","M","$","?","T","M","$","R","?","M","R","M","M"],"items_purchased_type":["Card"],"build_version":"2020-12-13","purchased_purges":0,"victory":false,"max_hp_per_floor":[77,77,77,77,77,77,77,77,77,87,87,87,87,87,87,87,87,97,97,97,97,97,97,97,97,97,97,97,97,97,97,97,97,97],"card_choices":[{"not_picked":["hexamod:Haunt","hexamod:NecessarySacrifice"],"picked":"hexamod:Hexaguard","floor":2},{"not_picked":["hexamod:ThermalTransfer","hexamod:FastForward"],"picked":"hexamod:FirstSeal","floor":3},{"not_picked":["hexamod:SwordOfDarkness","hexamod:GhostLash"],"picked":"hexamod:SpectersWail","floor":4},{"not_picked":["hexamod:DynamicBlow","hexamod:BurningTouch"],"picked":"hexamod:SpectersWail","floor":5},{"not_picked":["hexamod:SwordOfDarkness","hexamod:GhostflameBarrier"],"picked":"hexamod:RainOfEmbers","floor":8},{"not_picked":["hexamod:ChargedBarrage","hexamod:Rewind"],"picked":"hexamod:SearingWound","floor":11},{"not_picked":["hexamod:InspiringFlames","hexamod:GhostShield"],"picked":"hexamod:BurningTouch","floor":13},{"not_picked":["hexamod:SpectersWail","hexamod:NightmareStrike"],"picked":"hexamod:PhantomFireball","floor":14},{"not_picked":["hexamod:FirstSeal","hexamod:HeatMetal"],"picked":"hexamod:Hexaguard","floor":15},{"not_picked":["hexamod:VolcanoVisage","hexamod:EmpoweringStance"],"picked":"hexamod:FifthSeal","floor":16},{"not_picked":["hexamod:FirstSeal","hexamod:SecondSeal"],"picked":"hexamod:ThirdSeal","floor":19},{"not_picked":["hexamod:SwordOfDarkness","hexamod:BacktrackSmack+1"],"picked":"hexamod:Again+1","floor":19},{"not_picked":["hexamod:GhostOfSpireFuture","hexamod:GhostLash"],"picked":"hexamod:HauntingEcho","floor":20},{"not_picked":["hexamod:SpectralAdrenaline","hexamod:CatchUp","hexamod:SwordOfDarkness"],"picked":"SKIP","floor":20},{"not_picked":["hexamod:ThirdSeal","hexamod:FourthSeal"],"picked":"hexamod:SecondSeal","floor":21},{"not_picked":["hexamod:HeatMetal","hexamod:FirstSeal"],"picked":"hexamod:DynamicBlow","floor":21},{"not_picked":["hexamod:Firestarter","hexamod:ShieldOfDarkness"],"picked":"hexamod:BurningTouch","floor":21},{"not_picked":["hexamod:Rewind","hexamod:ThermalTransfer"],"picked":"hexamod:DynamicBlow+1","floor":22},{"not_picked":["hexamod:RetreatToShadows","hexamod:GhostLash"],"picked":"hexamod:ChargedBarrage+1","floor":22},{"not_picked":["hexamod:ThirdSeal","hexamod:FourthSeal"],"picked":"hexamod:SixthSeal","floor":25},{"not_picked":["hexamod:HauntingEcho","hexamod:GhostOfSpireFuture+1"],"picked":"hexamod:EmpoweredFlame","floor":25},{"not_picked":["hexamod:ThirdSeal","hexamod:SecondSeal"],"picked":"hexamod:FourthSeal","floor":26},{"not_picked":["hexamod:Firestarter+1","hexamod:GhostOfSpirePresent"],"picked":"hexamod:HexaLevel","floor":26},{"not_picked":["hexamod:DynamicBlow+1","hexamod:EmpoweredFlame","hexamod:ExtraCrispy"],"picked":"SKIP","floor":29},{"not_picked":["hexamod:NightmareGuise","hexamod:GhostShield","hexamod:Incineration"],"picked":"SKIP","floor":29},{"not_picked":["hexamod:Incineration","hexamod:PhantomCloak+1","hexamod:GhostShield"],"picked":"SKIP","floor":31}],"player_experience":209132,"relics_obtained":[{"floor":14,"key":"Pen Nib"},{"floor":24,"key":"Bottled Tornado"}],"event_choices":[],"is_beta":false,"boss_relics":[{"not_picked":["Snecko Eye","Busted Crown"],"picked":"Velvet Choker"}],"items_purged_floors":[],"is_endless":false,"potions_floor_spawned":[4,5,8,14,15,20,31],"killed_by":"Snake Plant","ascension_level":0}}