{"host":"7l2t4psy44vpcd9q","time":1610973068,"event":{"mods":["AchievementEnabler","BaseMod","DeckTracker","Minty Spire (QoL Compilation)","SuperFastMode"],"gold_per_floor":[17,31,31,31,48,48,48,64,64,81,112,129,141,171,171,245,245,261,26,26,36,52,52,81,99,99,99,99,99,99,99,99,173,173,183,208,208,225,235,235,245,265,292,292,317,317,19,19,19,19,19,19],"floor_reached":51,"language":"KOR","playtime":2823,"items_purged":[],"score":1339,"play_id":"f65f6b56-13a0-471b-bb1c-7ecfc5c0ddd2","local_time":"20210118213108","is_ascension_mode":true,"campfire_choices":[{"data":"Hyperbeam","floor":6.0,"key":"SMITH"},{"data":"Beam Cell","floor":15.0,"key":"SMITH"},{"floor":23.0,"key":"REST"},{"floor":27.0,"key":"REST"},{"floor":29.0,"key":"REST"},{"data":"J.A.X.","floor":32.0,"key":"SMITH"},{"floor":40.0,"key":"REST"},{"floor":44.0,"key":"REST"},{"floor":46.0,"key":"REST"},{"floor":49.0,"key":"REST"}],"circlet_count":0,"master_deck":["AscendersBane","Strike_B","Strike_B","Strike_B","Defend_B","Defend_B","Defend_B","Defend_B","Zap+1","Dualcast","Ball Lightning","Rebound","Hyperbeam+1","Rip and Tear","Coolheaded","Cold Snap","Beam Cell+1","Conserve Battery","Steam Power","Machine Learning","Turbo","Self Repair","Streamline","Reprogram+1","Go for the Eyes","Leap+1","Decay","J.A.X.+1","Echo Form","Barrage","Conserve Battery","Compile Driver","Capacitor","Steam Power+1","Meteor Strike"],"relics":["Cracked Core","Mango","Pantograph","TungstenRod","Happy Flower","Runic Pyramid","Sling","Bronze Scales","Sundial","Toy Ornithopter","Fusion Hammer","Unceasing Top","Vajra","CeramicFish"],"acts_visited":["Exordium","TheCity","TheBeyond"],"potions_floor_usage":[],"damage_taken":[{"damage":2.0,"enemies":"Jaw Worm","floor":1.0,"turns":5.0},{"damage":14.0,"enemies":"Small Slimes","floor":2.0,"turns":3.0},{"damage":0.0,"enemies":"Cultist","floor":5.0,"turns":3.0},{"damage":17.0,"enemies":"Lots of Slimes","floor":8.0,"turns":3.0},{"damage":2.0,"enemies":"Large Slime","floor":10.0,"turns":3.0},{"damage":21.0,"enemies":"Lagavulin","floor":11.0,"turns":5.0},{"damage":0.0,"enemies":"Exordium Wildlife","floor":12.0,"turns":1.0},{"damage":0.0,"enemies":"2 Fungi Beasts","floor":13.0,"turns":2.0},{"damage":2.0,"enemies":"3 Sentries","floor":14.0,"turns":3.0},{"damage":36.0,"enemies":"The Guardian","floor":16.0,"turns":9.0},{"damage":19.0,"enemies":"2 Thieves","floor":18.0,"turns":3.0},{"damage":0.0,"enemies":"Spheric Guardian","floor":21.0,"turns":3.0},{"damage":14.0,"enemies":"Snake Plant","floor":22.0,"turns":3.0},{"damage":32.0,"enemies":"Slavers","floor":24.0,"turns":4.0},{"damage":38.0,"enemies":"Shelled Parasite and Fungi","floor":25.0,"turns":3.0},{"damage":39.0,"enemies":"Champ","floor":33.0,"turns":12.0},{"damage":36.0,"enemies":"3 Darklings","floor":35.0,"turns":4.0},{"damage":1.0,"enemies":"Mind Bloom Boss Battle","floor":36.0,"turns":6.0},{"damage":15.0,"enemies":"3 Shapes","floor":38.0,"turns":6.0},{"damage":58.0,"enemies":"Spire Growth","floor":39.0,"turns":6.0},{"damage":34.0,"enemies":"3 Darklings","floor":41.0,"turns":6.0},{"damage":24.0,"enemies":"Transient","floor":42.0,"turns":6.0},{"damage":29.0,"enemies":"Reptomancer","floor":45.0,"turns":3.0},{"damage":71.0,"enemies":"Time Eater","floor":50.0,"turns":8.0},{"damage":54,"enemies":"Donu and Deca","floor":51,"turns":3}],"seed_played":"2578420504908985311","potions_obtained":[{"floor":5.0,"key":"Regen Potion"},{"floor":10.0,"key":"Fire Potion"},{"floor":12.0,"key":"Weak Potion"},{"floor":21.0,"key":"FearPotion"},{"floor":25.0,"key":"PowerPotion"},{"floor":35.0,"key":"SteroidPotion"},{"floor":36.0,"key":"DuplicationPotion"},{"floor":42.0,"key":"Dexterity Potion"}],"is_trial":false,"path_per_floor":["M","M","?","?","M","R","$","M","T","M","E","M","M","E","R","B",null,"M","$","?","M","M","R","E","M","T","R","?","R","T","?","R","B",null,"M","?","?","M","M","R","M","M","T","R","E","R","$","?","R","B","B"],"character_chosen":"DEFECT","items_purchased":["Self Repair","Sling","Meteor Strike","Strength Potion","GamblersBrew"],"campfire_rested":7,"item_purchase_floors":[19,19,47,47,47],"current_hp_per_floor":[76,62,62,85,85,85,85,68,68,66,57,57,57,55,55,44,75,56,56,56,63,49,74,49,11,11,36,36,61,61,61,61,57,78,54,85,85,77,26,51,29,12,12,37,13,38,38,38,63,26,0,0],"gold":19,"neow_bonus":"ONE_RARE_RELIC","is_daily":false,"chose_seed":false,"campfire_upgraded":3,"win_rate":0.0,"timestamp":1610973068,"path_taken":["M","M","?","?","M","R","$","M","T","M","E","M","?","E","R","BOSS","M","$","?","?","M","R","E","M","T","R","?","R","?","?","R","BOSS","M","?","?","M","M","R","M","?","T","R","E","R","$","?","R","BOSS","BOSS"],"items_purchased_type":["Card","Relic","Card","Potion","Potion"],"build_version":"2020-12-22","purchased_purges":0,"victory":false,"max_hp_per_floor":[85,85,85,85,85,85,85,85,85,85,85,85,85,85,85,85,85,85,85,85,85,85,85,85,85,85,85,85,85,85,85,85,85,85,85,85,85,85,85,85,85,85,85,85,85,85,85,85,85,85,85,85],"card_choices":[{"not_picked":["Conserve Battery","Auto Shields"],"picked":"Ball Lightning","floor":1.0},{"not_picked":["Steam","Leap"],"picked":"Rebound","floor":2.0},{"not_picked":["Genetic Algorithm","Steam"],"picked":"Hyperbeam","floor":5.0},{"not_picked":["Gash","Hologram"],"picked":"Rip and Tear","floor":8.0},{"not_picked":["Blizzard","Storm"],"picked":"Coolheaded","floor":10.0},{"not_picked":["Hologram","Beam Cell"],"picked":"Cold Snap","floor":11.0},{"not_picked":["Streamline","Leap"],"picked":"Beam Cell","floor":12.0},{"not_picked":["Meteor Strike","Go for the Eyes"],"picked":"Conserve Battery","floor":13.0},{"not_picked":["Buffer","Coolheaded"],"picked":"Steam Power","floor":14.0},{"not_picked":["Amplify","Biased Cognition"],"picked":"Machine Learning","floor":16.0},{"not_picked":["Sweeping Beam","Gash"],"picked":"Turbo","floor":18.0},{"not_picked":["Turbo","Hologram"],"picked":"Reprogram+1","floor":21.0},{"not_picked":["Gash","Tempest"],"picked":"Go for the Eyes","floor":22.0},{"not_picked":["Coolheaded","Stack"],"picked":"Leap+1","floor":24.0},{"not_picked":["Barrage","Defragment+1"],"picked":"Hello World","floor":25.0},{"not_picked":["Meteor Strike","Core Surge"],"picked":"Echo Form","floor":33.0},{"not_picked":["Gash+1","Streamline"],"picked":"Barrage","floor":35.0},{"not_picked":["Sunder","Melter+1"],"picked":"Conserve Battery","floor":38.0},{"not_picked":["Rip and Tear","Barrage"],"picked":"Compile Driver","floor":39.0},{"not_picked":["Double Energy","Go for the Eyes"],"picked":"Capacitor","floor":41.0},{"not_picked":["Creative AI","Redo"],"picked":"Steam Power+1","floor":42.0},{"not_picked":["Steam Power+1","Conserve Battery","Undo"],"picked":"SKIP","floor":45.0}],"player_experience":1259379,"relics_obtained":[{"floor":9.0,"key":"Pantograph"},{"floor":11.0,"key":"TungstenRod"},{"floor":14.0,"key":"Happy Flower"},{"floor":24.0,"key":"Bronze Scales"},{"floor":26.0,"key":"Sundial"},{"floor":30.0,"key":"Toy Ornithopter"},{"floor":36.0,"key":"Unceasing Top"},{"floor":43.0,"key":"Vajra"},{"floor":45.0,"key":"CeramicFish"}],"event_choices":[{"damage_healed":0.0,"max_hp_gain":0.0,"max_hp_loss":0.0,"gold_gain":0.0,"event_name":"Living Wall","player_choice":"Grow","floor":3.0,"gold_loss":0.0,"damage_taken":0.0,"cards_upgraded":["Zap"]},{"damage_healed":28.0,"max_hp_gain":0.0,"max_hp_loss":0.0,"gold_gain":0.0,"event_name":"Big Fish","player_choice":"Banana","floor":4.0,"gold_loss":0.0,"damage_taken":0.0},{"damage_healed":0.0,"max_hp_gain":0.0,"max_hp_loss":0.0,"gold_gain":0.0,"cards_transformed":["Strike_B"],"event_name":"Transmorgrifier","player_choice":"Transformed","floor":20.0,"gold_loss":0.0,"damage_taken":0.0,"cards_obtained":["Streamline"]},{"damage_healed":0.0,"max_hp_gain":0.0,"max_hp_loss":0.0,"gold_gain":0.0,"event_name":"Forgotten Altar","player_choice":"Smashed Altar","floor":28.0,"gold_loss":0.0,"damage_taken":0.0,"cards_obtained":["Decay"]},{"damage_healed":0.0,"max_hp_gain":0.0,"max_hp_loss":0.0,"gold_gain":0.0,"event_name":"Drug Dealer","player_choice":"Obtain J.A.X.","floor":31.0,"gold_loss":0.0,"damage_taken":0.0,"cards_obtained":["J.A.X."]},{"damage_healed":0.0,"max_hp_gain":0.0,"max_hp_loss":0.0,"gold_gain":0.0,"event_name":"MindBloom","player_choice":"Fight","floor":36.0,"gold_loss":0.0,"damage_taken":0.0},{"cards_removed":["Hello World"],"damage_healed":0.0,"max_hp_gain":0.0,"max_hp_loss":0.0,"gold_gain":0.0,"event_name":"Bonfire Elementals","player_choice":"Offered Uncommon","floor":37.0,"gold_loss":0.0,"damage_taken":0.0},{"damage_healed":0.0,"max_hp_gain":0.0,"max_hp_loss":0.0,"gold_gain":0.0,"event_name":"Match and Keep!","player_choice":"0 cards matched","floor":48.0,"gold_loss":0.0,"damage_taken":0.0,"cards_obtained":[]}],"is_beta":false,"boss_relics":[{"not_picked":["Velvet Choker","Pandora\u0027s Box"],"picked":"Runic Pyramid"},{"not_picked":["FrozenCore","Calling Bell"],"picked":"Fusion Hammer"}],"items_purged_floors":[],"is_endless":false,"potions_floor_spawned":[5,10,12,13,21,25,35,36,42],"killed_by":"Donu and Deca","ascension_level":20}}