{"host":"49c2zf0lajbcs427","time":1610958171,"event":{"mods":["AchievementEnabler","BaseMod","Colored Map","Colored Powertips","Highlight Path","Key Reminder","Minty Spire (QoL Compilation)","Relic Stats","StSLib"],"gold_per_floor":[115,130,130,140,156,156,169,198,198,210,230,230,230,266,266,397,397,413,512,535,55,80,80,113,131,131,174,194,194,194,215,215,336,336,360,374,707,707,707,707],"floor_reached":39,"language":"ENG","playtime":3056,"items_purged":[],"score":460,"play_id":"ac34c79e-6cfe-4404-b28d-5c5edf1761a8","local_time":"20210118212251","is_ascension_mode":false,"campfire_choices":[{"data":"Hologram","floor":6,"key":"SMITH"},{"floor":15,"key":"REST"},{"data":"Fusion","floor":23,"key":"SMITH"},{"data":"Go for the Eyes","floor":30,"key":"SMITH"},{"data":"Double Energy","floor":32,"key":"SMITH"}],"circlet_count":0,"master_deck":["Zap+1","Dualcast+1","Streamline","Rebound","Hologram+1","Coolheaded","Defragment+1","Hologram","Reboot","Cold Snap","Genetic Algorithm","Meteor Strike","Fusion+1","Reboot","All For One","All For One","Conserve Battery","Darkness","Barrage","Core Surge","Capacitor","Self Repair+1","Redo","Multi-Cast","Go for the Eyes+1","Double Energy+1","Seek","Capacitor","Madness","Madness"],"relics":["Nuclear Battery","Centennial Puzzle","War Paint","Dream Catcher","Pandora\u0027s Box","Meat on the Bone","Potion Belt","The Courier","Shuriken","Kunai","keyreminder:keyreminder","Pocketwatch","Busted Crown"],"acts_visited":["Exordium","TheCity","TheBeyond"],"potions_floor_usage":[8,8,14,28,39,39],"damage_taken":[{"damage":0,"enemies":"Cultist","floor":1,"turns":3},{"damage":0,"enemies":"2 Louse","floor":2,"turns":3},{"damage":0,"enemies":"Small Slimes","floor":4,"turns":2},{"damage":2,"enemies":"Exordium Wildlife","floor":5,"turns":4},{"damage":2,"enemies":"3 Louse","floor":7,"turns":3},{"damage":30,"enemies":"Gremlin Nob","floor":8,"turns":5},{"damage":5,"enemies":"Lots of Slimes","floor":10,"turns":2},{"damage":0,"enemies":"Large Slime","floor":11,"turns":4},{"damage":1,"enemies":"Lagavulin","floor":14,"turns":5},{"damage":8,"enemies":"The Guardian","floor":16,"turns":9},{"damage":10,"enemies":"Spheric Guardian","floor":18,"turns":3},{"damage":5,"enemies":"Shell Parasite","floor":20,"turns":2},{"damage":5,"enemies":"Snecko","floor":22,"turns":4},{"damage":27,"enemies":"Gremlin Leader","floor":24,"turns":6},{"damage":5,"enemies":"3 Cultists","floor":25,"turns":5},{"damage":24,"enemies":"Book of Stabbing","floor":27,"turns":5},{"damage":13,"enemies":"Centurion and Healer","floor":28,"turns":7},{"damage":2,"enemies":"Cultist and Chosen","floor":31,"turns":4},{"damage":60,"enemies":"Collector","floor":33,"turns":7},{"damage":30,"enemies":"3 Shapes","floor":35,"turns":4},{"damage":1,"enemies":"3 Darklings","floor":36,"turns":5},{"damage":56,"enemies":"2 Orb Walkers","floor":39,"turns":3}],"seed_played":"6689786983791899402","potions_obtained":[{"floor":5,"key":"ColorlessPotion"},{"floor":7,"key":"Dexterity Potion"},{"floor":8,"key":"Fruit Juice"},{"floor":10,"key":"AttackPotion"},{"floor":11,"key":"EssenceOfSteel"},{"floor":22,"key":"EssenceOfDarkness"},{"floor":24,"key":"LiquidBronze"},{"floor":27,"key":"Fire Potion"},{"floor":28,"key":"PowerPotion"},{"floor":33,"key":"Dexterity Potion"},{"floor":35,"key":"EssenceOfDarkness"},{"floor":36,"key":"Ancient Potion"}],"is_trial":false,"path_per_floor":["M","M","?","M","M","R","M","E","T","M","M","?","?","E","R","B",null,"M","?","M","$","M","R","E","M","T","E","M","?","R","M","R","B",null,"M","M","?","?","?"],"character_chosen":"DEFECT","items_purchased":["Meat on the Bone","Potion Belt","Capacitor"],"campfire_rested":1,"item_purchase_floors":[21,21,21],"current_hp_per_floor":[75,75,75,75,73,73,71,46,46,41,41,21,21,20,44,36,80,70,70,65,65,60,60,45,62,62,60,57,57,57,65,65,27,80,60,59,59,49,0,0],"gold":707,"neow_bonus":"BOSS_RELIC","is_daily":false,"chose_seed":false,"campfire_upgraded":4,"win_rate":0.0,"timestamp":1610958171,"path_taken":["M","M","?","?","M","R","M","E","T","M","M","?","?","E","R","BOSS","M","?","M","$","M","R","E","M","T","E","M","?","R","?","R","BOSS","M","M","?","?","?"],"items_purchased_type":["Relic","Relic","Card"],"build_version":"2020-12-22","purchased_purges":0,"victory":false,"max_hp_per_floor":[75,75,75,75,75,75,75,80,80,80,80,80,80,80,80,80,80,80,80,80,80,80,80,80,80,80,80,80,80,80,80,80,80,80,80,80,80,80,80,80],"relic_stats":{"Centennial Puzzle":[45],"Dream Catcher":1,"Busted Crown":4,"counters":[22,95],"Shuriken":[14],"Pandora\u0027s Box":["Fusion","Reboot","All For One","All For One","Conserve Battery","Darkness","Barrage","Core Surge"],"Kunai":[13],"War Paint":["Zap","Dualcast"],"obtain_stats":[{"Potion Belt":21,"Golden Idol":12,"The Courier":24,"War Paint":9,"Nuclear Battery":0,"keyreminder:keyreminder":27,"Centennial Puzzle":8,"Dream Catcher":14,"Busted Crown":34,"Shuriken":26,"Pandora\u0027s Box":17,"Kunai":27,"Cracked Core":0,"Meat on the Bone":21,"Pocketwatch":29},{"Potion Belt":12,"Golden Idol":8,"The Courier":14,"War Paint":6,"Nuclear Battery":0,"keyreminder:keyreminder":16,"Centennial Puzzle":6,"Dream Catcher":9,"Busted Crown":19,"Shuriken":15,"Pandora\u0027s Box":10,"Kunai":16,"Cracked Core":0,"Meat on the Bone":12,"Pocketwatch":17},{"Potion Belt":45,"Golden Idol":26,"The Courier":55,"War Paint":20,"Nuclear Battery":0,"keyreminder:keyreminder":65,"Centennial Puzzle":20,"Dream Catcher":31,"Busted Crown":83,"Shuriken":60,"Pandora\u0027s Box":40,"Kunai":65,"Cracked Core":0,"Meat on the Bone":45,"Pocketwatch":72}],"Meat on the Bone":48,"Pocketwatch":[8]},"card_choices":[{"not_picked":["Coolheaded","Tempest"],"picked":"Streamline","floor":1},{"not_picked":["Barrage","Streamline"],"picked":"Rebound","floor":2},{"not_picked":["Rip and Tear","FTL"],"picked":"Hologram","floor":4},{"not_picked":["Chill","Blizzard"],"picked":"Coolheaded","floor":5},{"not_picked":["Melter","Turbo","Sunder"],"picked":"SKIP","floor":7},{"not_picked":["Darkness","Sweeping Beam"],"picked":"Defragment","floor":8},{"not_picked":["Tempest","Rebound"],"picked":"Hologram","floor":10},{"not_picked":["Beam Cell","Self Repair"],"picked":"Reboot","floor":11},{"not_picked":["Steam","Auto Shields"],"picked":"Cold Snap","floor":14},{"not_picked":["Gash","Barrage"],"picked":"Genetic Algorithm","floor":15},{"not_picked":["Reboot","Biased Cognition"],"picked":"Meteor Strike","floor":16},{"not_picked":["Darkness","BootSequence","Rebound"],"picked":"SKIP","floor":18},{"not_picked":["Sunder","Sweeping Beam","Beam Cell"],"picked":"SKIP","floor":20},{"not_picked":["Conserve Battery","Cold Snap","Barrage"],"picked":"SKIP","floor":22},{"not_picked":["Steam","Static Discharge"],"picked":"Self Repair+1","floor":24},{"not_picked":["Coolheaded","Darkness"],"picked":"Redo","floor":25},{"not_picked":["Self Repair","Turbo"],"picked":"Multi-Cast","floor":27},{"not_picked":["Gash","Rip and Tear+1"],"picked":"Go for the Eyes","floor":28},{"not_picked":["Genetic Algorithm","Beam Cell"],"picked":"Double Energy","floor":31},{"not_picked":["Electrodynamics","Fission"],"picked":"Seek","floor":33},{"not_picked":["Hello World+1"],"picked":"SKIP","floor":35},{"not_picked":[],"picked":"Capacitor","floor":36}],"player_experience":2318991,"relics_obtained":[{"floor":8,"key":"Centennial Puzzle"},{"floor":9,"key":"War Paint"},{"floor":14,"key":"Dream Catcher"},{"floor":24,"key":"The Courier"},{"floor":26,"key":"Shuriken"},{"floor":27,"key":"Kunai"}],"event_choices":[{"damage_healed":0,"gold_gain":0,"player_choice":"Ignored","damage_taken":0,"max_hp_gain":0,"max_hp_loss":0,"event_name":"NoteForYourself","floor":3,"gold_loss":0},{"damage_healed":0,"gold_gain":0,"player_choice":"Take Damage","damage_taken":20,"relics_obtained":["Golden Idol"],"max_hp_gain":0,"max_hp_loss":0,"event_name":"Golden Idol","floor":12,"gold_loss":0},{"damage_healed":0,"gold_gain":0,"player_choice":"Grow","damage_taken":0,"max_hp_gain":0,"max_hp_loss":0,"event_name":"Living Wall","floor":13,"gold_loss":0,"cards_upgraded":["Defragment"]},{"damage_healed":0,"gold_gain":99,"player_choice":"Stole From Cult","damage_taken":0,"max_hp_gain":0,"max_hp_loss":0,"event_name":"Nest","floor":19,"gold_loss":0},{"damage_healed":0,"gold_gain":0,"player_choice":"Gave Potion","damage_taken":0,"relics_obtained":["Pocketwatch"],"max_hp_gain":0,"max_hp_loss":0,"event_name":"WeMeetAgain","floor":29,"gold_loss":0},{"damage_healed":0,"gold_gain":333,"player_choice":"Gave Idol","damage_taken":0,"max_hp_gain":0,"max_hp_loss":0,"event_name":"The Moai Head","floor":37,"relics_lost":["Golden Idol"],"gold_loss":0},{"damage_healed":0,"gold_gain":0,"player_choice":"Embrace Madness","damage_taken":10,"max_hp_gain":0,"max_hp_loss":0,"event_name":"Winding Halls","floor":38,"gold_loss":0,"cards_obtained":["Madness","Madness"]},{"damage_healed":0,"gold_gain":0,"player_choice":"Fight","damage_taken":0,"max_hp_gain":0,"max_hp_loss":0,"event_name":"Mysterious Sphere","floor":39,"gold_loss":0}],"is_beta":false,"boss_relics":[{"not_picked":["Empty Cage","Tiny House"],"picked":"Pandora\u0027s Box"},{"not_picked":["Astrolabe","Philosopher\u0027s Stone"],"picked":"Busted Crown"}],"items_purged_floors":[],"is_endless":false,"potions_floor_spawned":[5,7,8,10,11,22,24,27,28,33,35,36],"killed_by":"2 Orb Walkers","ascension_level":0}}