{"host":"hzswyuuwdl03wwzr","time":1610961775,"event":{"mods":["100% Spire Juice","ATMod(∞¢Ë™Mod)","AchievementEnabler","Act Like it!","Arknights The Spire","BaseMod","Gensokyo","Hallownest","Marisa£®ÏF”Í°°ƒß¿Ì…≥£©","Minty Spire (QoL Compilation)","Remilia£®¿Ÿ√◊¿Ú—«£©","Replay The Spire","Robot Space Explorer","StSLib","The Bug Knight","The Dragon Tamer","The Marked","The Servant 0.9.4","Yakumo Yukari mod","Youmu£®ªÍ∆«—˝√Œ£©","°æπ¶ƒ‹Mod°øªÏ„Á÷Æª∑–ﬁ∏¥≤π∂°","°æ“≈ŒÔø®≈∆°øREMEMod"],"gold_per_floor":[115,92,92,106,71,71,90,117,144,154,154,173,173,183,183,287,287,303,353,123,143,58,58,58,58],"floor_reached":24,"language":"ZHS","playtime":861,"items_purged":["Pain"],"score":248,"play_id":"2d4c4093-4cc3-4645-b28d-3bca87f58163","local_time":"20210118172255","is_ascension_mode":false,"campfire_choices":[{"data":"HiganSword","floor":6,"key":"SMITH"},{"data":"CrescentMoonSlash","floor":13,"key":"SMITH"},{"data":"FantasyOfEnteringEnlightenment","floor":15,"key":"SMITH"},{"data":"StrangeHalfBody","floor":23,"key":"SMITH"}],"circlet_count":0,"master_deck":["Strike_YM","Strike_YM","Strike_YM","Strike_YM","Defend_YM","Defend_YM","Defend_YM","Defend_YM","SlashOfPresentWorld","WheelOfPainOfLivingAndDead","SwordExtraction","SanzenSekai","HiganSword+1","PhosphoricSlash","CrescentMoonSlash+1","TwoHundredYojanaInOneSlash","SlashOfMeditation","FantasyOfEnteringEnlightenment+1","FastingOfTheYoungPreta","CurseOfTheBell","FlashingScatteredFlowers+1","StrangeHalfBody+1","AsTheSilentNirvana+1"],"relics":["HalfPhantom","AT_ATBox","REME_ComplimentaryCards","NeowsBlessing","Happy Flower","Oddly Smooth Stone","Gensokyo:LunaticRedEyes","Calling Bell","AT_SpeedBoots","REME_HourglassOfDeath","Wakizashi","REME_CardOfGreed","Incense Burner"],"acts_visited":["Gensokyo:Gensokyo","TheCity"],"potions_floor_usage":[8,16,16],"damage_taken":[{"damage":0,"enemies":"Gensokyo:3_Fairies","floor":1,"turns":2},{"damage":0,"enemies":"Gensokyo:Python","floor":4,"turns":1},{"damage":0,"enemies":"Gensokyo:Gryphon","floor":7,"turns":1},{"damage":12,"enemies":"Gensokyo:Mamizou","floor":8,"turns":9},{"damage":8,"enemies":"Gensokyo:Kitsune","floor":10,"turns":3},{"damage":12,"enemies":"Gensokyo:3_Kodama","floor":12,"turns":3},{"damage":3,"enemies":"Gensokyo:VengefulSpirit","floor":14,"turns":4},{"damage":17,"enemies":"Gensokyo:Yukari","floor":16,"turns":5},{"damage":19,"enemies":"Shell Parasite","floor":18,"turns":4},{"damage":3,"enemies":"2 Thieves","floor":19,"turns":4},{"damage":46,"enemies":"Snecko","floor":21,"turns":8},{"damage":0,"enemies":"Centurion and Healer","floor":24,"turns":1}],"seed_played":"-6044838649913750850","potions_obtained":[{"floor":1,"key":"PowerPotion"},{"floor":4,"key":"SpeedPotion"},{"floor":12,"key":"Death Potion"},{"floor":16,"key":"REME_GoldPotion"},{"floor":18,"key":"Weak Potion"}],"is_trial":false,"path_per_floor":["M","$","?","M","$","R","M","E","T","M","?","M","R","M","R","B",null,"M","M","$","M","?","R","M"],"character_chosen":"YOUMU","items_purchased":["SanzenSekai","HiganSword","REME_CardOfGreed"],"campfire_rested":0,"item_purchase_floors":[2,5,20],"current_hp_per_floor":[75,75,75,75,75,75,75,63,63,55,55,43,43,40,40,23,75,56,53,53,7,7,7,7,7],"gold":58,"neow_bonus":"THREE_ENEMY_KILL","is_daily":false,"chose_seed":false,"campfire_upgraded":4,"win_rate":0.0,"timestamp":1610961775,"path_taken":["M","?","?","M","?","R","?","E","T","M","?","M","R","M","R","BOSS","M","M","$","M","?","R","M"],"items_purchased_type":["Card","Card","Relic"],"build_version":"2020-12-22","purchased_purges":1,"victory":false,"max_hp_per_floor":[75,75,75,75,75,75,75,75,75,75,75,75,75,75,75,75,75,75,75,75,75,75,75,75,75],"card_choices":[{"not_picked":["HiganSword","FlashingScatteredFlowers"],"picked":"SwordExtraction","floor":1},{"not_picked":["PreachingAvici","SpiritCuttingSword","SlashOfDelusionalInnerEye"],"picked":"SKIP","floor":4},{"not_picked":["ConstancyOfTheConventionalTruth","SlashOfDelusionalInnerEye"],"picked":"PhosphoricSlash","floor":7},{"not_picked":["LowerRealmReflectionSlash","SanzenSekai"],"picked":"CrescentMoonSlash","floor":8},{"not_picked":["PhosphoricSlash","CrescentMoonSlash"],"picked":"TwoHundredYojanaInOneSlash","floor":10},{"not_picked":["PretaSword","CrescentMoonSlash"],"picked":"SlashOfMeditation","floor":12},{"not_picked":["ConstancyOfTheConventionalTruth","TwoHundredYojanaInOneSlash"],"picked":"FantasyOfEnteringEnlightenment","floor":14},{"not_picked":["WickedSoul","GreatEnlightenmentAppearingAndDisappearing"],"picked":"FastingOfTheYoungPreta","floor":16},{"not_picked":["LowerRealmReflectionSlash","DispleasureOfTheSevenHakus"],"picked":"FlashingScatteredFlowers+1","floor":18},{"not_picked":["SwordExtraction","SanzenSekai"],"picked":"StrangeHalfBody","floor":19},{"not_picked":["SanzenSekai","CherryBlossomFlashing"],"picked":"AsTheSilentNirvana+1","floor":21}],"player_experience":31072,"relics_obtained":[{"floor":8,"key":"Happy Flower"},{"floor":9,"key":"Oddly Smooth Stone"},{"floor":17,"key":"AT_SpeedBoots"},{"floor":17,"key":"REME_HourglassOfDeath"},{"floor":17,"key":"Wakizashi"}],"event_choices":[{"damage_healed":0,"gold_gain":0,"player_choice":"Obtained Relic","damage_taken":0,"relics_obtained":["Incense Burner"],"max_hp_gain":0,"max_hp_loss":0,"event_name":"Addict","floor":22,"gold_loss":85}],"is_beta":false,"boss_relics":[{"not_picked":["Snecko Eye","Cursed Key"],"picked":"Calling Bell"}],"items_purged_floors":[20],"is_endless":false,"potions_floor_spawned":[1,4,12,16,18],"killed_by":"Centurion and Healer","ascension_level":0}}