{"host":"1q02rw1wpi0nrsss","time":1610984919,"event":{"mods":["AchievementEnabler","BaseMod","Better Note","Custom Start","Dark Map","DeckTracker","Disable Question Mark Monsters","Minty Spire (QoL Compilation)","Permanent Neow","Quick Restart","Rare Cards Sparkle","Relic Stats","StSLib"],"gold_per_floor":[214,20,33,33,53,86,86,86,109,139,159,172,172,191,191,191,191],"floor_reached":16,"language":"ENG","playtime":460,"items_purged":[],"score":166,"play_id":"7b75ef5d-7e2d-4093-a1ff-fecb40fbd475","local_time":"20210118074839","is_ascension_mode":true,"campfire_choices":[{"data":"Intimidate","floor":8,"key":"SMITH"},{"data":"Flame Barrier","floor":13,"key":"SMITH"},{"data":"Whirlwind","floor":15,"key":"SMITH"}],"circlet_count":0,"master_deck":["AscendersBane","Strike_R","Strike_R","Strike_R","Strike_R","Strike_R","Defend_R","Defend_R","Defend_R","Defend_R","Bash","Flame Barrier+1","Pommel Strike","Seeing Red+1","Intimidate+1","Thunderclap","Twin Strike","Whirlwind+1"],"relics":["Burning Blood","PreservedInsect","Vajra","Omamori"],"acts_visited":["Exordium"],"potions_floor_usage":[6,7,16],"damage_taken":[{"damage":1,"enemies":"2 Louse","floor":1,"turns":2},{"damage":11,"enemies":"Small Slimes","floor":3,"turns":4},{"damage":2,"enemies":"Jaw Worm","floor":5,"turns":3},{"damage":26,"enemies":"Gremlin Nob","floor":6,"turns":5},{"damage":0,"enemies":"Exordium Thugs","floor":7,"turns":2},{"damage":6,"enemies":"Looter","floor":11,"turns":4},{"damage":7,"enemies":"Lots of Slimes","floor":12,"turns":3},{"damage":6,"enemies":"Blue Slaver","floor":14,"turns":4},{"damage":62,"enemies":"Hexaghost","floor":16,"turns":9}],"seed_played":"-2860870474368432985","potions_obtained":[{"floor":1,"key":"Weak Potion"},{"floor":6,"key":"SmokeBomb"},{"floor":12,"key":"SteroidPotion"}],"is_trial":false,"path_per_floor":["M","$","M","?","M","E","M","R","T","?","M","M","R","M","R","B"],"character_chosen":"IRONCLAD","items_purchased":["PreservedInsect","Pommel Strike"],"campfire_rested":0,"item_purchase_floors":[2,2],"current_hp_per_floor":[77,77,72,72,76,56,62,62,62,62,62,61,61,61,61,0,0],"gold":191,"neow_bonus":"HUNDRED_GOLD","is_daily":false,"chose_seed":false,"campfire_upgraded":3,"win_rate":0.0,"timestamp":1610984919,"path_taken":["M","$","M","?","M","E","M","R","T","?","M","M","R","M","R","BOSS"],"items_purchased_type":["Relic","Card"],"build_version":"2020-12-22","purchased_purges":0,"victory":false,"max_hp_per_floor":[80,80,80,80,80,80,80,80,80,80,80,80,80,80,80,80,80],"relic_stats":{"counters":[9,36],"PreservedInsect":28,"obtain_stats":[{"Vajra":6,"PreservedInsect":2,"Omamori":9,"Burning Blood":0},{"Vajra":4,"PreservedInsect":1,"Omamori":5,"Burning Blood":0},{"Vajra":14,"PreservedInsect":2,"Omamori":16,"Burning Blood":0}],"Burning Blood":48},"card_choices":[{"not_picked":["Clothesline","Armaments"],"picked":"Flame Barrier","floor":1},{"not_picked":["Perfected Strike","Clash"],"picked":"Seeing Red","floor":3},{"not_picked":["Pommel Strike","Heavy Blade"],"picked":"Intimidate","floor":5},{"not_picked":["Infernal Blade","Brutality"],"picked":"Thunderclap","floor":6},{"not_picked":["Power Through","Pummel"],"picked":"Twin Strike","floor":11},{"not_picked":["Burning Pact","Havoc","Perfected Strike"],"picked":"SKIP","floor":12},{"not_picked":["Headbutt","Searing Blow"],"picked":"Whirlwind","floor":14}],"player_experience":418384,"relics_obtained":[{"floor":6,"key":"Vajra"},{"floor":9,"key":"Omamori"}],"event_choices":[{"damage_healed":0,"gold_gain":0,"player_choice":"Grow","damage_taken":0,"max_hp_gain":0,"max_hp_loss":0,"event_name":"Living Wall","floor":4,"gold_loss":0,"cards_upgraded":["Seeing Red"]},{"damage_healed":0,"gold_gain":30,"player_choice":"Searched \u00271\u0027 times","damage_taken":0,"max_hp_gain":0,"max_hp_loss":0,"event_name":"Dead Adventurer","floor":10,"gold_loss":0}],"is_beta":false,"boss_relics":[],"items_purged_floors":[],"is_endless":false,"potions_floor_spawned":[1,6,7,12],"killed_by":"Hexaghost","ascension_level":12}}