{"host":"9kesdg97wkrx2bva","time":1610936423,"event":{"mods":["AchievementEnabler","BaseMod","Colored Map","GifTheSpireLib","Infinite Spire","Minty Spire (QoL Compilation)","Replay The Spire","StSLib"],"gold_per_floor":[119,136,192,117,117,117,145,164,210,224,242,142,142,160,160,238,238,252,19,33,7,7,7,27,36,63,63,63,63,83,92,92,92,92],"floor_reached":33,"language":"ENG","playtime":723,"items_purged":["Strike_B","Strike_B","Strike_B"],"score":453,"play_id":"ec2abd24-d4e8-4fad-bc84-80d6c901b050","local_time":"20210117202023","is_ascension_mode":true,"campfire_choices":[{"data":"Zap","floor":6,"key":"SMITH"},{"data":"White Noise","floor":13,"key":"SMITH"},{"data":"Sunder","floor":15,"key":"SMITH"},{"floor":23,"key":"REST"},{"floor":29,"key":"REST"},{"floor":32,"key":"REST"}],"circlet_count":0,"master_deck":["AscendersBane","Defend_B","Defend_B","Defend_B","Zap+1","Dualcast","Sunder+1","Reboot","Streamline","Rebound","Beam Cell","Panic Button","White Noise+1","Static Discharge","Ball Lightning","Echo Form","Panacea","ReplayTheSpireMod:Calculation Training","Leap","Gash+1","infinitespire:Oblivion","ReplayTheSpireMod:Black Plague"],"relics":["Cracked Core","Omamori","ReplayTheSpireMod:Lightbulb","ChewingGum","CeramicFish","Ancient Tea Set","MutagenicStrength"],"acts_visited":["Exordium","TheCity"],"potions_floor_usage":[7,16,16,16,18,24,30,33],"damage_taken":[{"damage":0,"enemies":"2 Louse","floor":1,"turns":1},{"damage":8,"enemies":"Small Slimes","floor":2,"turns":2},{"damage":12,"enemies":"Gremlin Nob","floor":7,"turns":3},{"damage":2,"enemies":"Jaw Worm","floor":8,"turns":2},{"damage":3,"enemies":"Blue Slaver","floor":10,"turns":2},{"damage":10,"enemies":"3 Louse","floor":11,"turns":2},{"damage":6,"enemies":"Looter","floor":14,"turns":2},{"damage":13,"enemies":"Hexaghost","floor":16,"turns":7},{"damage":39,"enemies":"Shell Parasite","floor":18,"turns":4},{"damage":1,"enemies":"Spheric Guardian","floor":20,"turns":3},{"damage":22,"enemies":"Cultist and Chosen","floor":24,"turns":5},{"damage":23,"enemies":"Centurion and Healer","floor":30,"turns":3},{"damage":26,"enemies":"Collector","floor":33,"turns":5}],"seed_played":"5652894499629138869","potions_obtained":[{"floor":2,"key":"PowerPotion"},{"floor":3,"key":"SteroidPotion"},{"floor":3,"key":"EntropicBrew"},{"floor":10,"key":"Flashbang"},{"floor":16,"key":"AttackPotion"},{"floor":20,"key":"SkillPotion"},{"floor":24,"key":"FocusPotion"},{"floor":28,"key":"infinitespire:BlackPotion"}],"is_trial":false,"path_per_floor":["M","M","?","$","?","R","E","M","T","M","M","$","R","M","R","B",null,"M","$","M","$","?","R","M","AVR","T","?","?","R","M","?","R","B"],"character_chosen":"DEFECT","items_purchased":["Panacea","Leap"],"campfire_rested":3,"item_purchase_floors":[19,21],"current_hp_per_floor":[64,56,35,35,56,56,44,42,42,39,29,29,29,23,23,10,51,12,12,11,11,11,30,8,8,8,8,8,27,4,4,23,0,0],"gold":92,"neow_bonus":"TRANSFORM_TWO_CARDS","is_daily":false,"chose_seed":false,"campfire_upgraded":3,"win_rate":0.0,"timestamp":1610936423,"path_taken":["M","M","?","$","?","R","E","M","T","M","M","$","R","M","R","BOSS","M","$","M","$","?","R","M","AVR","T","?","?","R","?","?","R","BOSS"],"items_purchased_type":["Card","Card"],"build_version":"2020-12-22","purchased_purges":3,"victory":false,"max_hp_per_floor":[64,64,64,64,64,64,64,64,64,64,64,64,64,64,64,64,64,64,64,64,64,64,64,64,64,64,64,64,64,64,64,64,64,64],"card_choices":[{"not_picked":["Blizzard","ReplayTheSpireMod:GoodbyeWorld"],"picked":"Streamline","floor":1},{"not_picked":["Compile Driver","Hologram","Steam"],"picked":"SKIP","floor":2},{"not_picked":["Redo","Turbo"],"picked":"Rebound","floor":3},{"not_picked":["Cold Snap","Barrage"],"picked":"Beam Cell","floor":7},{"not_picked":["Recycle","Consume"],"picked":"Panic Button","floor":8},{"not_picked":["Hologram","Rebound"],"picked":"White Noise","floor":10},{"not_picked":["Hologram","Stack"],"picked":"Static Discharge","floor":11},{"not_picked":["ReplayTheSpireMod:GoodbyeWorld","Stack"],"picked":"Ball Lightning","floor":14},{"not_picked":["Core Surge","Buffer"],"picked":"Echo Form","floor":16},{"not_picked":["Redo","Hologram","Steam"],"picked":"SKIP","floor":18},{"not_picked":["Sweeping Beam","Streamline"],"picked":"ReplayTheSpireMod:Calculation Training","floor":20},{"not_picked":["Force Field","Conserve Battery"],"picked":"Gash+1","floor":24},{"not_picked":["Turbo","BasicCrystalCard","Rebound"],"picked":"SKIP","floor":30},{"not_picked":["infinitespire:SealOfDarkness+","ReplayTheSpireMod:Echoes of Time"],"picked":"ReplayTheSpireMod:Black Plague","floor":31}],"player_experience":938598,"relics_obtained":[{"floor":7,"key":"Omamori"},{"floor":9,"key":"ReplayTheSpireMod:Lightbulb"},{"floor":26,"key":"Ancient Tea Set"}],"event_choices":[{"damage_healed":21,"gold_gain":0,"player_choice":"Banana","damage_taken":0,"max_hp_gain":0,"max_hp_loss":0,"event_name":"Big Fish","floor":5,"gold_loss":0},{"damage_healed":0,"gold_gain":0,"player_choice":"Ignored","damage_taken":0,"max_hp_gain":0,"max_hp_loss":0,"event_name":"Vampires","floor":22,"gold_loss":0},{"damage_healed":0,"gold_gain":0,"player_choice":"Inject Mutagens","damage_taken":0,"relics_obtained":["MutagenicStrength"],"max_hp_gain":0,"max_hp_loss":0,"event_name":"Drug Dealer","floor":27,"gold_loss":0},{"damage_healed":0,"gold_gain":0,"player_choice":"Got Potions","damage_taken":0,"max_hp_gain":0,"max_hp_loss":0,"event_name":"Lab","floor":28,"gold_loss":0}],"is_beta":false,"boss_relics":[{"not_picked":["Ring of Chaos","Pandora\u0027s Box"],"picked":"ChewingGum"}],"items_purged_floors":[4,12,19],"is_endless":false,"potions_floor_spawned":[2,10,11,16,20,24],"killed_by":"Collector","ascension_level":17}}