{"host":"u9xtr94typ21duox","time":1610976338,"event":{"mods":["BaseMod","Key Reminder","KinomotoSakuraMod(木之本樱)","LagranYue(拉格朗・月)","Marisa（F雨　魔理沙）","Minty Spire (QoL Compilation)","Reimu（博丽灵梦）","Remilia（蕾米莉亚）","Replay The Spire","StSLib","Td1madao Mod","The Administrix","The Bladedancer","The Bug Knight","The Construct","The Cursed","The Gatherer","The Runesmith","The Servant 0.9.4","WarShipGirlsR/战舰少女R mod","Youmu（魂魄妖梦）","vexMod"],"gold_per_floor":[18,18,39,60,37,70,91,91,91,134,134,149,149,168,168,292,392,361,361,361],"floor_reached":19,"language":"ZHS","playtime":927,"items_purged":[],"score":215,"play_id":"22760b93-2ca7-4612-920e-6ca7e78e0b79","local_time":"20210118212538","is_ascension_mode":true,"campfire_choices":[{"floor":8,"key":"REST"},{"data":"Strike_G","floor":15,"key":"PURGE"}],"circlet_count":0,"master_deck":["Strike_G","Strike_G","Strike_G","Defend_G","Defend_G","Defend_G","Defend_G","Survivor","Neutralize","Hidden Blade","Footwork+1","Dodge and Roll","Cloak And Dagger+1","Cloak And Dagger","Deflect","Dodge and Roll","Infinite Blades","Cloak And Dagger"],"relics":["Ring of the Snake","LagranYue:RandomDrawCardRelic","Golden Idol","Bottled Lightning","Eternal Feather","Replay:Multitool","Replay:Wanted Poster"],"acts_visited":["Exordium","TheCity"],"potions_floor_usage":[6,10,12,16,18],"damage_taken":[{"damage":0,"enemies":"Small Slimes","floor":1,"turns":4},{"damage":0,"enemies":"Jaw Worm","floor":3,"turns":6},{"damage":0,"enemies":"Cultist","floor":4,"turns":4},{"damage":46,"enemies":"Gremlin Nob","floor":6,"turns":7},{"damage":0,"enemies":"Blue Slaver","floor":7,"turns":6},{"damage":2,"enemies":"3 Sentries","floor":10,"turns":12},{"damage":0,"enemies":"Looter","floor":12,"turns":5},{"damage":0,"enemies":"Lots of Slimes","floor":14,"turns":8},{"damage":33,"enemies":"The Guardian","floor":16,"turns":21},{"damage":10,"enemies":"2 Thieves","floor":18,"turns":5},{"damage":0,"enemies":"Snecko","floor":19,"turns":2}],"seed_played":"4812399663657062635","potions_obtained":[{"floor":1,"key":"Ancient Potion"},{"floor":7,"key":"Fire Potion"},{"floor":10,"key":"Adrenaline Potion"},{"floor":12,"key":"AttackPotion"},{"floor":14,"key":"Swift Potion"},{"floor":16,"key":"SteroidPotion"}],"is_trial":false,"path_per_floor":["M","?","M","M","$","E","M","R","T","E","R","M","R","M","R","B",null,"M","M"],"character_chosen":"THE_SILENT","items_purchased":["Cloak And Dagger"],"campfire_rested":1,"item_purchase_floors":[5],"current_hp_per_floor":[70,53,53,53,53,7,7,28,28,26,56,56,70,70,70,37,70,60,60,60],"gold":361,"neow_bonus":"REMOVE_TWO","is_daily":false,"chose_seed":false,"campfire_upgraded":0,"win_rate":0.0,"timestamp":1610976338,"path_taken":["M","?","M","M","$","E","M","R","T","E","R","M","R","M","R","BOSS","M","M"],"items_purchased_type":["Card"],"build_version":"2020-12-22","purchased_purges":0,"victory":false,"max_hp_per_floor":[70,70,70,70,70,70,70,70,70,70,70,70,70,70,70,70,70,70,70,70],"card_choices":[{"not_picked":["Skewer","Acrobatics"],"picked":"Hidden Blade","floor":1},{"not_picked":["Outmaneuver","Well Laid Plans"],"picked":"Footwork","floor":3},{"not_picked":["Deflect","Flechettes"],"picked":"Dodge and Roll","floor":4},{"not_picked":["Dash","ReplayTheSpireMod:Scrap Shanks"],"picked":"Cloak And Dagger","floor":6},{"not_picked":["Backflip","Well Laid Plans"],"picked":"Deflect","floor":7},{"not_picked":["Expertise","Riddle With Holes","Underhanded Strike"],"picked":"SKIP","floor":10},{"not_picked":["Sucker Punch","Skewer"],"picked":"Dodge and Roll","floor":12},{"not_picked":["Underhanded Strike","Eviscerate"],"picked":"Infinite Blades","floor":14},{"not_picked":["Blur+1","Outmaneuver"],"picked":"Cloak And Dagger","floor":18}],"player_experience":312339,"relics_obtained":[{"floor":6,"key":"Bottled Lightning"},{"floor":9,"key":"Eternal Feather"},{"floor":10,"key":"Replay:Multitool"}],"event_choices":[{"damage_healed":0,"gold_gain":0,"player_choice":"Take Damage","damage_taken":17,"relics_obtained":["Golden Idol"],"max_hp_gain":0,"max_hp_loss":0,"event_name":"Golden Idol","floor":2,"gold_loss":0}],"is_beta":false,"boss_relics":[{"not_picked":["SlaversCollar","Runic Pyramid"],"picked":"Replay:Wanted Poster"}],"items_purged_floors":[],"is_endless":false,"potions_floor_spawned":[1,7,10,12,14,16],"killed_by":"Snecko","ascension_level":4}}