{"host":"2zc57igszyqgae0y","time":1610958926,"event":{"mods":["ATMod(°¢èªMod)","Act Like it!","Aspiration","BaseMod","CapriCore","Chen","Gensokyo","GifTheSpireLib","Koishi","KomeijiMod","Luminous","Marisa£¨ìFÓê¡¡Ä§ÀíÉ³£©","Minty Spire (QoL Compilation)","Quick Restart","Rare Cards Sparkle","Reimu£¨²©ÀöÁéÃÎ£©","Remilia£¨ÀÙÃ×ÀòÑÇ£©","Replay The Spire","RumiaBox-Â¶Ã×æ«µÄÉñÃØºÐ×Ó","SIMod","Shop Mod","StSLib","The Administrix","The Immortal","The Servant 0.9.4","Yakumo Yukari mod","Youmu£¨»êÆÇÑýÃÎ£©","Yuyuko","[GremlinLeader]The Maniac","[IsaacMod]ÒÔÈö¼âËþ","vexMod"],"gold_per_floor":[110,129,54,69,87,114,114,142,224,257,157,215,245,257,257,333,333,348,348,263,275,307,335,335,335,335],"floor_reached":25,"language":"ZHS","playtime":1260,"items_purged":["Defend_B","Strike_B"],"score":638,"play_id":"e74505df-0c1b-4291-9645-f26d82e780ff","local_time":"20210118163526","daily_mods":["Heirloom","DeadlyEvents","Elite Swarm"],"is_ascension_mode":true,"campfire_choices":[{"floor":7.0,"key":"REST"},{"floor":15.0,"key":"REST"},{"floor":24.0,"key":"REST"}],"circlet_count":0,"master_deck":["AscendersBane","Strike_B+1","Strike_B+1","Strike_B+1","Defend_B+1","Defend_B+1","Defend_B+1","Zap","Dualcast","DoctorFetus","AT_FamilyPortrait","BasicCrystalCard","BootSequence","Echo Form","Electrodynamics","AT_WaterDrop","Turbo","Capacitor","Reboot"],"relics":["Cracked Core","HushsDoor","AT_ATBox","SecretRecord","UnicornStump","aspiration:StickyExplosives_weak","vexMod:BarristanHead","LastBattle","aspiration:DSix","Question Card","Mango","vexMod:BigBerry","vexMod:MemoryStick","Orichalcum","Bottled Tornado"],"acts_visited":["Exordium","TheCity"],"potions_floor_usage":[],"damage_taken":[{"damage":15.0,"enemies":"Small Slimes","floor":1.0,"turns":3.0},{"damage":0.0,"enemies":"2 Louse","floor":2.0,"turns":3.0},{"damage":0.0,"enemies":"Cultist","floor":4.0,"turns":2.0},{"damage":2.0,"enemies":"2 Fungi Beasts","floor":5.0,"turns":3.0},{"damage":31.0,"enemies":"Gremlin Nob","floor":6.0,"turns":6.0},{"damage":0.0,"enemies":"Lagavulin","floor":8.0,"turns":5.0},{"damage":8.0,"enemies":"Replay:BlueRogue","floor":10.0,"turns":5.0},{"damage":17.0,"enemies":"3 Sentries","floor":12.0,"turns":5.0},{"damage":2.0,"enemies":"Gremlin Nob","floor":13.0,"turns":5.0},{"damage":10.0,"enemies":"Large Slime","floor":14.0,"turns":4.0},{"damage":19.0,"enemies":"Slime Boss","floor":16.0,"turns":7.0},{"damage":40.0,"enemies":"Shell Parasite","floor":18.0,"turns":7.0},{"damage":10.0,"enemies":"Spheric Guardian","floor":21.0,"turns":5.0},{"damage":20.0,"enemies":"Gremlin Leader","floor":22.0,"turns":6.0},{"damage":7.0,"enemies":"Replay:Snechameleon","floor":23.0,"turns":6.0},{"damage":58,"enemies":"Book of Stabbing","floor":25,"turns":5}],"seed_played":"7193778548714130281","potions_obtained":[{"floor":2.0,"key":"Elixir"},{"floor":12.0,"key":"SneckoOil"},{"floor":13.0,"key":"Venom Potion"},{"floor":14.0,"key":"Block Potion"},{"floor":16.0,"key":"LiquidBronze"},{"floor":21.0,"key":"SkillPotion"}],"is_trial":true,"path_per_floor":["M","M","$","M","M","E","R","E","T","E","$","?","E","M","R","B",null,"M","?","?","M","E","E","R","E"],"character_chosen":"DEFECT","items_purchased":[],"campfire_rested":3,"item_purchase_floors":[],"current_hp_per_floor":[49,49,49,49,47,16,37,37,37,29,29,12,24,14,39,20,99,59,59,59,49,29,22,56,0,0],"gold":335,"neow_bonus":"","is_daily":false,"chose_seed":false,"campfire_upgraded":0,"win_rate":0.0,"timestamp":1610958926,"path_taken":["M","M","$","M","M","E","R","E","T","E","$","?","E","M","R","BOSS","M","?","?","?","?","E","R","E"],"items_purchased_type":[],"build_version":"2020-12-22","purchased_purges":2,"victory":false,"max_hp_per_floor":[71,71,71,71,71,71,71,71,71,71,71,71,85,85,85,85,115,115,115,115,115,115,115,115,115,115],"card_choices":[{"not_picked":[],"picked":"DoctorFetus","floor":0.0},{"not_picked":["Rebound","Beam Cell"],"picked":"BasicCrystalCard","floor":1.0},{"not_picked":["Redo","FIFO Queue"],"picked":"BootSequence","floor":2.0},{"not_picked":["ReplayTheSpireMod:GoodbyeWorld","Coolheaded"],"picked":"Echo Form","floor":4.0},{"not_picked":["Chaos","Steam","Gash"],"picked":"SKIP","floor":5.0},{"not_picked":["Multi-Cast","Fission"],"picked":"Electrodynamics","floor":6.0},{"not_picked":["Biased Cognition","Mirror Shield","Echo Form"],"picked":"SKIP","floor":8.0},{"not_picked":["ReplayTheSpireMod:Omega Cannon","All For One"],"picked":"AT_WaterDrop","floor":10.0},{"not_picked":["ReplayTheSpireMod:Reroute Power","Skim"],"picked":"Turbo","floor":12.0},{"not_picked":["Hyperbeam","Rainbow","AT_WaterDrop","ReplayRNGCard"],"picked":"SKIP","floor":13.0},{"not_picked":["Ball Lightning","Panic Button","Recycle","Hologram"],"picked":"SKIP","floor":14.0},{"not_picked":["Barrage+1","Auto Shields","Turbo"],"picked":"Capacitor","floor":18.0},{"not_picked":["Ball Lightning","Rebound+1","Steam","AT_HeatAcrobatics"],"picked":"SKIP","floor":21.0},{"not_picked":["Meteor Strike","Machine Learning","ElectricPowerLearning"],"picked":"Reboot","floor":22.0},{"not_picked":["Mirror Shield","AT_WaterDrop","Buffer","Reboot"],"picked":"SKIP","floor":23.0}],"player_experience":386480,"relics_obtained":[{"floor":6.0,"key":"aspiration:StickyExplosives_weak"},{"floor":8.0,"key":"vexMod:BarristanHead"},{"floor":9.0,"key":"LastBattle"},{"floor":10.0,"key":"aspiration:DSix"},{"floor":12.0,"key":"Question Card"},{"floor":13.0,"key":"Mango"},{"floor":22.0,"key":"Orichalcum"},{"floor":23.0,"key":"Bottled Tornado"}],"event_choices":[{"damage_healed":0.0,"max_hp_gain":0.0,"max_hp_loss":0.0,"gold_gain":0.0,"event_name":"Dead Adventurer","player_choice":"Searched \u00271\u0027 times","floor":12.0,"gold_loss":0.0,"damage_taken":0.0},{"damage_healed":0.0,"max_hp_gain":0.0,"max_hp_loss":0.0,"gold_gain":0.0,"event_name":"Back to Basics","player_choice":"Simplicity","floor":19.0,"gold_loss":0.0,"damage_taken":0.0,"cards_upgraded":["Strike_B","Strike_B","Strike_B","Defend_B","Defend_B","Defend_B"]},{"damage_healed":0.0,"max_hp_gain":0.0,"max_hp_loss":0.0,"gold_gain":0.0,"event_name":"Addict","player_choice":"Obtained Relic","floor":20.0,"gold_loss":85.0,"damage_taken":0.0,"relics_obtained":["vexMod:MemoryStick"]}],"is_beta":false,"boss_relics":[{"not_picked":["Velvet Choker","RedLine:ReiMu"],"picked":"vexMod:BigBerry"},{"not_picked":[]}],"items_purged_floors":[3,11],"is_endless":true,"potions_floor_spawned":[2,12,13,14,16,21],"killed_by":"Book of Stabbing","ascension_level":20}}