{"host":"ss2ocoam53r2lno0","time":1610980805,"event":{"mods":["Act Like it!","BaseMod","ChefMod","Clockwork Mod","Colored Powertips","Curses Come First","Displayed Cursed Tome","Downfall","Evolution","Googly Eyes","Hallownest","Highlight Path","Minty Spire (QoL Compilation)","Poor People Problems","Rare Cards Sparkle","Robot Space Explorer","Shade Mod","Shop Mod","Spicy Shops","StSLib","The Marked"],"gold_per_floor":[212,231,231,6,17,17,34,34,57,74,74,84,101,112,112,213,263,248,248,22,41,57,57,157,167,239,251,262,272,283,283,283,386,386,405,455,333,333,349,374,374,75,156,156,176,176,176,66,66,66],"floor_reached":51,"language":"ENG","playtime":4286,"items_purged":["Clockwork:ChargingBlade","Clockwork:ChargingBlade+1"],"score":1110,"play_id":"8f206978-ef0b-4a96-abd2-5694e963f9f4","local_time":"20210118154005","is_ascension_mode":true,"campfire_choices":[{"data":"Clockwork:Shield","floor":6.0,"key":"SMITH"},{"floor":11.0,"key":"REST"},{"data":"Clockwork:Tinker","floor":15.0,"key":"SMITH"},{"floor":23.0,"key":"REST"},{"data":"Clockwork:Clone","floor":32.0,"key":"SMITH"},{"floor":44.0,"key":"DIG"},{"floor":46.0,"key":"DIG"},{"floor":49.0,"key":"DIG"}],"circlet_count":0,"master_deck":["AscendersBane","Clockwork:ChargingBlade+1","Clockwork:Shield+1","Clockwork:Tinker+1","Clockwork:WarmUp+1","Clockwork:RevUp+1","Clockwork:Clone+1","Clockwork:Tinker+1"],"relics":["Clockwork:MomentumEngine","EVO:Axolotl","Akabeko","Membership Card","Whetstone","Guardian:PocketSentry","Tiny House","Strange Spoon","Torii","Frozen Egg 2","sneckomod:SneckoTalon","Calipers","DollysMirror","Centennial Puzzle","Shovel","Juzu Bracelet","TheAbacus","Bottled Tornado","Prayer Wheel","Bottled Lightning","Gremlin Horn","Guardian:BottledAnomaly","Orichalcum","Art of War"],"acts_visited":["Exordium","TheCity","TheBeyond"],"potions_floor_usage":[50],"damage_taken":[{"damage":15.0,"enemies":"Small Slimes","floor":1.0,"turns":7.0},{"damage":0.0,"enemies":"Jaw Worm","floor":2.0,"turns":8.0},{"damage":8.0,"enemies":"Cultist","floor":5.0,"turns":6.0},{"damage":11.0,"enemies":"2 Fungi Beasts","floor":7.0,"turns":4.0},{"damage":7.0,"enemies":"Exordium Thugs","floor":10.0,"turns":6.0},{"damage":0.0,"enemies":"Large Slime","floor":12.0,"turns":5.0},{"damage":4.0,"enemies":"Lots of Slimes","floor":13.0,"turns":5.0},{"damage":0.0,"enemies":"Blue Slaver","floor":14.0,"turns":4.0},{"damage":16.0,"enemies":"Hexaghost","floor":16.0,"turns":6.0},{"damage":9.0,"enemies":"2 Thieves","floor":18.0,"turns":4.0},{"damage":0.0,"enemies":"Shell Parasite","floor":21.0,"turns":5.0},{"damage":0.0,"enemies":"Chosen and Byrds","floor":22.0,"turns":5.0},{"damage":1.0,"enemies":"Shelled Parasite and Fungi","floor":25.0,"turns":6.0},{"damage":1.0,"enemies":"Snecko","floor":27.0,"turns":6.0},{"damage":0.0,"enemies":"Sentry and Sphere","floor":28.0,"turns":6.0},{"damage":0.0,"enemies":"Centurion and Healer","floor":29.0,"turns":5.0},{"damage":0.0,"enemies":"3 Cultists","floor":30.0,"turns":5.0},{"damage":36.0,"enemies":"Automaton","floor":33.0,"turns":9.0},{"damage":0.0,"enemies":"3 Shapes","floor":35.0,"turns":4.0},{"damage":0.0,"enemies":"Mind Bloom Boss Battle","floor":36.0,"turns":5.0},{"damage":20.0,"enemies":"3 Darklings","floor":39.0,"turns":8.0},{"damage":26.0,"enemies":"Reptomancer","floor":40.0,"turns":4.0},{"damage":0.0,"enemies":"Jaw Worm Horde","floor":45.0,"turns":7.0},{"damage":24,"enemies":"Donu and Deca","floor":50,"turns":7}],"seed_played":"-2377564413276972977","potions_obtained":[{"floor":10.0,"key":"FearPotion"},{"floor":12.0,"key":"PowerPotion"},{"floor":16.0,"key":"Explosive Potion"},{"floor":17.0,"key":"bronze:BurnAndBuffPotion"},{"floor":18.0,"key":"LiquidBronze"},{"floor":25.0,"key":"Regen Potion"},{"floor":33.0,"key":"Regen Potion"},{"floor":40.0,"key":"bronze:BurnAndBuffPotion"}],"is_trial":false,"path_per_floor":["M","M","?","$","M","R","M","?","T","M","R","M","M","M","R","B",null,"M","?","$","M","M","R","?","M","T","M","M","M","M","?","R","B",null,"M","?","$","?","M","E","?","$","T","R","M","R","T","$","R","B",null],"character_chosen":"CLOCKWORK","items_purchased":["Membership Card","Whetstone","Strange Spoon","Torii","DollysMirror","Shovel","Juzu Bracelet","TheAbacus","Guardian:BottledAnomaly","Orichalcum"],"campfire_rested":2,"item_purchase_floors":[4,4,20,20,37,42,42,42,48,48],"current_hp_per_floor":[62,62,59,59,51,51,40,45,45,38,63,63,59,59,59,43,80,71,71,71,71,71,90,90,89,89,88,88,88,88,88,88,52,81,81,81,81,81,61,44,44,44,44,44,44,44,44,44,44,35],"gold":66,"neow_bonus":"HUNDRED_GOLD","is_daily":false,"chose_seed":false,"campfire_upgraded":3,"win_rate":0.0,"timestamp":1610980805,"path_taken":["M","M","?","$","M","R","M","?","T","M","R","?","M","M","R","BOSS","M","?","$","M","?","R","?","M","T","M","?","M","M","?","R","BOSS","M","?","$","?","?","E","?","$","T","R","M","R","?","?","R","BOSS"],"items_purchased_type":["Relic","Relic","Relic","Relic","Relic","Relic","Relic","Relic","Relic","Relic"],"build_version":"2020-12-22","purchased_purges":2,"victory":true,"max_hp_per_floor":[85,85,85,85,85,85,85,85,85,85,85,85,85,85,85,85,90,90,90,90,90,90,90,90,90,90,90,90,90,90,90,90,90,90,90,90,90,90,90,90,90,90,90,90,90,90,90,90,90,90],"card_choices":[{"not_picked":["Clockwork:AdaptiveShield","Clockwork:SnapKeep","Clockwork:CraftVarja"],"picked":"SKIP","floor":1.0},{"not_picked":["Clockwork:CraftCopperScales","Clockwork:AssemblyLine"],"picked":"Clockwork:Downsize","floor":2.0},{"not_picked":["Clockwork:SystemHardening","Clockwork:AssemblyLine","Clockwork:PerfectedStrike"],"picked":"SKIP","floor":5.0},{"not_picked":["Clockwork:Roundhouse","Clockwork:EnthusiasticStrike","Clockwork:Minimalism"],"picked":"SKIP","floor":7.0},{"not_picked":["Clockwork:Roundhouse","Clockwork:EnthusiasticStrike","Clockwork:Minimalism"],"picked":"SKIP","floor":7.0},{"not_picked":["Clockwork:Redundancy","Clockwork:Downsize","Clockwork:PerfectedShield"],"picked":"SKIP","floor":10.0},{"not_picked":["Clockwork:Selectivity","Clockwork:ForgeStrike","Clockwork:Strangle"],"picked":"SKIP","floor":12.0},{"not_picked":["Clockwork:CogBarrier","Clockwork:CraftVarja","Clockwork:CogToss"],"picked":"SKIP","floor":13.0},{"not_picked":["Clockwork:Roundhouse","Clockwork:InertialShield","Clockwork:Selectivity"],"picked":"SKIP","floor":14.0},{"not_picked":["Clockwork:Enhance","Clockwork:Pluck","Clockwork:SystemScan+1"],"picked":"SKIP","floor":18.0},{"not_picked":["Clockwork:ZeroPointEnergy","Clockwork:AdaptiveCannon","Clockwork:Selectivity"],"picked":"SKIP","floor":21.0},{"not_picked":["Clockwork:SnapKeep+1","Clockwork:MechanicalBulk","Clockwork:Roundhouse"],"picked":"SKIP","floor":22.0},{"not_picked":["Clockwork:FalseStart","Clockwork:ReserveSystems","Clockwork:Pluck"],"picked":"SKIP","floor":25.0},{"not_picked":["Clockwork:SystemScan+1","Clockwork:Roundhouse","Clockwork:TiltAWhirl"],"picked":"SKIP","floor":27.0},{"not_picked":["Clockwork:PerfectedStrike","Clockwork:ChargingBlade"],"picked":"Clockwork:RevUp+1","floor":28.0},{"not_picked":["Clockwork:SystemScan","Clockwork:SnapKeep","Clockwork:PerfectedStrike"],"picked":"SKIP","floor":29.0},{"not_picked":["Clockwork:Enhance","Clockwork:ReserveSystems+1","Clockwork:Roundhouse"],"picked":"SKIP","floor":30.0},{"not_picked":["Clockwork:Halt","Clockwork:PerfectForm+1"],"picked":"Clockwork:CraftMomentumEngine","floor":33.0},{"not_picked":["Clockwork:Redundancy+1","Clockwork:AdaptiveCannon+1","Clockwork:StasisBreak"],"picked":"SKIP","floor":35.0},{"not_picked":["Clockwork:ReserveSystems+1","Clockwork:CogShield","Clockwork:ForgeStrike+1"],"picked":"SKIP","floor":39.0},{"not_picked":["Clockwork:Roundhouse","Clockwork:SpurOn","Clockwork:TestingEnvironment+1"],"picked":"SKIP","floor":40.0},{"not_picked":["Clockwork:CraftVarja","Clockwork:SearingStrike","Clockwork:ReserveSystems"],"picked":"SKIP","floor":45.0},{"not_picked":["Clockwork:Clone+1","Clockwork:HoardingStrike","Clockwork:MechanicalMass"],"picked":"SKIP","floor":45.0}],"player_experience":770420,"relics_obtained":[{"floor":9.0,"key":"Guardian:PocketSentry"},{"floor":26.0,"key":"Frozen Egg 2"},{"floor":36.0,"key":"Calipers"},{"floor":40.0,"key":"Centennial Puzzle"},{"floor":43.0,"key":"Bottled Tornado"},{"floor":44.0,"key":"Prayer Wheel"},{"floor":46.0,"key":"Bottled Lightning"},{"floor":47.0,"key":"Gremlin Horn"},{"floor":49.0,"key":"Art of War"}],"event_choices":[{"damage_healed":0.0,"max_hp_gain":0.0,"max_hp_loss":0.0,"gold_gain":0.0,"event_name":"Scrap Ooze","player_choice":"Success","floor":3.0,"gold_loss":0.0,"damage_taken":3.0,"relics_obtained":["Akabeko"]},{"cards_removed":["Clockwork:ChargingBlade"],"damage_healed":5.0,"max_hp_gain":0.0,"max_hp_loss":0.0,"gold_gain":0.0,"event_name":"Bonfire Elementals","player_choice":"Offered Common","floor":8.0,"gold_loss":0.0,"damage_taken":0.0},{"cards_removed":["Clockwork:ChargingBlade"],"damage_healed":5.0,"max_hp_gain":0.0,"max_hp_loss":0.0,"gold_gain":0.0,"event_name":"Bonfire Elementals","player_choice":"Offered Special","floor":8.0,"gold_loss":0.0,"damage_taken":0.0},{"damage_healed":0.0,"max_hp_gain":0.0,"max_hp_loss":0.0,"gold_gain":0.0,"event_name":"Lab","player_choice":"Got Potions","floor":19.0,"gold_loss":0.0,"damage_taken":0.0},{"damage_healed":0.0,"max_hp_gain":0.0,"max_hp_loss":0.0,"gold_gain":100.0,"event_name":"Golden Shrine","player_choice":"Pray","floor":24.0,"gold_loss":0.0,"damage_taken":0.0},{"damage_healed":0.0,"max_hp_gain":0.0,"max_hp_loss":0.0,"gold_gain":0.0,"event_name":"The Library","player_choice":"Read","floor":31.0,"gold_loss":0.0,"damage_taken":0.0,"cards_obtained":["Clockwork:Clone"]},{"damage_healed":0.0,"max_hp_gain":0.0,"max_hp_loss":0.0,"gold_gain":0.0,"event_name":"MindBloom","player_choice":"Fight","floor":36.0,"gold_loss":0.0,"damage_taken":0.0},{"damage_healed":0.0,"max_hp_gain":0.0,"max_hp_loss":0.0,"gold_gain":0.0,"event_name":"Accursed Blacksmith","player_choice":"Ignored","floor":38.0,"gold_loss":0.0,"damage_taken":0.0}],"is_beta":false,"boss_relics":[{"not_picked":["Sozu","Runic Pyramid"],"picked":"Tiny House"},{"not_picked":["Empty Cage","SacredBark"],"picked":"sneckomod:SneckoTalon"}],"items_purged_floors":[4,37],"is_endless":false,"potions_floor_spawned":[10,12,16,18,22,25,30,33,35,36,40],"ascension_level":10}}