{"host":"9nt1zhl3k8mtcf72","time":1610943262,"event":{"mods":["Aspiration","BaseMod","BetterRewards","Conjunction","Conspire","Downfall","Energized Spire","Friendly Minions","GifTheSpireLib","Halation","Hubris","Infinite Spire","JesterMod","Mimic Mod","Minty Spire (QoL Compilation)","RatMod","Spikes Relics","StSLib","Stuff the Spire","Trackpad","Useless Jewels Mod","Wandering Minibosses","vexMod"],"gold_per_floor":[99,118,118,134,145,145,145,163,194,94,79,79,93,93,112,112,112,112],"floor_reached":16,"language":"ENG","playtime":834,"items_purged":[],"score":102,"play_id":"5e6c9b96-ed21-4979-8c48-9b7e63410644","local_time":"20210117231422","is_ascension_mode":false,"campfire_choices":[{"floor":1,"key":"RECALL"},{"floor":10,"key":"REST"},{"data":"champ:PerfectedStrike","floor":12,"key":"SMITH"}],"circlet_count":0,"master_deck":["champ:Strike","champ:Strike","champ:Strike","champ:Strike","champ:Defend","champ:Defend","champ:Defend","champ:Defend","champ:Execute","champ:Taunt","champ:Endure","champ:PerfectedStrike+1","champ:SetATrap","champ:Duel","champ:CrownThrow","champ:DefensiveShout","champ:GladiatorForm","champ:StanceDance"],"relics":["champ:ChampionCrown","halation:PinkSoulGem","SnailShell","downfall:HeartBlessingRed"],"acts_visited":["Exordium"],"potions_floor_usage":[9,16,16],"damage_taken":[{"damage":7,"enemies":"2 Louse","floor":2,"turns":2},{"damage":26,"enemies":"Jaw Worm","floor":4,"turns":8},{"damage":0,"enemies":"Cultist","floor":5,"turns":3},{"damage":13,"enemies":"2 Fungi Beasts","floor":8,"turns":4},{"damage":41,"enemies":"Lagavulin","floor":9,"turns":8},{"damage":10,"enemies":"downfall:FleeingMerchant","floor":11,"turns":4},{"damage":21,"enemies":"Exordium Thugs","floor":13,"turns":5},{"damage":32,"enemies":"Gremlin Gang","floor":15,"turns":5},{"damage":77,"enemies":"SI_SHIV_ARCHETYPE","floor":16,"turns":8}],"seed_played":"-5753851335294142958","potions_obtained":[{"floor":2,"key":"champ:UltimateStancePotion"},{"floor":13,"key":"PowerPotion"},{"floor":15,"key":"champ:OpenerPotion"}],"is_trial":false,"path_per_floor":["R","M","?","M","M","?","T","M","E","R","$","R","M","?","M","B"],"character_chosen":"THE_CHAMP","items_purchased":[],"campfire_rested":1,"item_purchase_floors":[],"current_hp_per_floor":[99,92,92,86,86,86,86,83,67,96,96,96,95,95,73,0,0,0],"gold":112,"neow_bonus":"TEN_PERCENT_HP_BONUS","is_daily":false,"chose_seed":false,"campfire_upgraded":1,"win_rate":0.0,"timestamp":1610943262,"path_taken":["R","M","?","M","M","?","T","M","E","R","$","R","?","?","M","BOSS"],"items_purchased_type":[],"build_version":"2020-12-22","purchased_purges":0,"victory":false,"max_hp_per_floor":[99,99,99,99,99,99,99,99,99,99,99,99,99,99,99,99,99,99],"card_choices":[{"not_picked":["champ:RecklessLeap","champ:HeartStrike"],"picked":"champ:Endure","floor":2},{"not_picked":["champ:StanceDance","champ:AdrenalArmor"],"picked":"champ:PerfectedStrike","floor":4},{"not_picked":["champ:EnGarde","champ:GutPunch"],"picked":"champ:SetATrap","floor":5},{"not_picked":["champ:EnragedBash","champ:GutPunch"],"picked":"champ:Duel","floor":8},{"not_picked":["champ:ArenaPreparation","champ:AdrenalArmor"],"picked":"champ:CrownThrow","floor":9},{"not_picked":["champ:RecklessLeap","champ:FlashCut"],"picked":"champ:DefensiveShout","floor":11},{"not_picked":["champ:Lariat","champ:PerfectedStrike"],"picked":"champ:GladiatorForm","floor":13},{"not_picked":["champ:CrownThrow","champ:EnGarde"],"picked":"champ:StanceDance","floor":15}],"player_experience":489591,"relics_obtained":[{"floor":9,"key":"SnailShell"}],"event_choices":[{"damage_healed":0,"gold_gain":0,"player_choice":"Leave","damage_taken":0,"max_hp_gain":0,"max_hp_loss":0,"event_name":"conspire:Investor","floor":6,"gold_loss":0}],"is_beta":false,"boss_relics":[],"items_purged_floors":[],"is_endless":false,"potions_floor_spawned":[2,13,15],"killed_by":"SI_SHIV_ARCHETYPE","ascension_level":0}}