{"host":"uonldg9uriwfhjjx","time":1610941847,"event":{"mods":["AchievementEnabler","BaseMod","Minty Spire (QoL Compilation)","Relic Stats","StSLib","The Cursed"],"gold_per_floor":[111,111,111,86,29,29,73,73,73,73,97,97,120,164,164,283,283,299,318,318,39,59,59,82,116,154,185,212,26,26,50,50,169,169,193,209,542,561,561,561],"floor_reached":39,"language":"ENG","playtime":1461,"items_purged":["TheCursedMod:Strike_TheCursed"],"score":592,"play_id":"49edee7f-b7d3-4c78-8f49-9afcbf3d7d1e","local_time":"20210117225047","is_ascension_mode":true,"campfire_choices":[{"data":"TheCursedMod:CursedWand","floor":6,"key":"SMITH"},{"data":"TheCursedMod:CleanUpWorkshop","floor":8,"key":"SMITH"},{"data":"TheCursedMod:CursedBlade","floor":10,"key":"SMITH"},{"data":"TheCursedMod:SpitefulStrike","floor":12,"key":"SMITH"},{"data":"TheCursedMod:ManaBullet","floor":15,"key":"SMITH"},{"data":"TheCursedMod:VoidForm","floor":23,"key":"SMITH"},{"data":"TheCursedMod:DarkBarrier","floor":30,"key":"SMITH"},{"floor":32,"key":"REST"}],"circlet_count":0,"master_deck":["TheCursedMod:Strike_TheCursed","TheCursedMod:Strike_TheCursed+1","TheCursedMod:Strike_TheCursed","TheCursedMod:Defend_TheCursed","TheCursedMod:Defend_TheCursed","TheCursedMod:Defend_TheCursed+1","TheCursedMod:Defend_TheCursed","TheCursedMod:CursedWand+1","TheCursedMod:CleanUpWorkshop+1","TheCursedMod:Dregs","TheCursedMod:CursedBlade+1","TheCursedMod:SpitefulStrike+1","TheCursedMod:WearCloak","TheCursedMod:ManaBullet+1","TheCursedMod:VoidForm+1","TheCursedMod:SpitefulStrike","TheCursedMod:CursedSpellbook","TheCursedMod:Hemoplague","TheCursedMod:Obscuration","TheCursedMod:CursedShiv","TheCursedMod:CursedShiv","Regret","TheCursedMod:SmokeScreen","TheCursedMod:DarkBarrier+1","TheCursedMod:LuckyCharm","TheCursedMod:HellfireBreathing+1","TheCursedMod:VoidForm","TheCursedMod:TroublousMinions","TheCursedMod:CircleOfCorruption","TheCursedMod:Obscuration+1"],"relics":["TheCursedMod:BlackMagic101","NeowsBlessing","Potion Belt","MealTicket","Bottled Lightning","Bronze Scales","Cursed Key","Lee\u0027s Waffle","MawBank","Pen Nib","Membership Card","Sozu"],"acts_visited":["Exordium","TheCity","TheBeyond"],"potions_floor_usage":[25,28,33,33,33,36,39],"damage_taken":[{"damage":0,"enemies":"2 Louse","floor":1,"turns":1},{"damage":0,"enemies":"Gremlin Nob","floor":7,"turns":1},{"damage":0,"enemies":"Cultist","floor":11,"turns":1},{"damage":4,"enemies":"Small Slimes","floor":13,"turns":3},{"damage":6,"enemies":"3 Sentries","floor":14,"turns":5},{"damage":34,"enemies":"The Guardian","floor":16,"turns":11},{"damage":0,"enemies":"Chosen","floor":18,"turns":4},{"damage":19,"enemies":"Spheric Guardian","floor":19,"turns":4},{"damage":25,"enemies":"Snecko","floor":22,"turns":5},{"damage":0,"enemies":"Chosen and Byrds","floor":24,"turns":3},{"damage":13,"enemies":"Gremlin Leader","floor":25,"turns":7},{"damage":22,"enemies":"Shelled Parasite and Fungi","floor":27,"turns":3},{"damage":5,"enemies":"Centurion and Healer","floor":28,"turns":2},{"damage":15,"enemies":"Snecko","floor":31,"turns":5},{"damage":9,"enemies":"Automaton","floor":33,"turns":8},{"damage":5,"enemies":"Orb Walker","floor":35,"turns":4},{"damage":13,"enemies":"3 Shapes","floor":36,"turns":5},{"damage":41,"enemies":"Maw","floor":38,"turns":6},{"damage":10,"enemies":"Transient","floor":39,"turns":4}],"seed_played":"-4753288896349862570","potions_obtained":[{"floor":7,"key":"BlessingOfTheForge"},{"floor":14,"key":"BlessingOfTheForge"},{"floor":19,"key":"SkillPotion"},{"floor":20,"key":"Strength Potion"},{"floor":20,"key":"DuplicationPotion"},{"floor":25,"key":"SneckoOil"},{"floor":33,"key":"Block Potion"}],"is_trial":false,"path_per_floor":["M","?","?","$","?","R","E","R","T","R","M","R","M","E","R","B",null,"M","M","?","$","M","R","M","E","T","M","M","$","R","M","R","B",null,"M","M","?","M","M"],"character_chosen":"THE_CURSED","items_purchased":["TheCursedMod:SpitefulStrike","TheCursedMod:Hemoplague","TheCursedMod:Obscuration","TheCursedMod:CursedShiv","Lee\u0027s Waffle","Membership Card","TheCursedMod:LuckyCharm"],"campfire_rested":1,"item_purchase_floors":[4,21,21,21,21,29,29],"current_hp_per_floor":[68,53,53,53,53,53,53,53,53,53,53,53,49,43,43,9,54,54,35,35,76,51,51,51,38,38,16,11,26,26,11,33,24,63,58,45,45,4,0,0],"gold":561,"neow_bonus":"THREE_ENEMY_KILL","is_daily":false,"chose_seed":false,"campfire_upgraded":7,"win_rate":0.0,"timestamp":1610941847,"path_taken":["M","?","?","$","?","R","E","R","T","R","M","R","M","E","R","BOSS","M","?","?","$","?","R","M","E","T","M","M","$","R","M","R","BOSS","M","M","?","M","M"],"items_purchased_type":["Card","Card","Card","Card","Relic","Relic","Card"],"build_version":"2020-12-22","purchased_purges":1,"victory":false,"max_hp_per_floor":[75,75,69,69,69,69,69,69,69,69,69,69,69,69,69,69,69,69,69,69,76,76,76,76,76,76,76,76,76,76,76,76,76,76,76,76,76,76,76,76],"relic_stats":{"Sozu":1,"Lee\u0027s Waffle":26,"counters":[19,82],"Bronze Scales":[194],"MealTicket":30,"Pen Nib":[7],"Cursed Key":1,"MawBank":48,"obtain_stats":[{"Potion Belt":5,"TheCursedMod:BlackMagic101":0,"Lee\u0027s Waffle":21,"NeowsBlessing":0,"Golden Idol":3,"Pen Nib":26,"Cursed Key":17,"MawBank":25,"Sozu":34,"Bronze Scales":14,"MealTicket":7,"Bottled Lightning":9,"Membership Card":29},{"Potion Belt":1,"TheCursedMod:BlackMagic101":0,"Lee\u0027s Waffle":8,"NeowsBlessing":0,"Golden Idol":1,"Pen Nib":11,"Cursed Key":6,"MawBank":11,"Sozu":15,"Bronze Scales":5,"MealTicket":2,"Bottled Lightning":2,"Membership Card":13},{"Potion Belt":1,"TheCursedMod:BlackMagic101":0,"Lee\u0027s Waffle":30,"NeowsBlessing":0,"Golden Idol":1,"Pen Nib":45,"Cursed Key":22,"MawBank":45,"Sozu":63,"Bronze Scales":11,"MealTicket":2,"Bottled Lightning":2,"Membership Card":50}]},"card_choices":[{"not_picked":["TheCursedMod:TacticalStrike","TheCursedMod:SmokeScreen"],"picked":"TheCursedMod:CursedBlade","floor":1},{"not_picked":["TheCursedMod:SpitefulPray","TheCursedMod:CursedBlade"],"picked":"TheCursedMod:WearCloak","floor":7},{"not_picked":["TheCursedMod:TacticalStrike","TheCursedMod:SoulCrush","TheCursedMod:CircleOfCorruption"],"picked":"SKIP","floor":11},{"not_picked":["TheCursedMod:CircleOfFocus","TheCursedMod:CircleOfAmplification"],"picked":"TheCursedMod:ManaBullet","floor":13},{"not_picked":["TheCursedMod:CircleOfCorruption","TheCursedMod:Torture","TheCursedMod:SpitefulStrike"],"picked":"SKIP","floor":14},{"not_picked":["TheCursedMod:OutForBlood","TheCursedMod:ManaCirculation"],"picked":"TheCursedMod:VoidForm","floor":16},{"not_picked":["TheCursedMod:SpreadPlague","TheCursedMod:CircleOfFlame"],"picked":"TheCursedMod:SpitefulStrike","floor":18},{"not_picked":["TheCursedMod:RavingStaff","TheCursedMod:SpitefulStrike"],"picked":"TheCursedMod:CursedSpellbook","floor":19},{"not_picked":["TheCursedMod:Wield","TheCursedMod:SpitefulStrike+1","TheCursedMod:DoubleShield"],"picked":"SKIP","floor":22},{"not_picked":["TheCursedMod:Stigma","TheCursedMod:Wield","TheCursedMod:CircleOfFlame"],"picked":"SKIP","floor":24},{"not_picked":["TheCursedMod:AshesToAshes","TheCursedMod:SaltUponWound"],"picked":"TheCursedMod:CursedShiv","floor":25},{"not_picked":["TheCursedMod:StingEye","TheCursedMod:SpreadPlague"],"picked":"TheCursedMod:SmokeScreen","floor":27},{"not_picked":["TheCursedMod:RavingStaff","TheCursedMod:WearCloak+1"],"picked":"TheCursedMod:DarkBarrier","floor":28},{"not_picked":["TheCursedMod:CursedShiv","TheCursedMod:CursedSpellbook"],"picked":"TheCursedMod:HellfireBreathing+1","floor":31},{"not_picked":["TheCursedMod:UltimatePain","TheCursedMod:ManaCirculation"],"picked":"TheCursedMod:VoidForm","floor":33},{"not_picked":["TheCursedMod:Wield","TheCursedMod:Mangle"],"picked":"TheCursedMod:TroublousMinions","floor":35},{"not_picked":["TheCursedMod:CircleOfFlame+1","TheCursedMod:RapidMovement"],"picked":"TheCursedMod:CircleOfCorruption","floor":36},{"not_picked":["TheCursedMod:Torture+1","TheCursedMod:SmokeScreen"],"picked":"TheCursedMod:Obscuration+1","floor":38}],"player_experience":809208,"relics_obtained":[{"floor":7,"key":"MealTicket"},{"floor":9,"key":"Bottled Lightning"},{"floor":14,"key":"Bronze Scales"},{"floor":25,"key":"MawBank"},{"floor":26,"key":"Pen Nib"}],"event_choices":[{"damage_healed":0,"gold_gain":0,"player_choice":"Entered Light","damage_taken":15,"max_hp_gain":0,"max_hp_loss":0,"event_name":"Shining Light","floor":2,"gold_loss":0,"cards_upgraded":["TheCursedMod:Strike_TheCursed","TheCursedMod:Defend_TheCursed"]},{"damage_healed":0,"gold_gain":0,"player_choice":"Lose Max HP","damage_taken":0,"relics_obtained":["Golden Idol"],"max_hp_gain":0,"max_hp_loss":6,"event_name":"Golden Idol","floor":3,"gold_loss":0},{"damage_healed":0,"gold_gain":0,"player_choice":"Paid Gold","damage_taken":0,"relics_obtained":["Potion Belt"],"max_hp_gain":0,"max_hp_loss":0,"event_name":"WeMeetAgain","floor":5,"gold_loss":57},{"damage_healed":0,"gold_gain":0,"player_choice":"Got Potions","damage_taken":0,"max_hp_gain":0,"max_hp_loss":0,"event_name":"Lab","floor":20,"gold_loss":0},{"damage_healed":0,"gold_gain":333,"player_choice":"Gave Idol","damage_taken":0,"max_hp_gain":0,"max_hp_loss":0,"event_name":"The Moai Head","floor":37,"relics_lost":["Golden Idol"],"gold_loss":0}],"is_beta":false,"boss_relics":[{"not_picked":["Ectoplasm","Empty Cage"],"picked":"Cursed Key"},{"not_picked":["Astrolabe","Snecko Eye"],"picked":"Sozu"}],"items_purged_floors":[29],"is_endless":false,"potions_floor_spawned":[7,14,19,22,25,27,33,36],"killed_by":"Transient","ascension_level":6}}