{"host":"r6jigiblrojhp6xe","time":1610976795,"event":{"mods":["AchievementEnabler","BaseMod","DeckTracker","Minty Spire (QoL Compilation)","Quick Restart","Rare Cards Sparkle","Relic Stats","StSLib","SuperFastMode","The Cursed","everything is the same but u backflip on backflip"],"gold_per_floor":[150,150,202,202,127,127,199,99,99,136,175,210,210,255,255,329,329,371,409,409,409,409,409,409],"floor_reached":23,"language":"KOR","playtime":539,"items_purged":["Defend_G","Strike_G"],"score":366,"play_id":"1e588352-5e9e-4720-be63-674446ce83da","local_time":"20210118223315","is_ascension_mode":true,"campfire_choices":[{"data":"HandOfGreed","floor":6,"key":"SMITH"},{"data":"Terror","floor":13,"key":"SMITH"},{"data":"Dagger Throw","floor":15,"key":"SMITH"}],"circlet_count":0,"master_deck":["AscendersBane","Strike_G+1","Strike_G","Strike_G","Defend_G","Defend_G","Defend_G","Defend_G","Survivor","Neutralize+1","HandOfGreed+1","Blur","Dagger Throw+1","Backflip","Terror+1","Venomology+1","CurseOfTheBell","Eviscerate"],"relics":["Ring of the Snake","Odd Mushroom","Girya","Calling Bell","Lantern","Singing Bowl","FossilizedHelix"],"acts_visited":["Exordium","TheCity"],"potions_floor_usage":[16,16,19,19,22,23,23],"damage_taken":[{"damage":3,"enemies":"Small Slimes","floor":1,"turns":5},{"damage":0,"enemies":"2 Louse","floor":3,"turns":5},{"damage":16,"enemies":"The Mushroom Lair","floor":7,"turns":4},{"damage":0,"enemies":"Cultist","floor":10,"turns":3},{"damage":0,"enemies":"Blue Slaver","floor":11,"turns":3},{"damage":0,"enemies":"Red Slaver","floor":12,"turns":3},{"damage":3,"enemies":"Looter","floor":14,"turns":3},{"damage":1,"enemies":"Hexaghost","floor":16,"turns":8},{"damage":0,"enemies":"Chosen","floor":18,"turns":4},{"damage":16,"enemies":"3 Byrds","floor":19,"turns":6},{"damage":0,"enemies":"Snake Plant","floor":22,"turns":1},{"damage":12,"enemies":"Gremlin Leader","floor":23,"turns":4}],"seed_played":"4859434988218839994","potions_obtained":[{"floor":7,"key":"Ancient Potion"},{"floor":10,"key":"FearPotion"},{"floor":11,"key":"ColorlessPotion"},{"floor":18,"key":"Regen Potion"},{"floor":19,"key":"SmokeBomb"}],"is_trial":false,"path_per_floor":["M","?","M","?","$","R","?","$","T","M","M","M","R","M","R","B",null,"M","M","?","?","M","E"],"character_chosen":"THE_SILENT","items_purchased":[],"campfire_rested":0,"item_purchase_floors":[],"current_hp_per_floor":[41,21,21,21,21,21,5,5,5,5,5,5,5,2,2,1,50,50,36,17,17,17,17,17],"gold":409,"neow_bonus":"RANDOM_COLORLESS_2","is_daily":false,"chose_seed":false,"campfire_upgraded":3,"win_rate":0.0,"timestamp":1610976795,"path_taken":["M","?","M","?","$","R","?","?","T","M","M","M","R","M","R","BOSS","M","M","?","?","M","E"],"items_purchased_type":[],"build_version":"2020-12-22","purchased_purges":2,"victory":false,"max_hp_per_floor":[66,66,66,66,66,66,66,66,66,66,66,66,66,66,66,66,66,66,68,73,73,73,73,73],"relic_stats":{"Singing Bowl":2,"counters":[12,49],"obtain_stats":[{"Calling Bell":17,"Girya":9,"Lantern":17,"Singing Bowl":17,"Odd Mushroom":7,"FossilizedHelix":17,"Ring of the Snake":0},{"Calling Bell":8,"Girya":3,"Lantern":8,"Singing Bowl":8,"Odd Mushroom":3,"FossilizedHelix":8,"Ring of the Snake":0},{"Calling Bell":34,"Girya":14,"Lantern":34,"Singing Bowl":34,"Odd Mushroom":14,"FossilizedHelix":34,"Ring of the Snake":0}],"Ring of the Snake":[24]},"card_choices":[{"not_picked":["Master of Strategy","Transmutation"],"picked":"HandOfGreed","floor":0},{"not_picked":["Prepared","PiercingWail"],"picked":"Blur","floor":1},{"not_picked":["Underhanded Strike","Prepared","A Thousand Cuts"],"picked":"SKIP","floor":3},{"not_picked":["Caltrops","Cloak And Dagger"],"picked":"Dagger Throw","floor":10},{"not_picked":["Slice","Underhanded Strike"],"picked":"Backflip","floor":11},{"not_picked":["Crippling Poison","Deflect"],"picked":"Terror","floor":12},{"not_picked":["Caltrops","Dodge and Roll","Underhanded Strike"],"picked":"SKIP","floor":14},{"not_picked":["Night Terror","Burst"],"picked":"Venomology","floor":16},{"not_picked":["Sucker Punch","Calculated Gamble"],"picked":"Eviscerate","floor":18},{"not_picked":["Bane","Sucker Punch","Blur"],"picked":"Singing Bowl","floor":19}],"player_experience":577941,"relics_obtained":[{"floor":7,"key":"Odd Mushroom"},{"floor":9,"key":"Girya"},{"floor":17,"key":"Lantern"},{"floor":17,"key":"Singing Bowl"},{"floor":17,"key":"FossilizedHelix"}],"event_choices":[{"damage_healed":0,"gold_gain":0,"player_choice":"Entered Light","damage_taken":20,"max_hp_gain":0,"max_hp_loss":0,"event_name":"Shining Light","floor":2,"gold_loss":0,"cards_upgraded":["Neutralize","Strike_G"]},{"cards_removed":["Strike_G"],"damage_healed":0,"gold_gain":0,"player_choice":"Forget","damage_taken":0,"max_hp_gain":0,"max_hp_loss":0,"event_name":"Living Wall","floor":4,"gold_loss":0},{"damage_healed":0,"gold_gain":0,"player_choice":"Fought Mushrooms","damage_taken":0,"max_hp_gain":0,"max_hp_loss":0,"event_name":"Mushrooms","floor":7,"gold_loss":0},{"damage_healed":0,"gold_gain":0,"player_choice":"Shed Blood","damage_taken":24,"max_hp_gain":5,"max_hp_loss":0,"event_name":"Forgotten Altar","floor":20,"gold_loss":0},{"damage_healed":0,"gold_gain":0,"player_choice":"Forge","damage_taken":0,"max_hp_gain":0,"max_hp_loss":0,"event_name":"Accursed Blacksmith","floor":21,"gold_loss":0,"cards_upgraded":["Venomology"]}],"is_beta":false,"boss_relics":[{"not_picked":["Ring of the Serpent","HoveringKite"],"picked":"Calling Bell"}],"items_purged_floors":[5,8],"is_endless":false,"potions_floor_spawned":[7,10,11,18,19],"killed_by":"Gremlin Leader","ascension_level":20}}