{"host":"vumwfieg2b2mnrfl","time":1610930499,"event":{"mods":["AchievementEnabler","BaseMod","Minty Spire (QoL Compilation)","Rare Cards Sparkle","Relic Stats"],"gold_per_floor":[110,110,172,190,240,280,280,321,346,360,383,404,404,420,420,511,511,532,550,347,360,384,384,384,384],"floor_reached":24,"language":"ENG","playtime":894,"items_purged":["Accuracy"],"score":413,"play_id":"778b6072-2cd3-4696-9cc0-e3f44a18a129","local_time":"20210117184139","is_ascension_mode":true,"campfire_choices":[{"floor":7,"key":"REST"},{"floor":13,"key":"REST"},{"floor":15,"key":"REST"},{"floor":23,"key":"REST"}],"circlet_count":0,"master_deck":["AscendersBane","Survivor","Neutralize","Noxious Fumes","Footwork","Injury","Quick Slash","Dash","Leg Sweep","Bullet Time","Bouncing Flask","Bane","Prepared","Night Terror","All Out Attack","Predator","Unload","Leg Sweep","Bullet Time","Die Die Die","Tools of the Trade","Adrenaline","Flechettes","Footwork+1","Caltrops","Footwork","Catalyst","Catalyst"],"relics":["Ring of the Snake","NeowsBlessing","SsserpentHead","Golden Idol","Happy Flower","Dream Catcher","Anchor","Pandora\u0027s Box"],"acts_visited":["Exordium","TheCity"],"potions_floor_usage":[8,10,16,24],"damage_taken":[{"damage":0,"enemies":"Small Slimes","floor":1,"turns":1},{"damage":0,"enemies":"Cultist","floor":3,"turns":1},{"damage":0,"enemies":"Jaw Worm","floor":4,"turns":1},{"damage":47,"enemies":"3 Sentries","floor":6,"turns":11},{"damage":17,"enemies":"Lagavulin","floor":8,"turns":10},{"damage":0,"enemies":"Exordium Wildlife","floor":10,"turns":7},{"damage":0,"enemies":"Looter","floor":11,"turns":4},{"damage":8,"enemies":"Red Slaver","floor":12,"turns":4},{"damage":0,"enemies":"Blue Slaver","floor":14,"turns":3},{"damage":25,"enemies":"The Guardian","floor":16,"turns":13},{"damage":8,"enemies":"Chosen","floor":18,"turns":6},{"damage":4,"enemies":"3 Byrds","floor":19,"turns":4},{"damage":14,"enemies":"Shelled Parasite and Fungi","floor":21,"turns":6},{"damage":27,"enemies":"Snake Plant","floor":22,"turns":4},{"damage":49,"enemies":"Centurion and Healer","floor":24,"turns":4}],"seed_played":"2394688279318354133","potions_obtained":[{"floor":4,"key":"Strength Potion"},{"floor":6,"key":"Block Potion"},{"floor":12,"key":"Regen Potion"},{"floor":14,"key":"LiquidMemories"},{"floor":19,"key":"Dexterity Potion"}],"is_trial":false,"path_per_floor":["M","?","M","M","?","E","R","E","T","M","M","M","R","M","R","B",null,"M","M","$","M","M","R","M"],"character_chosen":"THE_SILENT","items_purchased":["Footwork","Catalyst"],"campfire_rested":4,"item_purchase_floors":[20,20],"current_hp_per_floor":[59,59,59,59,59,12,31,14,14,14,14,6,25,25,44,19,54,46,42,42,28,1,20,0,0],"gold":384,"neow_bonus":"THREE_ENEMY_KILL","is_daily":false,"chose_seed":false,"campfire_upgraded":0,"win_rate":0.0,"timestamp":1610930499,"path_taken":["M","?","?","M","?","E","R","E","T","M","M","M","R","M","R","BOSS","M","M","$","M","M","R","M"],"items_purchased_type":["Card","Card"],"build_version":"2020-12-22","purchased_purges":1,"victory":false,"max_hp_per_floor":[66,66,66,66,66,66,66,66,66,66,66,66,66,66,66,66,66,66,66,66,66,66,66,66,66],"relic_stats":{"SsserpentHead":100,"Dream Catcher":3,"Happy Flower":[21],"counters":[15,79],"Golden Idol":65,"Pandora\u0027s Box":["All Out Attack","Predator","Unload","Leg Sweep","Bullet Time","Die Die Die","Accuracy","Tools of the Trade","Adrenaline","Flechettes"],"obtain_stats":[{"SsserpentHead":2,"Dream Catcher":8,"Anchor":9,"NeowsBlessing":0,"Happy Flower":6,"Golden Idol":5,"Pandora\u0027s Box":17,"Ring of the Snake":0},{"SsserpentHead":1,"Dream Catcher":5,"Anchor":5,"NeowsBlessing":0,"Happy Flower":4,"Golden Idol":3,"Pandora\u0027s Box":10,"Ring of the Snake":0},{"SsserpentHead":1,"Dream Catcher":24,"Anchor":24,"NeowsBlessing":0,"Happy Flower":14,"Golden Idol":3,"Pandora\u0027s Box":55,"Ring of the Snake":0}],"Ring of the Snake":[30]},"card_choices":[{"not_picked":["Dagger Spray","Dagger Throw"],"picked":"Noxious Fumes","floor":1},{"not_picked":["Cloak And Dagger","Quick Slash"],"picked":"Footwork","floor":3},{"not_picked":["Infinite Blades","Setup","Cloak And Dagger"],"picked":"SKIP","floor":4},{"not_picked":["Distraction","Dagger Spray"],"picked":"Quick Slash","floor":6},{"not_picked":["Setup","Acrobatics"],"picked":"Dash","floor":8},{"not_picked":["Well Laid Plans","Outmaneuver"],"picked":"Leg Sweep","floor":10},{"not_picked":["Blade Dance","Slice"],"picked":"Bullet Time","floor":11},{"not_picked":["Skewer","All Out Attack"],"picked":"Bouncing Flask","floor":12},{"not_picked":["Acrobatics","Underhanded Strike"],"picked":"Bane","floor":13},{"not_picked":["Quick Slash","Outmaneuver"],"picked":"Prepared","floor":14},{"not_picked":["Storm of Steel","Glass Knife"],"picked":"Night Terror","floor":16},{"not_picked":["Underhanded Strike","Concentrate"],"picked":"Footwork+1","floor":18},{"not_picked":["Slice","Predator"],"picked":"Caltrops","floor":19},{"not_picked":["Acrobatics","Dash","Dagger Throw"],"picked":"SKIP","floor":21},{"not_picked":["Poisoned Stab+1","Flechettes+1"],"picked":"Catalyst","floor":22}],"player_experience":439307,"relics_obtained":[{"floor":6,"key":"Happy Flower"},{"floor":8,"key":"Dream Catcher"},{"floor":9,"key":"Anchor"}],"event_choices":[{"damage_healed":0,"gold_gain":0,"player_choice":"Trade","damage_taken":0,"relics_obtained":["SsserpentHead"],"max_hp_gain":0,"max_hp_loss":0,"event_name":"FaceTrader","floor":2,"gold_loss":0},{"damage_healed":0,"gold_gain":0,"player_choice":"Take Wound","damage_taken":0,"relics_obtained":["Golden Idol"],"max_hp_gain":0,"max_hp_loss":0,"event_name":"Golden Idol","floor":5,"gold_loss":0,"cards_obtained":["Injury"]}],"is_beta":false,"boss_relics":[{"not_picked":["Runic Dome","Ring of the Serpent"],"picked":"Pandora\u0027s Box"}],"items_purged_floors":[20],"is_endless":false,"potions_floor_spawned":[4,6,12,14,19,21],"killed_by":"Centurion and Healer","ascension_level":19}}