{"host":"c3lc60y5x60jlt1y","time":1610970815,"event":{"mods":["AchievementEnabler","BaseMod","Bestiary","Colored Map","Minty Spire (QoL Compilation)","Quick Restart","StSLib","ojb\u0027s Info Mod"],"gold_per_floor":[113,128,78,153,163,163,194,194,194,194,34,51,78,78,78],"floor_reached":14,"language":"ENG","playtime":545,"items_purged":["Strike_B"],"score":136,"play_id":"943521f8-8b38-4a94-8f7c-c414bcf8e199","local_time":"20210118135335","is_ascension_mode":true,"campfire_choices":[{"data":"Dualcast","floor":6,"key":"SMITH"}],"circlet_count":0,"master_deck":["AscendersBane","Strike_B","Strike_B","Defend_B","Defend_B","Defend_B","Zap","Dualcast+1","Seek","Coolheaded","Turbo","Compile Driver","Skim","Compile Driver","Beam Cell","Capacitor","Auto Shields","BootSequence"],"relics":["Cracked Core","Girya","Incense Burner","Odd Mushroom"],"acts_visited":["Exordium"],"potions_floor_usage":[13,14],"damage_taken":[{"damage":0,"enemies":"2 Louse","floor":1,"turns":3},{"damage":2,"enemies":"Jaw Worm","floor":2,"turns":3},{"damage":10,"enemies":"Small Slimes","floor":5,"turns":3},{"damage":41,"enemies":"Lagavulin","floor":7,"turns":9},{"damage":3,"enemies":"Blue Slaver","floor":12,"turns":2},{"damage":18,"enemies":"The Mushroom Lair","floor":13,"turns":4},{"damage":27,"enemies":"Gremlin Nob","floor":14,"turns":3}],"seed_played":"8151693910852226043","potions_obtained":[{"floor":2,"key":"Fruit Juice"},{"floor":12,"key":"Energy Potion"}],"is_trial":false,"path_per_floor":["M","M","?","?","M","R","E","?","T","?","$","M","?","E"],"character_chosen":"DEFECT","items_purchased":["Beam Cell","Capacitor"],"campfire_rested":0,"item_purchase_floors":[11,11],"current_hp_per_floor":[68,66,66,55,45,45,4,29,29,29,29,26,8,0,0],"gold":78,"neow_bonus":"ONE_RANDOM_RARE_CARD","is_daily":false,"chose_seed":false,"campfire_upgraded":1,"win_rate":0.0,"timestamp":1610970815,"path_taken":["M","M","?","?","?","R","E","?","T","?","$","M","?","E"],"items_purchased_type":["Card","Card"],"build_version":"2020-12-22","purchased_purges":1,"victory":false,"max_hp_per_floor":[75,75,75,75,75,75,75,75,75,75,75,75,75,80,80],"card_choices":[{"not_picked":["Barrage","Rebound"],"picked":"Coolheaded","floor":1},{"not_picked":["Redo","Hologram"],"picked":"Turbo","floor":2},{"not_picked":["Reinforced Body","Rebound"],"picked":"Compile Driver","floor":5},{"not_picked":["Aggregate","Rebound"],"picked":"Skim","floor":7},{"not_picked":["Hologram","Compile Driver"],"picked":"Auto Shields","floor":12},{"not_picked":["Recycle","Barrage"],"picked":"BootSequence","floor":13}],"player_experience":8152614,"relics_obtained":[{"floor":7,"key":"Girya"},{"floor":9,"key":"Incense Burner"},{"floor":13,"key":"Odd Mushroom"}],"event_choices":[{"cards_removed":["Defend_B"],"damage_healed":0,"gold_gain":0,"player_choice":"Card Removal","damage_taken":0,"max_hp_gain":0,"max_hp_loss":0,"event_name":"The Cleric","floor":3,"gold_loss":50},{"damage_healed":0,"gold_gain":75,"player_choice":"Gather Gold","damage_taken":11,"max_hp_gain":0,"max_hp_loss":0,"event_name":"World of Goop","floor":4,"gold_loss":0},{"damage_healed":25,"gold_gain":0,"player_choice":"Banana","damage_taken":0,"max_hp_gain":0,"max_hp_loss":0,"event_name":"Big Fish","floor":8,"gold_loss":0},{"damage_healed":0,"gold_gain":0,"cards_transformed":["Strike_B"],"player_choice":"Change","damage_taken":0,"max_hp_gain":0,"max_hp_loss":0,"event_name":"Living Wall","floor":10,"gold_loss":0,"cards_obtained":["Compile Driver"]},{"damage_healed":0,"gold_gain":0,"player_choice":"Fought Mushrooms","damage_taken":0,"max_hp_gain":0,"max_hp_loss":0,"event_name":"Mushrooms","floor":13,"gold_loss":0}],"is_beta":false,"boss_relics":[],"items_purged_floors":[11],"is_endless":false,"potions_floor_spawned":[2,12],"killed_by":"Gremlin Nob","ascension_level":11}}