{"host":"bq4pt811tk9yrmjl","time":1610930959,"event":{"mods":["AchievementEnabler","BaseMod","Colored Map","Colored Powertips","Defuse TimeMaze Blight","Hermit","Minty Spire (QoL Compilation)","StSLib","SuperFastMode"],"gold_per_floor":[112,112,112,126,126,156,156,166,166,16,16,35,60,73,73,178,178,190,190,201,201,218,218,230,230,312,341,341,341,366,378,378,378,378],"floor_reached":33,"language":"ENG","playtime":511,"items_purged":[],"score":336,"play_id":"b247f6d7-a934-43c3-8bc0-9f71f42045ce","local_time":"20210117224919","is_ascension_mode":true,"campfire_choices":[{"data":"Dualcast","floor":7.0,"key":"SMITH"},{"floor":15.0,"key":"REST"},{"data":"Biased Cognition","floor":23.0,"key":"SMITH"},{"floor":32.0,"key":"REST"}],"circlet_count":0,"master_deck":["Strike_B","Strike_B","Strike_B+1","Strike_B","Defend_B","Defend_B+1","Defend_B","Defend_B","Zap+1","Dualcast+1","Streamline","Conserve Battery","Self Repair","Loop","Go for the Eyes","Ball Lightning","Biased Cognition+1","Stack+1","Melter","Redo+1"],"relics":["Cracked Core","NeowsBlessing","InkBottle","OrangePellets","TungstenRod","Sozu","MutagenicStrength","Cables","Bottled Lightning","Akabeko","Vajra"],"acts_visited":["Exordium","TheCity"],"potions_floor_usage":[],"damage_taken":[{"damage":0.0,"enemies":"2 Louse","floor":1.0,"turns":1.0},{"damage":0.0,"enemies":"Small Slimes","floor":4.0,"turns":1.0},{"damage":0.0,"enemies":"Lagavulin","floor":6.0,"turns":1.0},{"damage":11.0,"enemies":"Jaw Worm","floor":8.0,"turns":4.0},{"damage":0.0,"enemies":"Looter","floor":12.0,"turns":2.0},{"damage":37.0,"enemies":"Gremlin Nob","floor":13.0,"turns":6.0},{"damage":2.0,"enemies":"3 Louse","floor":14.0,"turns":3.0},{"damage":7.0,"enemies":"Hexaghost","floor":16.0,"turns":7.0},{"damage":1.0,"enemies":"Chosen","floor":18.0,"turns":3.0},{"damage":11.0,"enemies":"2 Thieves","floor":20.0,"turns":3.0},{"damage":0.0,"enemies":"Snecko","floor":22.0,"turns":5.0},{"damage":10.0,"enemies":"Centurion and Healer","floor":24.0,"turns":5.0},{"damage":26.0,"enemies":"Book of Stabbing","floor":27.0,"turns":5.0},{"damage":24.0,"enemies":"Gremlin Leader","floor":30.0,"turns":5.0},{"damage":18.0,"enemies":"Snake Plant","floor":31.0,"turns":2.0},{"damage":52,"enemies":"Collector","floor":33,"turns":6}],"seed_played":"-3203994321576235313","potions_obtained":[{"floor":1.0,"key":"LiquidBronze"},{"floor":8.0,"key":"Block Potion"},{"floor":13.0,"key":"FocusPotion"},{"floor":16.0,"key":"FocusPotion"}],"is_trial":false,"path_per_floor":["M","?","?","M","?","E","R","M","T","$","$","M","E","M","R","B",null,"M","?","M","$","M","R","M","T","T","E","?","?","E","M","R","B"],"character_chosen":"DEFECT","items_purchased":["OrangePellets"],"campfire_rested":2,"item_purchase_floors":[10],"current_hp_per_floor":[75,60,65,65,65,65,65,61,61,61,61,61,31,36,60,60,80,79,79,75,75,80,80,77,77,77,58,58,58,41,23,47,0,0],"gold":378,"neow_bonus":"THREE_ENEMY_KILL","is_daily":false,"chose_seed":false,"campfire_upgraded":2,"win_rate":0.0,"timestamp":1610930959,"path_taken":["M","?","?","M","?","E","R","M","T","?","$","M","E","M","R","BOSS","M","?","M","$","M","R","M","?","T","E","?","?","E","M","R","BOSS"],"items_purchased_type":["Relic"],"build_version":"2020-12-22","purchased_purges":0,"victory":false,"max_hp_per_floor":[75,75,80,80,80,80,80,80,80,80,80,80,80,80,80,80,80,80,80,80,80,80,80,80,80,80,80,80,80,80,80,80,80,80],"card_choices":[{"not_picked":["Blizzard","Storm"],"picked":"Streamline","floor":1.0},{"not_picked":["Steam","Double Energy"],"picked":"Conserve Battery","floor":4.0},{"not_picked":["Rebound","Double Energy"],"picked":"Self Repair","floor":6.0},{"not_picked":["Hologram","Force Field","Streamline"],"picked":"SKIP","floor":8.0},{"not_picked":["Steam","Melter"],"picked":"Loop","floor":12.0},{"not_picked":["Fusion","Leap"],"picked":"Go for the Eyes","floor":13.0},{"not_picked":["Hello World","Steam"],"picked":"Ball Lightning","floor":14.0},{"not_picked":["Machine Learning","Seek"],"picked":"Biased Cognition","floor":16.0},{"not_picked":["Gash","Streamline","Coolheaded"],"picked":"SKIP","floor":18.0},{"not_picked":["Skim","Hello World+1","Gash+1"],"picked":"SKIP","floor":20.0},{"not_picked":["Self Repair","Auto Shields"],"picked":"Stack+1","floor":22.0},{"not_picked":["Ball Lightning","Coolheaded","Hello World"],"picked":"SKIP","floor":24.0},{"not_picked":["Steam Power","Leap"],"picked":"Melter","floor":27.0},{"not_picked":["Cold Snap+1","Beam Cell+1"],"picked":"Redo+1","floor":30.0},{"not_picked":["Rebound","Amplify","Compile Driver+1"],"picked":"SKIP","floor":31.0}],"player_experience":176095,"relics_obtained":[{"floor":6.0,"key":"InkBottle"},{"floor":13.0,"key":"TungstenRod"},{"floor":25.0,"key":"Cables"},{"floor":26.0,"key":"Bottled Lightning"},{"floor":27.0,"key":"Akabeko"},{"floor":30.0,"key":"Vajra"}],"event_choices":[{"damage_healed":0.0,"max_hp_gain":0.0,"max_hp_loss":0.0,"gold_gain":0.0,"event_name":"Shining Light","player_choice":"Entered Light","floor":2.0,"gold_loss":0.0,"damage_taken":15.0,"cards_upgraded":["Strike_B","Defend_B"]},{"damage_healed":0.0,"max_hp_gain":5.0,"max_hp_loss":0.0,"gold_gain":0.0,"event_name":"Big Fish","player_choice":"Donut","floor":3.0,"gold_loss":0.0,"damage_taken":0.0},{"damage_healed":0.0,"max_hp_gain":0.0,"max_hp_loss":0.0,"gold_gain":0.0,"event_name":"Living Wall","player_choice":"Grow","floor":5.0,"gold_loss":0.0,"damage_taken":0.0,"cards_upgraded":["Zap"]},{"damage_healed":0.0,"max_hp_gain":0.0,"max_hp_loss":0.0,"gold_gain":0.0,"event_name":"Drug Dealer","player_choice":"Inject Mutagens","floor":19.0,"gold_loss":0.0,"damage_taken":0.0,"relics_obtained":["MutagenicStrength"]},{"damage_healed":0.0,"max_hp_gain":0.0,"max_hp_loss":0.0,"gold_gain":0.0,"event_name":"Vampires","player_choice":"Ignored","floor":28.0,"gold_loss":0.0,"damage_taken":0.0},{"damage_healed":0.0,"max_hp_gain":0.0,"max_hp_loss":0.0,"gold_gain":0.0,"event_name":"Beggar","player_choice":"Ignored","floor":29.0,"gold_loss":0.0,"damage_taken":0.0}],"is_beta":false,"boss_relics":[{"not_picked":["Nuclear Battery","Ectoplasm"],"picked":"Sozu"}],"items_purged_floors":[],"is_endless":false,"potions_floor_spawned":[1,8,13,16,18,24,30],"killed_by":"Collector","ascension_level":1}}