{"host":"2hea6pl5vmah38iy","time":1610978054,"event":{"mods":["AchievementEnabler","BaseMod","Colored Map","DeckTracker","Keyboard Shortcuts","Minty Spire (QoL Compilation)","Rare Cards Sparkle","StSLib","SuperFastMode","everything is the same but u backflip on backflip"],"gold_per_floor":[117,129,149,149,149,149,172,190,190,210,210,360,21,34,34,130,130,149,64,64,89,104,104,104,127,127,143,184,184,184],"floor_reached":29,"language":"KOR","playtime":1263,"items_purged":["Doubt"],"score":430,"play_id":"e1efed24-5dd4-45a2-86cb-a2211c7d324e","local_time":"20210118225414","is_ascension_mode":true,"campfire_choices":[{"data":"PathToVictory","floor":6.0,"key":"SMITH"},{"data":"PathToVictory","floor":11.0,"key":"SMITH"},{"data":"SpiritShield","floor":15,"key":"SMITH"},{"floor":23,"key":"REST"}],"circlet_count":0,"master_deck":["AscendersBane","Strike_P+1","Strike_P","Strike_P","Defend_P","Defend_P","Defend_P+1","Eruption","Vigilance","Writhe","PathToVictory+1","EmptyBody","ThirdEye","PathToVictory+1","CutThroughFate","SpiritShield+1","Alpha","Brilliance","Scrawl","SashWhip","DeceiveReality"],"relics":["PureWater","Turnip","Golden Idol","White Beast Statue","Pantograph","Runic Pyramid","Bag of Marbles","StoneCalendar","TeardropLocket","CaptainsWheel"],"acts_visited":["Exordium","TheCity"],"potions_floor_usage":[16,16,16,18,18,18,22,25,27,28],"damage_taken":[{"damage":5.0,"enemies":"2 Louse","floor":1.0,"turns":2.0},{"damage":0.0,"enemies":"Small Slimes","floor":2.0,"turns":3.0},{"damage":0.0,"enemies":"Jaw Worm","floor":3.0,"turns":2.0},{"damage":3.0,"enemies":"2 Fungi Beasts","floor":7.0,"turns":3.0},{"damage":7.0,"enemies":"3 Louse","floor":8.0,"turns":3.0},{"damage":0.0,"enemies":"Blue Slaver","floor":10.0,"turns":3.0},{"damage":0,"enemies":"Large Slime","floor":14,"turns":5},{"damage":47,"enemies":"Slime Boss","floor":16,"turns":15},{"damage":14,"enemies":"Spheric Guardian","floor":18,"turns":6},{"damage":0,"enemies":"Chosen","floor":21,"turns":5},{"damage":20,"enemies":"Centurion and Healer","floor":22,"turns":7},{"damage":13,"enemies":"Snecko","floor":25,"turns":5},{"damage":13,"enemies":"Sentry and Sphere","floor":27,"turns":9},{"damage":12,"enemies":"Slavers","floor":28,"turns":7},{"damage":13,"enemies":"Chosen and Byrds","floor":29,"turns":1}],"seed_played":"-5268525364255406511","potions_obtained":[{"floor":1.0,"key":"Regen Potion"},{"floor":3.0,"key":"EntropicBrew"},{"floor":7.0,"key":"FairyPotion"},{"floor":8.0,"key":"LiquidMemories"},{"floor":10.0,"key":"EssenceOfSteel"},{"floor":14,"key":"EntropicBrew"},{"floor":16,"key":"EntropicBrew"},{"floor":18,"key":"Weak Potion"},{"floor":22,"key":"BottledMiracle"},{"floor":25,"key":"PowerPotion"},{"floor":27,"key":"Energy Potion"},{"floor":28,"key":"Explosive Potion"}],"is_trial":false,"path_per_floor":["M","M","M","?","?","R","M","M","T","M","R","?","$","M","R","B",null,"M","?","?","M","M","R","T","M","T","M","E","M"],"character_chosen":"WATCHER","items_purchased":["Pantograph"],"campfire_rested":1,"item_purchase_floors":[13],"current_hp_per_floor":[56,56,56,56,37,37,34,27,27,27,27,27,27,27,27,5,48,34,34,34,34,14,32,32,19,19,6,13,0,0],"gold":184,"neow_bonus":"ONE_RARE_RELIC","is_daily":false,"chose_seed":false,"campfire_upgraded":3,"win_rate":0.0,"timestamp":1610978054,"path_taken":["M","M","M","?","?","R","M","M","T","M","R","?","$","M","R","BOSS","M","?","?","M","M","R","?","M","T","M","E","M"],"items_purchased_type":["Relic"],"build_version":"2020-12-22","purchased_purges":1,"victory":false,"max_hp_per_floor":[68,68,68,62,62,62,62,62,62,62,62,62,62,62,62,62,62,62,62,62,62,62,62,62,62,62,62,62,62,62],"card_choices":[{"not_picked":["Evaluate","Weave"],"picked":"PathToVictory","floor":1.0},{"not_picked":["ThirdEye","FlurryOfBlows"],"picked":"EmptyBody","floor":2.0},{"not_picked":["ClearTheMind","Prostrate"],"picked":"ThirdEye","floor":3.0},{"not_picked":["Indignation","Prostrate"],"picked":"PathToVictory","floor":7.0},{"not_picked":["BowlingBash","ClearTheMind","FollowUp"],"picked":"SKIP","floor":8.0},{"not_picked":["EmptyBody","ClearTheMind"],"picked":"CutThroughFate","floor":10.0},{"not_picked":["EmptyMind","Pray"],"picked":"SpiritShield","floor":14},{"not_picked":["Brilliance","Devotion"],"picked":"Alpha","floor":16},{"not_picked":["CrushJoints","WindmillStrike","EmptyMind"],"picked":"SKIP","floor":18},{"not_picked":["MentalFortress","CrushJoints"],"picked":"SashWhip","floor":21},{"not_picked":["Prostrate","Protect","Wallop+1"],"picked":"SKIP","floor":22},{"not_picked":["Indignation+1","CrushJoints"],"picked":"DeceiveReality","floor":25},{"not_picked":["FollowUp","Pray","Conclude"],"picked":"SKIP","floor":27},{"not_picked":["CarveReality","Wallop","CutThroughFate"],"picked":"SKIP","floor":28}],"player_experience":495543,"relics_obtained":[{"floor":9.0,"key":"White Beast Statue"},{"floor":24,"key":"StoneCalendar"},{"floor":26,"key":"TeardropLocket"},{"floor":28,"key":"CaptainsWheel"}],"event_choices":[{"damage_healed":0.0,"max_hp_gain":0.0,"max_hp_loss":6.0,"gold_gain":0.0,"event_name":"Golden Idol","player_choice":"Lose Max HP","floor":4.0,"gold_loss":0.0,"damage_taken":0.0,"relics_obtained":["Golden Idol"]},{"damage_healed":0.0,"max_hp_gain":0.0,"max_hp_loss":0.0,"gold_gain":0.0,"event_name":"Shining Light","player_choice":"Entered Light","floor":5.0,"gold_loss":0.0,"damage_taken":19.0,"cards_upgraded":["Defend_P","Strike_P"]},{"damage_healed":0.0,"max_hp_gain":0.0,"max_hp_loss":0.0,"gold_gain":150.0,"event_name":"Liars Game","player_choice":"AGREE","floor":12.0,"gold_loss":0.0,"damage_taken":0.0,"cards_obtained":["Doubt"]},{"damage_healed":0,"gold_gain":0,"player_choice":"Obtained Relic","damage_taken":0,"relics_obtained":["Bag of Marbles"],"max_hp_gain":0,"max_hp_loss":0,"event_name":"Addict","floor":19,"gold_loss":85},{"damage_healed":0,"gold_gain":0,"cards_transformed":["Strike_P","Defend_P"],"player_choice":"Became Test Subject","damage_taken":0,"max_hp_gain":0,"max_hp_loss":0,"event_name":"Drug Dealer","floor":20,"gold_loss":0,"cards_obtained":["Brilliance","Scrawl"]}],"is_beta":false,"boss_relics":[{"not_picked":["Astrolabe","Velvet Choker"],"picked":"Runic Pyramid"}],"items_purged_floors":[13],"is_endless":false,"potions_floor_spawned":[1,3,7,8,10,14,16,18,21,22,25,27,28],"killed_by":"Chosen and Byrds","ascension_level":16}}