{"host":"pf9sh7nh6rpu9sau","time":1610956070,"event":{"mods":["2.2 Compatiblity","BaseMod","BetterRewards","Clockwork Mod","Downfall","Hermit","Mad Scientist","Minty Spire (QoL Compilation)","Permanent Neow","Quick Restart","Somnambulant","StSLib","The Clintock","The Cursed","The Disciple","The Hierophant","The Necromancer","The Runesmith"],"gold_per_floor":[349,366,366,39,51,226,526,543,643,643,491,520,159,172,190,291,291,291,304,317,317,317,342,342,342,353,353,367,397,409,409,409,409],"floor_reached":31,"language":"ENG","playtime":3566,"items_purged":["champ:Strike","downfall:Malfunctioning","Doubt"],"score":325,"play_id":"2f9e50d9-2b5f-4c31-8ba8-91cfa517cb59","local_time":"20210118024750","is_ascension_mode":false,"campfire_choices":[{"data":"champ:Taunt","floor":1.0,"key":"SMITH"},{"data":"champ:IronFortress","floor":18,"key":"SMITH"}],"circlet_count":0,"master_deck":["champ:Strike","champ:Strike","champ:Defend","champ:Defend","champ:Defend","champ:Defend","champ:Execute+1","champ:Taunt+1","champ:IronFortress+1","champ:StanceDance","champ:VampiricStrike+1","champ:HoldFirm","champ:EnragedBash","champ:FancyFootwork","champ:StrikeOfGenius+1","champ:GutPunch","champ:FancyFootwork","champ:GladiatorForm","champ:DefensiveStyle","champ:BringItOn","champ:Shatter","champ:CheapShot","champ:AdrenalArmor","champ:PreciseThrust","champ:StanceDance"],"relics":["champ:ChampionCrown","downfall:ShatteredFragment","Old Coin","WristBlade","Turnip","Membership Card","Pen Nib","Sozu","champ:GladiatorsBookOfMartialProwess","Orichalcum","Nilry\u0027s Codex","Regal Pillow"],"acts_visited":["Exordium","TheCity"],"potions_floor_usage":[12,14,15,30],"damage_taken":[{"damage":12.0,"enemies":"2 Louse","floor":2.0,"turns":4.0},{"damage":20.0,"enemies":"downfall:FleeingMerchant","floor":4.0,"turns":4.0},{"damage":0.0,"enemies":"Small Slimes","floor":5.0,"turns":3.0},{"damage":11,"enemies":"Jaw Worm","floor":8,"turns":4},{"damage":18,"enemies":"Jaw Worm","floor":9,"turns":5},{"damage":20,"enemies":"downfall:FleeingMerchant","floor":11,"turns":4},{"damage":16,"enemies":"Lagavulin","floor":12,"turns":4},{"damage":23,"enemies":"downfall:FleeingMerchant","floor":13,"turns":4},{"damage":0,"enemies":"2 Fungi Beasts","floor":14,"turns":2},{"damage":23,"enemies":"Exordium Thugs","floor":15,"turns":4},{"damage":21,"enemies":"IC_STATUS_ARCHETYPE","floor":16,"turns":4},{"damage":19,"enemies":"3 Byrds","floor":19,"turns":4},{"damage":20,"enemies":"Shell Parasite","floor":20,"turns":3},{"damage":20,"enemies":"Gremlin Leader","floor":23,"turns":5},{"damage":24,"enemies":"Snecko","floor":26,"turns":3},{"damage":20,"enemies":"Snake Plant","floor":28,"turns":3},{"damage":31,"enemies":"Slavers","floor":29,"turns":5},{"damage":4,"enemies":"Centurion and Healer","floor":30,"turns":4},{"damage":6,"enemies":"Cultist and Chosen","floor":31,"turns":5}],"seed_played":"4379960503424015420","potions_obtained":[{"floor":2.0,"key":"DistilledChaos"},{"floor":5.0,"key":"champ:UltimateStancePotion"},{"floor":9,"key":"Block Potion"},{"floor":16,"key":"sneckomod:MuddlingPotion"}],"is_trial":false,"path_per_floor":["R","M","?","$","M","?","T","M","?","?","$","E","$","M","M","B",null,"R","M","M","?","?","E","T","?","M","?","M","E","M","M"],"character_chosen":"THE_CHAMP","items_purchased":["champ:VampiricStrike","champ:HoldFirm","champ:FancyFootwork","Membership Card","champ:DefensiveStyle","Pen Nib","champ:BringItOn"],"campfire_rested":0,"item_purchase_floors":[4,4,11,13,13,13,13],"current_hp_per_floor":[81,79,52,52,52,52,52,46,43,43,43,37,34,34,26,20,81,81,77,72,72,57,57,57,57,48,32,32,5,5,0,0,0],"gold":409,"neow_bonus":"TWO_FIFTY_GOLD","is_daily":false,"chose_seed":false,"campfire_upgraded":2,"win_rate":0.0,"timestamp":1610956070,"path_taken":["R","M","?","$","M","?","T","M","?","?","?","E","$","M","M","BOSS","R","M","M","?","?","E","T","?","?","?","M","E","M","M"],"items_purchased_type":["Card","Card","Card","Relic","Card","Relic","Card"],"build_version":"2020-12-22","purchased_purges":3,"victory":false,"max_hp_per_floor":[81,81,81,81,81,81,81,81,81,81,81,81,81,81,81,81,81,81,81,81,81,86,86,86,86,86,86,86,86,86,86,86,86],"card_choices":[{"not_picked":["champ:GutPunch","champ:FanOfKnives"],"picked":"champ:IronFortress","floor":2.0},{"not_picked":["champ:Backstep","champ:Haymaker"],"picked":"champ:StanceDance","floor":4.0},{"not_picked":["champ:EnGarde","champ:SwordSigil"],"picked":"champ:EnragedBash","floor":5.0},{"not_picked":["champ:HeartStrike","champ:GutPunch"],"picked":"champ:FancyFootwork","floor":8},{"not_picked":["champ:FocusedBerserking","champ:DeathBlow"],"picked":"champ:StrikeOfGenius","floor":9},{"not_picked":["champ:Circumvent","champ:DefensiveShout"],"picked":"champ:GutPunch","floor":11},{"not_picked":["champ:AdrenalArmor","champ:PreemptiveStrike","champ:FlashCut"],"picked":"SKIP","floor":12},{"not_picked":["champ:HeartStrike","champ:EnragedBash"],"picked":"champ:GladiatorForm","floor":13},{"not_picked":["champ:FanOfKnives","champ:BladeFlurry"],"picked":"champ:Shatter","floor":14},{"not_picked":["champ:RisingSlash","champ:Duel","champ:PerfectedStrike"],"picked":"SKIP","floor":15},{"not_picked":["champ:GladiatorForm","champ:SwordThrow"],"picked":"champ:CheapShot","floor":16},{"not_picked":["champ:FlashCut","champ:Haymaker+1","champ:PreciseThrust"],"picked":"SKIP","floor":19},{"not_picked":["champ:FanOfKnives+1","champ:BringItOn+1","champ:RisingSlash"],"picked":"SKIP","floor":20},{"not_picked":["champ:EnGarde","champ:Encircle+1","champ:CrookedStrike"],"picked":"SKIP","floor":23},{"not_picked":["champ:DefensiveShout","champ:CalledShot"],"picked":"champ:AdrenalArmor","floor":26},{"not_picked":["champ:FlashCut+1","champ:TornadoPunch","champ:Haymaker"],"picked":"SKIP","floor":28},{"not_picked":["champ:FaceSlap","champ:BringItOn"],"picked":"champ:PreciseThrust","floor":29},{"not_picked":["champ:PerfectedStrike","champ:TornadoPunch+1"],"picked":"champ:StanceDance","floor":30}],"player_experience":785877,"relics_obtained":[{"floor":7,"key":"Old Coin"},{"floor":9,"key":"WristBlade"},{"floor":12,"key":"Turnip"},{"floor":23,"key":"Orichalcum"},{"floor":27,"key":"Nilry\u0027s Codex"},{"floor":29,"key":"Regal Pillow"}],"event_choices":[],"is_beta":false,"boss_relics":[{"not_picked":["SacredBark","Busted Crown"],"picked":"Sozu"}],"items_purged_floors":[4,11,13],"is_endless":false,"potions_floor_spawned":[2,5,9,16,20,29,30],"killed_by":"Cultist and Chosen","ascension_level":0}}