{"host":"5ezk7t18wcb10u1o","time":1610933772,"event":{"mods":["BaseMod","Bestiary","Colored Powertips","Minty Spire (QoL Compilation)","Relic Sorter"],"gold_per_floor":[119,135,155,80,80,112,112,129,129,204,231,260,272,303,315,327,327],"floor_reached":16,"language":"ENG","playtime":723,"items_purged":[],"score":204,"play_id":"d70c0c8a-237b-443d-bd79-8e7728319cd7","local_time":"20210118013612","is_ascension_mode":true,"campfire_choices":[{"floor":7,"key":"DIG"},{"floor":13,"key":"REST"},{"floor":15,"key":"DIG"}],"circlet_count":0,"master_deck":["AscendersBane","Strike_B","Strike_B","Strike_B","Defend_B","Defend_B","Defend_B","Zap","Dualcast","Self Repair","Tempest","Reinforced Body","Gash","Streamline","Leap","Melter"],"relics":["Cracked Core","Shovel","TungstenRod","Ornamental Fan","Mango","MawBank","Boot"],"acts_visited":["Exordium"],"potions_floor_usage":[6,16],"damage_taken":[{"damage":1,"enemies":"Cultist","floor":1,"turns":3},{"damage":4,"enemies":"2 Louse","floor":2,"turns":3},{"damage":9,"enemies":"Jaw Worm","floor":3,"turns":3},{"damage":24,"enemies":"Gremlin Nob","floor":6,"turns":5},{"damage":9,"enemies":"Blue Slaver","floor":8,"turns":4},{"damage":2,"enemies":"3 Louse","floor":12,"turns":3},{"damage":16,"enemies":"Lots of Slimes","floor":14,"turns":4},{"damage":57,"enemies":"Hexaghost","floor":16,"turns":11}],"seed_played":"-8624815788970310896","potions_obtained":[{"floor":1,"key":"Weak Potion"},{"floor":2,"key":"SmokeBomb"},{"floor":8,"key":"FearPotion"},{"floor":12,"key":"Dexterity Potion"}],"is_trial":false,"path_per_floor":["M","M","M","?","?","E","R","M","T","?","T","M","R","M","R","B"],"character_chosen":"DEFECT","items_purchased":[],"campfire_rested":1,"item_purchase_floors":[],"current_hp_per_floor":[63,64,62,62,55,38,38,36,50,40,40,38,61,52,52,0,0],"gold":327,"neow_bonus":"ONE_RARE_RELIC","is_daily":false,"chose_seed":false,"campfire_upgraded":0,"win_rate":0.0,"timestamp":1610933772,"path_taken":["M","M","M","?","?","E","R","M","T","?","?","?","R","M","R","BOSS"],"items_purchased_type":[],"build_version":"2020-12-22","purchased_purges":0,"victory":false,"max_hp_per_floor":[64,64,64,64,64,64,64,64,78,78,78,78,78,78,78,78,78],"card_choices":[{"not_picked":["Streamline","Go for the Eyes"],"picked":"Self Repair","floor":1},{"not_picked":["Coolheaded","Redo"],"picked":"Tempest","floor":2},{"not_picked":["Conserve Battery","Hologram"],"picked":"Reinforced Body","floor":3},{"not_picked":["Chaos","Skim"],"picked":"Gash","floor":6},{"not_picked":["Blizzard","Storm"],"picked":"Streamline","floor":8},{"not_picked":["Tempest","Turbo"],"picked":"Leap","floor":12},{"not_picked":["Darkness","Chill"],"picked":"Melter","floor":14}],"player_experience":1138429,"relics_obtained":[{"floor":6,"key":"TungstenRod"},{"floor":7,"key":"Ornamental Fan"},{"floor":9,"key":"Mango"},{"floor":11,"key":"MawBank"},{"floor":15,"key":"Boot"}],"event_choices":[{"cards_removed":["Strike_B"],"damage_healed":0,"gold_gain":0,"player_choice":"Card Removal","damage_taken":0,"max_hp_gain":0,"max_hp_loss":0,"event_name":"The Cleric","floor":4,"gold_loss":75},{"cards_removed":["Defend_B"],"damage_healed":0,"gold_gain":0,"player_choice":"Card Removal","damage_taken":7,"max_hp_gain":0,"max_hp_loss":0,"event_name":"Golden Wing","floor":5,"gold_loss":0},{"damage_healed":0,"gold_gain":75,"player_choice":"Gather Gold","damage_taken":11,"max_hp_gain":0,"max_hp_loss":0,"event_name":"World of Goop","floor":10,"gold_loss":0}],"is_beta":false,"boss_relics":[],"items_purged_floors":[],"is_endless":false,"potions_floor_spawned":[1,2,8,12],"killed_by":"Hexaghost","ascension_level":20}}