{"host":"o5jvvi5yapo90aia","time":1610937476,"event":{"mods":["BaseMod","CapriCore","Minty Spire (QoL Compilation)","MostiFishMod","Prisma Mod","Spicy Shops","StSLib","TestMod","The Immortal","Yakumo Yukari mod","【人物mod】游戏王New YuGiOh mod","【功能Mod】Neow奖励"],"gold_per_floor":[113,127,141,141,161,161,193,205,205,232,232,261,336,369,369,443,443,456,456,489,499,335,364,289,317,391,48,48,72,72,111,111,190,190,211,211,233,233,251,281,311,341,396,396,321,351,370,390,390,395,400,400,400,28,67,72],"floor_reached":57,"language":"ZHS","playtime":1124,"items_purged":[],"score":4037,"play_id":"fbd01553-050c-4419-a4d3-080105f16701","local_time":"20210118103756","is_ascension_mode":true,"campfire_choices":[{"data":"Strike_R","floor":6.0,"key":"PURGE"},{"data":"Strike_R","floor":11.0,"key":"PURGE"},{"data":"Strike_R","floor":15.0,"key":"PURGE"},{"data":"Defend_R","floor":28,"key":"PURGE"},{"floor":32,"key":"RECALL"},{"data":"Reckless Charge+1","floor":49,"key":"PURGE"},{"data":"Body Slam+1","floor":53,"key":"PURGE"}],"circlet_count":0,"master_deck":["AscendersBane","Shockwave+1","MostiFishMod:CullingBlade+1","Burning Pact+1","Bludgeon+1","Entrench+1","Creative AI+1","MostiFishMod:404NotFound+1","Disarm+1","MostiFishMod:ActiveDefenseSystem+1","Battle Trance"],"relics":["DaveBox","testmod-TestBox","ExusiaiGun","ChiXiaoBlade","testmod-Temperance","SynthV:TestCard","Red Skull","Regal Pillow","testmod-HeartOfDaVinci","testmod-IndustrialRevolution","Runic Pyramid","Enchiridion","Red Mask","TheAbacus","Ancient Tea Set","Molten Egg 2","Symbiotic Virus","WingedGreaves","Pen Nib","testmod-BatchProcessingSystem","Mummified Hand","The Courier","testmod-Antiphasic","DataDisk","Mark of the Bloom","Charon\u0027s Ashes","PrismaticShard","Bag of Marbles","Happy Flower","Bronze Scales"],"acts_visited":["Exordium","TheCity","TheBeyond","TheEnding"],"potions_floor_usage":[56,56],"damage_taken":[{"damage":0.0,"enemies":"Small Slimes","floor":1.0,"turns":2.0},{"damage":0.0,"enemies":"Cultist","floor":2.0,"turns":1.0},{"damage":0.0,"enemies":"Jaw Worm","floor":3.0,"turns":2.0},{"damage":0.0,"enemies":"Large Slime","floor":5.0,"turns":2.0},{"damage":0.0,"enemies":"3 Sentries","floor":7.0,"turns":2.0},{"damage":0.0,"enemies":"Looter","floor":8.0,"turns":2.0},{"damage":0.0,"enemies":"Gremlin Nob","floor":10.0,"turns":1.0},{"damage":0.0,"enemies":"Lagavulin","floor":12.0,"turns":3.0},{"damage":0.0,"enemies":"Gremlin Nob","floor":14.0,"turns":2.0},{"damage":0.0,"enemies":"Slime Boss","floor":16.0,"turns":4.0},{"damage":0.0,"enemies":"3 Byrds","floor":18.0,"turns":1.0},{"damage":0.0,"enemies":"Masked Bandits","floor":20.0,"turns":2.0},{"damage":0.0,"enemies":"Chosen","floor":21.0,"turns":2.0},{"damage":0,"enemies":"Slavers","floor":23,"turns":2},{"damage":0,"enemies":"Gremlin Leader","floor":25,"turns":2},{"damage":0,"enemies":"Snake Plant","floor":29,"turns":1},{"damage":15,"enemies":"Slavers","floor":31,"turns":2},{"damage":0,"enemies":"Collector","floor":33,"turns":3},{"damage":0,"enemies":"3 Darklings","floor":35,"turns":1},{"damage":0,"enemies":"Orb Walker","floor":37,"turns":1},{"damage":0,"enemies":"3 Darklings","floor":39,"turns":2},{"damage":0,"enemies":"Giant Head","floor":40,"turns":2},{"damage":0,"enemies":"Reptomancer","floor":41,"turns":2},{"damage":0,"enemies":"Giant Head","floor":42,"turns":1},{"damage":0,"enemies":"Reptomancer","floor":46,"turns":1},{"damage":0,"enemies":"Maw","floor":47,"turns":2},{"damage":0,"enemies":"Sphere and 2 Shapes","floor":48,"turns":1},{"damage":0,"enemies":"Awakened One","floor":50,"turns":2},{"damage":0,"enemies":"Donu and Deca","floor":51,"turns":1},{"damage":0,"enemies":"Shield and Spear","floor":55,"turns":1},{"damage":18,"enemies":"The Heart","floor":56,"turns":5}],"seed_played":"7872812517143487102","potions_obtained":[{"floor":1.0,"key":"SpeedPotion"},{"floor":2.0,"key":"Weak Potion"},{"floor":12.0,"key":"BlessingOfTheForge"},{"floor":18.0,"key":"Block Potion"},{"floor":35,"key":"DuplicationPotion"}],"is_trial":false,"path_per_floor":["M","M","M","?","M","R","E","M","T","E","R","E","?","E","R","B",null,"M","?","?","M","$","E","?","E","T","$","R","M","?","E","R","B",null,"M","?","M","?","M","E","E","E","T","?","?","E","M","M","R","B","B",null,"R","$","E","B",null],"character_chosen":"IRONCLAD","items_purchased":["TheAbacus","WingedGreaves","PrismaticShard","Bag of Marbles","Happy Flower"],"campfire_rested":0,"item_purchase_floors":[22,27,54,54,54],"current_hp_per_floor":[69,70,71,71,72,72,73,74,74,75,75,75,64,66,66,68,73,75,54,56,58,58,60,60,62,62,62,62,62,62,47,47,47,68,68,68,68,68,68,68,68,68,68,68,68,68,68,68,68,68,68,68,68,68,68,50],"gold":72,"neow_bonus":"BOSS_RELIC","is_daily":false,"chose_seed":false,"campfire_upgraded":0,"win_rate":0.0,"timestamp":1610937476,"path_taken":["M","M","M","?","?","R","E","M","T","E","R","E","?","E","R","BOSS","M","?","?","M","$","E","?","E","T","?","R","M","?","E","R","BOSS","M","?","M","?","M","E","E","E","T","?","?","E","M","M","R","BOSS","BOSS","R","$","E","BOSS"],"items_purchased_type":["Relic","Relic","Relic","Relic","Relic"],"build_version":"2020-12-22","purchased_purges":0,"victory":true,"max_hp_per_floor":[75,75,75,75,75,75,75,75,75,75,75,75,75,75,75,75,75,75,75,75,75,75,75,75,75,75,75,75,75,75,75,75,75,75,75,75,75,71,71,71,71,71,71,71,71,71,71,71,71,71,71,71,71,71,71,71],"card_choices":[{"not_picked":["Blood for Blood","Second Wind","True Grit"],"picked":"SKIP","floor":1.0},{"not_picked":["Clash","Spot Weakness","Thunderclap","Flex","Body Slam"],"picked":"SKIP","floor":2.0},{"not_picked":["Clothesline","Twin Strike","Havoc","MostiFishMod:Chiaki"],"picked":"Cleave","floor":3.0},{"not_picked":["Iron Wave","True Grit","Shrug It Off","Intimidate","Dual Wield"],"picked":"SKIP","floor":5.0},{"not_picked":["Bloodletting","MostiFishMod:FireWorks","Iron Wave","Warcry"],"picked":"Shockwave","floor":7.0},{"not_picked":["Anger","Searing Blow","Flame Barrier","Iron Wave","Uppercut"],"picked":"SKIP","floor":8.0},{"not_picked":["Twin Strike","Flex","Whirlwind","Inflame"],"picked":"MostiFishMod:CullingBlade","floor":10.0},{"not_picked":["Intimidate","Headbutt","Armaments","Sword Boomerang","Bloodletting"],"picked":"SKIP","floor":12.0},{"not_picked":["Evolve","Rupture","Headbutt","Pummel"],"picked":"Burning Pact","floor":14.0},{"not_picked":["MostiFishMod:WingOfPhoenix","MostiFishMod:Chiaki","MostiFishMod:OrdinaryWorld","MostiFishMod:ChineseTea"],"picked":"Bludgeon","floor":16.0},{"not_picked":["Havoc","Armaments+1","Warcry","Anger","Whirlwind+1"],"picked":"SKIP","floor":18.0},{"not_picked":["Clash+1","Wild Strike","Dark Embrace","MostiFishMod:OrdinaryWorld"],"picked":"Entrench","floor":21.0},{"not_picked":["Perfected Strike","Thunderclap","Shrug It Off","Dual Wield","Heavy Blade"],"picked":"SKIP","floor":23},{"not_picked":["Seeing Red","Battle Trance","MostiFishMod:FireWorks","Dual Wield","Ghostly Armor"],"picked":"SKIP","floor":25},{"not_picked":["Clash+1","MostiFishMod:BrandingRite+1","Uppercut+1","Sentinel","Wild Strike+1"],"picked":"SKIP","floor":29},{"not_picked":["Combust","Flex","Searing Blow+1","Pommel Strike+1","Cleave+1"],"picked":"SKIP","floor":31},{"not_picked":["Limit Break","Demon Form","Impervious","MostiFishMod:OrdinaryWorld+1"],"picked":"MostiFishMod:404NotFound+1","floor":33},{"not_picked":["Wild Strike+1","Clash+1","Armaments+1","Iron Wave+1","Heavy Blade+1"],"picked":"SKIP","floor":35},{"not_picked":["Infernal Blade","Shrug It Off+1","Warcry","Power Through"],"picked":"Disarm+1","floor":36},{"not_picked":["Rage+1","Clash+1","Inflame","Burning Pact","Clothesline+1"],"picked":"SKIP","floor":37},{"not_picked":["Evolve","Intimidate","Anger+1","Metallicize","Twin Strike+1"],"picked":"SKIP","floor":39},{"not_picked":["Sentinel","Blood for Blood+1","Perfected Strike+1","Anger+1","Fire Breathing"],"picked":"SKIP","floor":40},{"not_picked":["MostiFishMod:#F4004","MostiFishMod:CullingBlade+1","Iron Wave+1","Warcry","Metallicize"],"picked":"SKIP","floor":41},{"not_picked":["Disarm","Spot Weakness","Rupture","Thunderclap+1","Iron Wave+1"],"picked":"SKIP","floor":42},{"not_picked":["Body Slam+1","Pommel Strike+1","Sword Boomerang+1","Dual Wield+1","Twin Strike+1"],"picked":"SKIP","floor":46},{"not_picked":["MostiFishMod:WingOfPhoenix","Anger+1","True Grit","Body Slam+1","Cleave+1"],"picked":"SKIP","floor":47},{"not_picked":["Inflame","Flex","Rage","Hemokinesis+1","Reckless Charge+1"],"picked":"SKIP","floor":48},{"not_picked":["Mirror_WaveAndshot_purple","Boundary_DynamicStaticEquilibrium_purple+1","UniverseChoice_purple","Charmbait_purple+1","Underhanded Strike+1"],"picked":"SKIP","floor":55}],"player_experience":1458907,"relics_obtained":[{"floor":1.0,"key":"SynthV:TestCard"},{"floor":7.0,"key":"Red Skull"},{"floor":10.0,"key":"Regal Pillow"},{"floor":12.0,"key":"testmod-HeartOfDaVinci"},{"floor":14.0,"key":"testmod-IndustrialRevolution"},{"floor":19.0,"key":"Enchiridion"},{"floor":20.0,"key":"Red Mask"},{"floor":23,"key":"Ancient Tea Set"},{"floor":25,"key":"Molten Egg 2"},{"floor":26,"key":"Symbiotic Virus"},{"floor":31,"key":"Pen Nib"},{"floor":40,"key":"Mummified Hand"},{"floor":41,"key":"The Courier"},{"floor":42,"key":"testmod-Antiphasic"},{"floor":43,"key":"DataDisk"},{"floor":46,"key":"Charon\u0027s Ashes"},{"floor":55,"key":"Bronze Scales"}],"event_choices":[{"damage_healed":0.0,"max_hp_gain":0.0,"max_hp_loss":0.0,"gold_gain":0.0,"cards_transformed":["Strike_R"],"event_name":"Transmorgrifier","player_choice":"Transformed","floor":4.0,"gold_loss":0.0,"damage_taken":0.0,"cards_obtained":["Iron Wave"]},{"damage_healed":0.0,"max_hp_gain":0.0,"max_hp_loss":0.0,"gold_gain":75.0,"event_name":"World of Goop","player_choice":"Gather Gold","floor":13.0,"gold_loss":0.0,"damage_taken":11.0},{"damage_healed":0.0,"max_hp_gain":0.0,"max_hp_loss":0.0,"gold_gain":0.0,"event_name":"Cursed Tome","player_choice":"Obtained Book","floor":19.0,"gold_loss":0.0,"damage_taken":21.0},{"damage_healed":0.0,"max_hp_gain":0.0,"max_hp_loss":0.0,"gold_gain":0.0,"event_name":"Masked Bandits","player_choice":"Fought Bandits","floor":20.0,"gold_loss":0.0,"damage_taken":0.0},{"cards_removed":["Iron Wave"],"damage_healed":0,"gold_gain":0,"player_choice":"Gave Gold","damage_taken":0,"max_hp_gain":0,"max_hp_loss":0,"event_name":"Beggar","floor":24,"gold_loss":75},{"damage_healed":0,"gold_gain":0,"player_choice":"Read","damage_taken":0,"max_hp_gain":0,"max_hp_loss":0,"event_name":"The Library","floor":30,"gold_loss":0,"cards_obtained":["Body Slam"]},{"damage_healed":0,"gold_gain":0,"player_choice":"Swap Relic","damage_taken":0,"relics_obtained":["Orrery"],"max_hp_gain":0,"max_hp_loss":0,"event_name":"给自己的盒子","floor":36,"relics_lost":["Orrery"],"gold_loss":0},{"damage_healed":0,"gold_gain":0,"player_choice":"Max HP","damage_taken":0,"max_hp_gain":0,"max_hp_loss":4,"event_name":"Winding Halls","floor":38,"gold_loss":0},{"damage_healed":0,"gold_gain":0,"player_choice":"Upgrade","damage_taken":0,"relics_obtained":["Mark of the Bloom"],"max_hp_gain":0,"max_hp_loss":0,"event_name":"MindBloom","floor":44,"gold_loss":0,"cards_upgraded":["Defend_R","Defend_R","Shockwave","MostiFishMod:CullingBlade","Burning Pact","Bludgeon","Entrench","Creative AI","MostiFishMod:ActiveDefenseSystem"]},{"damage_healed":0,"gold_gain":0,"cards_transformed":["Defend_R","Defend_R"],"player_choice":"Transformed Cards","damage_taken":0,"max_hp_gain":0,"max_hp_loss":0,"event_name":"Designer","floor":45,"gold_loss":75,"cards_obtained":["Reckless Charge","Battle Trance"]}],"is_beta":false,"boss_relics":[{"not_picked":["RhineCircuit","Snecko Eye"],"picked":"Runic Pyramid"},{"not_picked":["Runic Dome","GreenFoldingFan"],"picked":"testmod-BatchProcessingSystem"}],"items_purged_floors":[],"is_endless":false,"potions_floor_spawned":[1,2,5,8,12,18,25,31,35,39,47,55],"ascension_level":20}}