{"host":"04hh9gplt9wkfmr1","time":1610976122,"event":{"mods":["AchievementEnabler","BaseMod","Colored Map","KOR Keyword Fix","Minty Spire (QoL Compilation)","Rare Cards Sparkle","SuperFastMode"],"gold_per_floor":[367,97,110,110,110,142,142,172,250,79,90,90,104,121,121,224,224,235,254,274,287,303,303,303],"floor_reached":23,"language":"KOR","playtime":639,"items_purged":["Writhe"],"score":256,"play_id":"c1e39768-6aee-4b11-b1e0-85c19f41c05d","local_time":"20210118222202","is_ascension_mode":true,"campfire_choices":[{"floor":7.0,"key":"REST"},{"floor":12,"key":"REST"},{"data":"Accuracy","floor":15,"key":"SMITH"}],"circlet_count":0,"master_deck":["Strike_G","Strike_G","Strike_G","Strike_G","Defend_G","Defend_G","Defend_G","Defend_G","Defend_G","Survivor","Neutralize","Accuracy+1","Infinite Blades","Dagger Spray","Bandage Up+1","Corpse Explosion","Catalyst","Blade Dance+1","Madness+1","Well Laid Plans","Outmaneuver+1","Blade Dance+1","A Thousand Cuts","Cloak And Dagger+1","Footwork","Catalyst+1","PiercingWail+1"],"relics":["Ring of the Snake","Omamori","HornCleat","Toxic Egg 2","Runic Pyramid"],"acts_visited":["Exordium","TheCity"],"potions_floor_usage":[19,20,23],"damage_taken":[{"damage":1.0,"enemies":"Small Slimes","floor":1.0,"turns":4.0},{"damage":2.0,"enemies":"Jaw Worm","floor":3.0,"turns":4.0},{"damage":30.0,"enemies":"Gremlin Nob","floor":6.0,"turns":5.0},{"damage":37.0,"enemies":"Lagavulin","floor":8.0,"turns":8.0},{"damage":0,"enemies":"2 Louse","floor":11,"turns":2},{"damage":3,"enemies":"Looter","floor":13,"turns":3},{"damage":4,"enemies":"Large Slime","floor":14,"turns":5},{"damage":12,"enemies":"Hexaghost","floor":16,"turns":7},{"damage":17,"enemies":"2 Thieves","floor":18,"turns":3},{"damage":0,"enemies":"3 Byrds","floor":19,"turns":2},{"damage":0,"enemies":"Snecko","floor":20,"turns":4},{"damage":15,"enemies":"Cultist and Chosen","floor":21,"turns":5},{"damage":35,"enemies":"Snake Plant","floor":22,"turns":5},{"damage":24,"enemies":"Gremlin Leader","floor":23,"turns":3}],"seed_played":"654094455443196046","potions_obtained":[{"floor":13,"key":"SteroidPotion"},{"floor":16,"key":"BlessingOfTheForge"},{"floor":19,"key":"GhostInAJar"},{"floor":22,"key":"AttackPotion"}],"is_trial":false,"path_per_floor":["M","$","M","?","?","E","R","E","T","$","M","R","M","M","R","B",null,"M","M","M","M","M","E"],"character_chosen":"THE_SILENT","items_purchased":["Infinite Blades","Dagger Spray","Bandage Up","Blade Dance+1","Madness+1","Well Laid Plans"],"campfire_rested":2,"item_purchase_floors":[2,2,2,10,10,10],"current_hp_per_floor":[69,69,69,69,62,38,59,28,28,28,28,49,46,48,48,42,63,52,58,58,49,20,0,0],"gold":303,"neow_bonus":"TWO_FIFTY_GOLD","is_daily":false,"chose_seed":false,"campfire_upgraded":1,"win_rate":0.0,"timestamp":1610976122,"path_taken":["M","$","M","?","?","E","R","E","T","?","M","R","M","M","R","BOSS","M","M","M","M","M","E"],"items_purchased_type":["Card","Card","Card","Card","Card","Card"],"build_version":"2020-12-22","purchased_purges":1,"victory":false,"max_hp_per_floor":[70,70,70,70,70,70,70,70,70,70,70,70,70,70,70,70,70,70,70,70,70,70,70,70],"card_choices":[{"not_picked":["Cloak And Dagger","Bane"],"picked":"Accuracy","floor":1.0},{"not_picked":["Poisoned Stab","Flying Knee","Deflect"],"picked":"SKIP","floor":3.0},{"not_picked":["Prepared","Bane"],"picked":"Corpse Explosion","floor":6.0},{"not_picked":["Sucker Punch","Acrobatics"],"picked":"Catalyst","floor":8.0},{"not_picked":["Predator","Dodge and Roll+1","Flying Knee"],"picked":"SKIP","floor":11},{"not_picked":["Outmaneuver+1","Reflex+1","Slice"],"picked":"SKIP","floor":13},{"not_picked":["Reflex+1","Slice"],"picked":"Outmaneuver+1","floor":13},{"not_picked":["Well Laid Plans","Slice"],"picked":"Blade Dance+1","floor":14},{"not_picked":["Night Terror+1","Glass Knife"],"picked":"A Thousand Cuts","floor":16},{"not_picked":["Tactician+1","Outmaneuver+1","Predator+1"],"picked":"SKIP","floor":18},{"not_picked":["Calculated Gamble+1","Masterful Stab"],"picked":"Cloak And Dagger+1","floor":19},{"not_picked":["Bane","Dagger Spray"],"picked":"Footwork","floor":20},{"not_picked":["Dodge and Roll+1","Bouncing Flask+1"],"picked":"Catalyst+1","floor":21},{"not_picked":["Poisoned Stab","Footwork"],"picked":"PiercingWail+1","floor":22}],"player_experience":52887,"relics_obtained":[{"floor":6.0,"key":"Omamori"},{"floor":8.0,"key":"HornCleat"},{"floor":9.0,"key":"Toxic Egg 2"}],"event_choices":[{"damage_healed":0.0,"max_hp_gain":0.0,"max_hp_loss":0.0,"gold_gain":0.0,"event_name":"Living Wall","player_choice":"Grow","floor":4.0,"gold_loss":0.0,"damage_taken":0.0,"cards_upgraded":["Bandage Up"]},{"cards_removed":["Strike_G"],"damage_healed":0.0,"max_hp_gain":0.0,"max_hp_loss":0.0,"gold_gain":0.0,"event_name":"Golden Wing","player_choice":"Card Removal","floor":5.0,"gold_loss":0.0,"damage_taken":7.0}],"is_beta":false,"boss_relics":[{"not_picked":["Pandora\u0027s Box","Philosopher\u0027s Stone"],"picked":"Runic Pyramid"}],"items_purged_floors":[2],"is_endless":false,"potions_floor_spawned":[13,16,19,22],"killed_by":"Gremlin Leader","ascension_level":5}}