{"host":"5jzx1090woovszu4","time":1610942374,"event":{"mods":["BaseMod","Minty Spire (QoL Compilation)","Robot Space Explorer","Spicy Shops","StSLib"],"gold_per_floor":[117,128,140,140,140,174,174,191,271,288,304,629,629,655,655,757,757,768,768,768,782,796,796,834,834,834,861,861,861,879,211,211,306,306,335,362,379,155,210,228,237,237,262,262,294,79,138,179,179,179],"floor_reached":51,"language":"ENG","playtime":3192,"items_purged":[],"score":936,"play_id":"62867636-4427-4b05-bf52-3a95063c2dd9","local_time":"20210118045934","daily_mods":["SealedDeck","Allstar","Elite Swarm"],"is_ascension_mode":false,"campfire_choices":[{"data":"RobotSpaceExplorer:TrailblazerForm","floor":7,"key":"SMITH"},{"floor":13,"key":"DIG"},{"data":"RobotSpaceExplorer:ShovelStrike","floor":15,"key":"SMITH"},{"floor":23,"key":"DIG"},{"floor":25,"key":"REST"},{"floor":29,"key":"DIG"},{"floor":32,"key":"DIG"},{"floor":41,"key":"REST"},{"floor":44,"key":"DIG"},{"floor":49,"key":"REST"}],"circlet_count":0,"master_deck":["RobotSpaceExplorer:Discharger","RobotSpaceExplorer:Electroshield","RobotSpaceExplorer:Counterblock","RobotSpaceExplorer:Ammunition+1","RobotSpaceExplorer:RigExplosive","RobotSpaceExplorer:MiniDrones","RobotSpaceExplorer:ScrapShield+1","RobotSpaceExplorer:LuckyStrike","RobotSpaceExplorer:ShovelStrike+1","RobotSpaceExplorer:ScrapMissile","RobotSpaceExplorer:SurgingStrike","RobotSpaceExplorer:ChargingLaser+1","RobotSpaceExplorer:ScrapToss","RobotSpaceExplorer:TrailblazerForm+1","RobotSpaceExplorer:GearShield","RobotSpaceExplorer:ShockKick","RobotSpaceExplorer:Accelerator+1","RobotSpaceExplorer:Autoloader+1","RobotSpaceExplorer:Scanner+1","RobotSpaceExplorer:Discharger+1","RobotSpaceExplorer:SurgingStrike","RobotSpaceExplorer:ShockKick","RobotSpaceExplorer:Asteroid","RobotSpaceExplorer:TrailblazerForm+1","RobotSpaceExplorer:PowerCollector+1","RobotSpaceExplorer:ShockKick","Madness","Madness","RobotSpaceExplorer:ShockKick+1","Flash of Steel","Violence","RobotSpaceExplorer:Electroshield","RobotSpaceExplorer:Multitool+1"],"relics":["RobotSpaceExplorer:RoboCore","Shovel","Akabeko","Frozen Egg 2","Old Coin","War Paint","Blue Candle","SacredBark","CeramicFish","CaptainsWheel","Dream Catcher","Letter Opener","Matryoshka","Sundial","Membership Card","Singing Bowl","RobotSpaceExplorer:BottledGravity","DollysMirror","Pen Nib","Kunai","Centennial Puzzle","RobotSpaceExplorer:SearchSpecs","Strange Spoon","Frozen Eye","MealTicket","Gambling Chip","Strawberry","RobotSpaceExplorer:FoglandsKnife","Blood Vial","Pantograph","Girya","Art of War"],"acts_visited":["Exordium","TheCity","TheBeyond"],"potions_floor_usage":[6,8,11,12,14,16,16,18,22,22,27,27,30,33,33,36,36,36,39,39,45,45,45,45,48,48,50,50,50],"damage_taken":[{"damage":0,"enemies":"Cultist","floor":1,"turns":3},{"damage":0,"enemies":"2 Louse","floor":2,"turns":1},{"damage":0,"enemies":"Small Slimes","floor":3,"turns":1},{"damage":0,"enemies":"3 Sentries","floor":6,"turns":4},{"damage":0,"enemies":"3 Louse","floor":8,"turns":1},{"damage":0,"enemies":"Blue Slaver","floor":10,"turns":1},{"damage":0,"enemies":"Looter","floor":11,"turns":1},{"damage":11,"enemies":"Lagavulin","floor":12,"turns":5},{"damage":0,"enemies":"Gremlin Nob","floor":14,"turns":3},{"damage":21,"enemies":"The Guardian","floor":16,"turns":6},{"damage":3,"enemies":"2 Thieves","floor":18,"turns":3},{"damage":0,"enemies":"Spheric Guardian","floor":21,"turns":2},{"damage":0,"enemies":"Snake Plant","floor":22,"turns":1},{"damage":28,"enemies":"Slavers","floor":24,"turns":4},{"damage":1,"enemies":"Book of Stabbing","floor":27,"turns":5},{"damage":0,"enemies":"Chosen and Byrds","floor":30,"turns":4},{"damage":27,"enemies":"Automaton","floor":33,"turns":6},{"damage":1,"enemies":"3 Shapes","floor":35,"turns":3},{"damage":0,"enemies":"Orb Walker","floor":36,"turns":2},{"damage":13,"enemies":"Spire Growth","floor":37,"turns":4},{"damage":16,"enemies":"2 Orb Walkers","floor":39,"turns":3},{"damage":75,"enemies":"Nemesis","floor":45,"turns":5},{"damage":20,"enemies":"Mind Bloom Boss Battle","floor":47,"turns":6},{"damage":11,"enemies":"Giant Head","floor":48,"turns":5},{"damage":30,"enemies":"Awakened One","floor":50,"turns":7}],"seed_played":"-4120214390213645944","potions_obtained":[{"floor":2,"key":"ColorlessPotion"},{"floor":8,"key":"SneckoOil"},{"floor":10,"key":"RobotSpaceExplorer:PlasmaFlask"},{"floor":11,"key":"Explosive Potion"},{"floor":14,"key":"SkillPotion"},{"floor":24,"key":"LiquidMemories"},{"floor":30,"key":"RobotSpaceExplorer:RecyclePotion"},{"floor":33,"key":"Explosive Potion"},{"floor":37,"key":"EntropicBrew"},{"floor":48,"key":"Dexterity Potion"}],"is_trial":true,"path_per_floor":["M","M","M","?","?","E","R","M","T","M","M","E","R","E","R","B",null,"M","?","?","M","M","R","E","R","T","E","T","R","M","$","R","B",null,"M","M","M","$","?","?","R","$","T","R","E","$","?","E","R","B",null],"character_chosen":"RobotSpaceExplorer","items_purchased":["Membership Card","Singing Bowl","RobotSpaceExplorer:BottledGravity","DollysMirror","Pen Nib","Kunai","SteroidPotion","Strange Spoon","Frozen Eye","MealTicket","AttackPotion","DuplicationPotion","Flash of Steel","Violence"],"campfire_rested":3,"item_purchase_floors":[31,31,31,31,31,31,31,38,38,38,46,46,46,46],"current_hp_per_floor":[75,75,75,72,72,72,72,72,72,72,72,61,61,61,61,40,75,72,72,72,72,72,72,44,66,66,65,65,65,65,65,65,40,77,76,76,65,65,51,41,65,80,87,87,15,30,37,28,57,54],"gold":179,"neow_bonus":"","is_daily":false,"chose_seed":false,"campfire_upgraded":2,"win_rate":0.0,"timestamp":1610942374,"path_taken":["M","?","M","?","?","E","R","M","T","M","M","E","R","E","R","BOSS","M","?","?","M","M","R","E","R","T","E","?","R","M","$","R","BOSS","M","M","M","$","?","?","R","$","T","R","E","$","?","E","R","BOSS"],"items_purchased_type":["Relic","Relic","Relic","Relic","Relic","Relic","Potion","Relic","Relic","Relic","Potion","Potion","Card","Card"],"build_version":"2020-12-22","purchased_purges":0,"victory":true,"max_hp_per_floor":[75,75,75,75,75,75,75,75,75,75,75,75,75,75,75,75,75,75,75,75,75,75,75,75,75,75,75,75,75,75,75,75,77,77,77,77,79,79,81,81,81,81,88,88,90,90,90,90,92,92],"card_choices":[{"not_picked":["RobotSpaceExplorer:Pulsar","RobotSpaceExplorer:LaserBurst"],"picked":"RobotSpaceExplorer:SurgingStrike","floor":1},{"not_picked":["RobotSpaceExplorer:SurgingStrike","RobotSpaceExplorer:ToxicBomb"],"picked":"RobotSpaceExplorer:ChargingLaser","floor":2},{"not_picked":["RobotSpaceExplorer:MiniBoosters","RobotSpaceExplorer:ImprovisedAttack"],"picked":"RobotSpaceExplorer:ScrapToss","floor":3},{"not_picked":["RobotSpaceExplorer:Comet","RobotSpaceExplorer:DroneSwarm"],"picked":"RobotSpaceExplorer:TrailblazerForm","floor":6},{"not_picked":["RobotSpaceExplorer:Probe","RobotSpaceExplorer:SlimeMissile"],"picked":"RobotSpaceExplorer:GearShield","floor":8},{"not_picked":["RobotSpaceExplorer:Jetpack","RobotSpaceExplorer:StunGrenade","RobotSpaceExplorer:SurgingStrike"],"picked":"SKIP","floor":10},{"not_picked":["RobotSpaceExplorer:Calculate","RobotSpaceExplorer:SlimeMissile"],"picked":"RobotSpaceExplorer:ShockKick","floor":11},{"not_picked":["RobotSpaceExplorer:ChargingLaser","RobotSpaceExplorer:Blaster"],"picked":"RobotSpaceExplorer:Accelerator+1","floor":12},{"not_picked":["RobotSpaceExplorer:Accelerator+1","RobotSpaceExplorer:Exploration"],"picked":"RobotSpaceExplorer:Autoloader+1","floor":14},{"not_picked":["RobotSpaceExplorer:Accelerator+1","RobotSpaceExplorer:Autoloader+1"],"picked":"RobotSpaceExplorer:Scanner+1","floor":16},{"not_picked":["RobotSpaceExplorer:ScrapMissile+1","RobotSpaceExplorer:MiniDrones"],"picked":"RobotSpaceExplorer:Discharger+1","floor":18},{"not_picked":["RobotSpaceExplorer:GlueShot+1","RobotSpaceExplorer:SwiftStep"],"picked":"RobotSpaceExplorer:SurgingStrike","floor":21},{"not_picked":["RobotSpaceExplorer:GlueSpray","RobotSpaceExplorer:SwiftStep"],"picked":"RobotSpaceExplorer:ShockKick","floor":22},{"not_picked":["RobotSpaceExplorer:Autoloader+1","RobotSpaceExplorer:Wormhole"],"picked":"RobotSpaceExplorer:Asteroid","floor":24},{"not_picked":["RobotSpaceExplorer:Arsenal","RobotSpaceExplorer:Wormhole","RobotSpaceExplorer:Accelerator+1"],"picked":"SKIP","floor":27},{"not_picked":["RobotSpaceExplorer:Probe+1","RobotSpaceExplorer:FreezeRay+1","RobotSpaceExplorer:ScrapToss+1"],"picked":"SKIP","floor":30},{"not_picked":["RobotSpaceExplorer:Arsenal","RobotSpaceExplorer:Accelerator+1","RobotSpaceExplorer:TrailblazerForm+1"],"picked":"Singing Bowl","floor":33},{"not_picked":["RobotSpaceExplorer:MiniDrones","RobotSpaceExplorer:Electropulse"],"picked":"RobotSpaceExplorer:PowerCollector+1","floor":35},{"not_picked":["RobotSpaceExplorer:ScrapMissile","RobotSpaceExplorer:ExhaustFan+1"],"picked":"RobotSpaceExplorer:ShockKick","floor":36},{"not_picked":["RobotSpaceExplorer:SlimeMissile","RobotSpaceExplorer:Probe","RobotSpaceExplorer:Pulsar"],"picked":"Singing Bowl","floor":37},{"not_picked":["RobotSpaceExplorer:StunGrenade+1","RobotSpaceExplorer:ShovelStrike","RobotSpaceExplorer:Pulsar+1"],"picked":"Singing Bowl","floor":39},{"not_picked":["RobotSpaceExplorer:Counterblock","RobotSpaceExplorer:JunkDive+1"],"picked":"RobotSpaceExplorer:ShockKick+1","floor":41},{"not_picked":["RobotSpaceExplorer:Comet","RobotSpaceExplorer:Explosion","RobotSpaceExplorer:DroneSwarm+1"],"picked":"Singing Bowl","floor":45},{"not_picked":["RobotSpaceExplorer:SlimeMissile+1","RobotSpaceExplorer:ShovelStrike"],"picked":"RobotSpaceExplorer:Electroshield","floor":47},{"not_picked":["RobotSpaceExplorer:DroneSwarm+1","RobotSpaceExplorer:ChargingLaser"],"picked":"RobotSpaceExplorer:Multitool+1","floor":48},{"not_picked":["RobotSpaceExplorer:SlimeMissile+1","RobotSpaceExplorer:PowerGlove+1","RobotSpaceExplorer:ImprovisedAttack"],"picked":"Singing Bowl","floor":49}],"player_experience":609531,"relics_obtained":[{"floor":6,"key":"Akabeko"},{"floor":9,"key":"Frozen Egg 2"},{"floor":12,"key":"Old Coin"},{"floor":13,"key":"War Paint"},{"floor":14,"key":"Blue Candle"},{"floor":23,"key":"CeramicFish"},{"floor":24,"key":"CaptainsWheel"},{"floor":26,"key":"Dream Catcher"},{"floor":27,"key":"Letter Opener"},{"floor":28,"key":"Matryoshka"},{"floor":29,"key":"Sundial"},{"floor":32,"key":"Centennial Puzzle"},{"floor":39,"key":"Gambling Chip"},{"floor":43,"key":"Strawberry"},{"floor":43,"key":"RobotSpaceExplorer:FoglandsKnife"},{"floor":44,"key":"Blood Vial"},{"floor":45,"key":"Pantograph"},{"floor":47,"key":"Girya"},{"floor":48,"key":"Art of War"}],"event_choices":[{"damage_healed":0,"gold_gain":0,"player_choice":"Success","damage_taken":3,"relics_obtained":["Shovel"],"max_hp_gain":0,"max_hp_loss":0,"event_name":"Scrap Ooze","floor":4,"gold_loss":0},{"damage_healed":0,"gold_gain":0,"player_choice":"Grow","damage_taken":0,"max_hp_gain":0,"max_hp_loss":0,"event_name":"Living Wall","floor":5,"gold_loss":0,"cards_upgraded":["RobotSpaceExplorer:ChargingLaser"]},{"damage_healed":0,"gold_gain":0,"player_choice":"Simplicity","damage_taken":0,"max_hp_gain":0,"max_hp_loss":0,"event_name":"Back to Basics","floor":19,"gold_loss":0,"cards_upgraded":[]},{"damage_healed":0,"gold_gain":0,"player_choice":"Ignored","damage_taken":0,"max_hp_gain":0,"max_hp_loss":0,"event_name":"The Mausoleum","floor":20,"gold_loss":0},{"damage_healed":0,"gold_gain":0,"player_choice":"Fight","damage_taken":0,"max_hp_gain":0,"max_hp_loss":0,"event_name":"Mysterious Sphere","floor":39,"gold_loss":0},{"damage_healed":0,"gold_gain":0,"player_choice":"Embrace Madness","damage_taken":10,"max_hp_gain":0,"max_hp_loss":0,"event_name":"Winding Halls","floor":40,"gold_loss":0,"cards_obtained":["Madness","Madness"]},{"damage_healed":0,"gold_gain":0,"player_choice":"Fight","damage_taken":0,"max_hp_gain":0,"max_hp_loss":0,"event_name":"MindBloom","floor":47,"gold_loss":0}],"is_beta":false,"boss_relics":[{"not_picked":["Black Star","Ectoplasm"],"picked":"SacredBark"},{"not_picked":["Philosopher\u0027s Stone","Astrolabe"],"picked":"RobotSpaceExplorer:SearchSpecs"}],"items_purged_floors":[],"is_endless":false,"potions_floor_spawned":[2,8,10,11,14,24,30,33,37,47,48],"ascension_level":0}}