{"host":"0ueeacaatm8t6jyh","time":1610971793,"event":{"mods":["AchievementEnabler","BaseMod","Colored Powertips","Minty Spire (QoL Compilation)","Quick Restart","Rare Cards Sparkle","Shop Mod","StSLib"],"gold_per_floor":[113,163,180,200,217,217,250,250,327,357,357,386,386,396,396,467,467,479,489,539,539,539],"floor_reached":21,"language":"ZHS","playtime":776,"items_purged":[],"score":498,"play_id":"a429ffa8-5869-4089-bd9d-fe8c360bbc60","local_time":"20210118200953","is_ascension_mode":true,"campfire_choices":[{"data":"Armaments","floor":6.0,"key":"SMITH"},{"floor":8.0,"key":"REST"},{"data":"Shockwave","floor":11.0,"key":"SMITH"},{"floor":13.0,"key":"REST"},{"data":"Demon Form","floor":15.0,"key":"SMITH"}],"circlet_count":0,"master_deck":["AscendersBane","Strike_R","Strike_R","Strike_R","Defend_R","Defend_R","Defend_R","Defend_R","Bash","Demon Form+1","Rampage","Armaments+1","Immolate","Pommel Strike","Seeing Red","Shockwave+1","Sword Boomerang","Bloodletting","Reaper","Battle Trance"],"relics":["Burning Blood","Lizard Tail","Bottled Lightning","Oddly Smooth Stone","Meat on the Bone","Empty Cage"],"acts_visited":["Exordium","TheCity"],"potions_floor_usage":[],"damage_taken":[{"damage":13.0,"enemies":"2 Louse","floor":1.0,"turns":4.0},{"damage":12.0,"enemies":"Cultist","floor":3.0,"turns":4.0},{"damage":8.0,"enemies":"Small Slimes","floor":4.0,"turns":4.0},{"damage":15.0,"enemies":"Red Slaver","floor":5.0,"turns":5.0},{"damage":20.0,"enemies":"Lagavulin","floor":7.0,"turns":7.0},{"damage":20.0,"enemies":"3 Sentries","floor":10.0,"turns":8.0},{"damage":29.0,"enemies":"Gremlin Nob","floor":12.0,"turns":4.0},{"damage":5.0,"enemies":"Looter","floor":14.0,"turns":3.0},{"damage":3.0,"enemies":"Slime Boss","floor":16.0,"turns":4.0},{"damage":35.0,"enemies":"Shell Parasite","floor":18.0,"turns":6.0},{"damage":44.0,"enemies":"2 Thieves","floor":19.0,"turns":4.0},{"damage":87,"enemies":"Sentry and Sphere","floor":21,"turns":7}],"seed_played":"-948260068942511081","potions_obtained":[{"floor":4.0,"key":"Strength Potion"},{"floor":7.0,"key":"EssenceOfSteel"},{"floor":12.0,"key":"FearPotion"},{"floor":14.0,"key":"Explosive Potion"},{"floor":16.0,"key":"SteroidPotion"}],"is_trial":false,"path_per_floor":["M","?","M","M","M","R","E","R","T","E","R","E","R","M","R","B",null,"M","M","?","M"],"character_chosen":"IRONCLAD","items_purchased":[],"campfire_rested":2,"item_purchase_floors":[],"current_hp_per_floor":[61,61,55,53,44,44,30,52,52,38,38,15,37,50,50,53,70,53,35,35,0,0],"gold":539,"neow_bonus":"ONE_RANDOM_RARE_CARD","is_daily":false,"chose_seed":false,"campfire_upgraded":3,"win_rate":0.0,"timestamp":1610971793,"path_taken":["M","?","M","M","M","R","E","R","T","E","R","E","R","?","R","BOSS","M","M","?","M"],"items_purchased_type":[],"build_version":"2020-12-22","purchased_purges":0,"victory":false,"max_hp_per_floor":[75,75,75,75,75,75,75,75,75,75,75,75,75,75,75,75,75,75,75,75,75,75],"card_choices":[{"not_picked":["Headbutt","Entrench"],"picked":"Rampage","floor":1.0},{"not_picked":["Flex","Reckless Charge"],"picked":"Armaments","floor":3.0},{"not_picked":["Headbutt","Spot Weakness"],"picked":"Immolate","floor":4.0},{"not_picked":["Anger","Clothesline"],"picked":"Pommel Strike","floor":5.0},{"not_picked":["Pommel Strike","Body Slam"],"picked":"Seeing Red","floor":7.0},{"not_picked":["Carnage","Flex"],"picked":"Shockwave","floor":10.0},{"not_picked":["Clash","Armaments"],"picked":"Sword Boomerang","floor":12.0},{"not_picked":["Armaments","Rage"],"picked":"Bloodletting","floor":14.0},{"not_picked":["Brutality","Double Tap"],"picked":"Reaper","floor":16.0},{"not_picked":["Anger","Disarm","Searing Blow"],"picked":"SKIP","floor":18.0},{"not_picked":["Perfected Strike","Anger"],"picked":"Battle Trance","floor":19.0}],"player_experience":391196,"relics_obtained":[{"floor":7.0,"key":"Lizard Tail"},{"floor":9.0,"key":"Bottled Lightning"},{"floor":10.0,"key":"Oddly Smooth Stone"},{"floor":12.0,"key":"Meat on the Bone"}],"event_choices":[{"damage_healed":0.0,"max_hp_gain":0.0,"max_hp_loss":0.0,"gold_gain":50.0,"event_name":"Golden Shrine","player_choice":"Pray","floor":2.0,"gold_loss":0.0,"damage_taken":0.0},{"damage_healed":0.0,"max_hp_gain":0.0,"max_hp_loss":0.0,"gold_gain":50.0,"event_name":"Nest","player_choice":"Stole From Cult","floor":20.0,"gold_loss":0.0,"damage_taken":0.0}],"is_beta":false,"boss_relics":[{"not_picked":["Black Star","Fusion Hammer"],"picked":"Empty Cage"}],"items_purged_floors":[],"is_endless":false,"potions_floor_spawned":[4,7,12,14,16],"killed_by":"Sentry and Sphere","ascension_level":20}}