{"host":"mlczotyo8j5fj6lt","time":1610969889,"event":{"mods":["AchievementEnabler","BaseMod","Better Third Choice","BetterRewards","Conspire","Fox Events","Good Game Mod","Googly Eyes","Minty Spire (QoL Compilation)","Quick Restart","Replay The Spire","StS++","StSLib"],"gold_per_floor":[116,116,128,150,195,207,233,17,17,27,42,62,62,79,79,180,180,120,120,219,232,157,157,176,176,176,32,65,81,81,10,10,107,107,121,131,142,20,20,20,39,39,39,39,39],"floor_reached":44,"language":"ENG","playtime":2593,"items_purged":[],"score":418,"play_id":"7b872aa0-ac6b-41a1-a6f4-c445c89e78b0","local_time":"20210118123809","is_ascension_mode":false,"campfire_choices":[{"floor":6.0,"key":"REST"},{"floor":13.0,"key":"REST"},{"data":"Apotheosis","floor":25.0,"key":"SMITH"},{"floor":30,"key":"REST"},{"floor":32,"key":"REST"},{"floor":40,"key":"REST"}],"circlet_count":2,"master_deck":["Strike_B","Strike_B","Strike_B","Defend_B","Defend_B+1","Defend_B","Defend_B","Zap+1","Dualcast","Conserve Battery","DeceiveReality+1","Genetic Algorithm+1","Beam Cell","Apotheosis+1","Fusion","Madness","Conserve Battery","Creative AI","Gash","Genetic Algorithm+1","Gash","Storm","Gash+1","StSpp:Saturation","Seek","Ball Lightning","Auto Shields"],"relics":["Cracked Core","MawBank","Happy Flower","War Paint","Black Star","Nilry\u0027s Codex","Circlet","Blood Vial","Nuclear Battery","Sundial"],"acts_visited":["TheBeyond"],"potions_floor_usage":[37,41,41],"damage_taken":[{"damage":6.0,"enemies":"Jaw Worm","floor":1.0,"turns":3.0},{"damage":0.0,"enemies":"Small Slimes","floor":4.0,"turns":4.0},{"damage":0.0,"enemies":"conspire:MimicChest","floor":5.0,"turns":7.0},{"damage":1.0,"enemies":"2 Louse","floor":7.0,"turns":2.0},{"damage":23.0,"enemies":"2 Fungi Beasts","floor":10.0,"turns":4.0},{"damage":0.0,"enemies":"Blue Slaver","floor":11.0,"turns":3.0},{"damage":0.0,"enemies":"Large Slime","floor":12.0,"turns":7.0},{"damage":5.0,"enemies":"Red Slaver","floor":14.0,"turns":4.0},{"damage":36.0,"enemies":"Fading Forest","floor":16.0,"turns":11.0},{"damage":6.0,"enemies":"2 Thieves","floor":18.0,"turns":4.0},{"damage":0.0,"enemies":"Chosen","floor":21.0,"turns":6.0},{"damage":9.0,"enemies":"Shelled Parasite and Fungi","floor":24.0,"turns":8.0},{"damage":26.0,"enemies":"Gremlin Leader","floor":28.0,"turns":7.0},{"damage":17,"enemies":"Snake Plant","floor":29,"turns":7},{"damage":10,"enemies":"Champ","floor":33,"turns":9},{"damage":39,"enemies":"3 Darklings","floor":35,"turns":7},{"damage":16,"enemies":"3 Shapes","floor":36,"turns":6},{"damage":22,"enemies":"Maw","floor":37,"turns":8},{"damage":3,"enemies":"Transient","floor":41,"turns":5},{"damage":31,"enemies":"Writhing Mass","floor":44,"turns":3}],"seed_played":"-1574947092643104197","potions_obtained":[{"floor":4.0,"key":"DistilledChaos"},{"floor":5.0,"key":"Ancient Potion"},{"floor":15.0,"key":"Flashbang"},{"floor":24.0,"key":"Explosive Potion"},{"floor":29,"key":"FearPotion"},{"floor":37,"key":"AttackPotion"},{"floor":41,"key":"Dexterity Potion"}],"is_trial":false,"path_per_floor":["M","?","$","M","?","R","M","$","T","M","M","M","R","M","R","B",null,"M","?","?","M","?","?","M","R","T","$","E","M","R","$","R","B",null,"M","M","M","$","?","R","M","?","T","M"],"character_chosen":"DEFECT","items_purchased":["Apotheosis","Fusion","Storm","PotionOfCapacity","StSpp:Saturation","Auto Shields","Adrenaline Potion"],"campfire_rested":5,"item_purchase_floors":[8,8,27,27,31,38,38],"current_hp_per_floor":[69,43,43,43,43,65,64,64,64,41,41,41,63,58,58,22,75,69,53,53,53,53,53,44,44,44,44,18,3,25,25,47,39,75,36,22,2,2,2,24,23,23,23,0,0],"gold":39,"neow_bonus":"UPGRADE_CARD","is_daily":false,"chose_seed":false,"campfire_upgraded":1,"win_rate":0.0,"timestamp":1610969889,"path_taken":["M","?","$","M","?","R","M","?","T","M","M","M","R","?","R","BOSS","M","?","?","M","?","?","?","R","T","$","E","M","R","?","R","BOSS","M","M","?","$","?","R","M","?","T","?"],"items_purchased_type":["Card","Card","Card","Potion","Card","Card","Potion"],"build_version":"2020-12-22","purchased_purges":0,"victory":false,"max_hp_per_floor":[75,75,75,75,75,75,75,75,75,75,75,75,75,75,75,75,75,75,75,75,75,75,75,75,75,75,75,75,75,75,75,75,75,75,75,75,75,75,75,75,75,75,75,75,75],"card_choices":[{"not_picked":["Stack","Steam"],"picked":"Conserve Battery","floor":1.0},{"not_picked":["Hologram","Barrage"],"picked":"Genetic Algorithm","floor":4.0},{"not_picked":["Stack","Turbo"],"picked":"Beam Cell","floor":7.0},{"not_picked":["Double Energy","Force Field"],"picked":"Go for the Eyes","floor":10.0},{"not_picked":["Hologram","ReplayTheSpireMod:GoodbyeWorld"],"picked":"ReplayGash","floor":11.0},{"not_picked":["Darkness","Stack","Undo"],"picked":"SKIP","floor":12.0},{"not_picked":["Time Bomb","Rip and Tear"],"picked":"Conserve Battery","floor":14.0},{"not_picked":["All For One","Buffer"],"picked":"Creative AI","floor":16.0},{"not_picked":["Turbo","Streamline","Beam Cell"],"picked":"SKIP","floor":18.0},{"not_picked":["Ball Lightning+1","Streamline"],"picked":"Gash","floor":21.0},{"not_picked":["Aggregate+1","All For One"],"picked":"Gash","floor":24.0},{"not_picked":["Go for the Eyes","Steam+1"],"picked":"Gash+1","floor":28},{"not_picked":["Compile Driver","conspire:Rain","Hologram"],"picked":"SKIP","floor":29},{"not_picked":["StSpp:CopyPaste","Machine Learning"],"picked":"Seek","floor":33},{"not_picked":["Doom and Gloom","Streamline+1"],"picked":"Ball Lightning","floor":35},{"not_picked":["Compile Driver+1","Doom and Gloom+1","Barrage"],"picked":"SKIP","floor":36},{"not_picked":["Sunder+1","Panic Button","Stack+1"],"picked":"SKIP","floor":37},{"not_picked":["Double Energy+1","conspire:SharedLibrary","Compile Driver+1"],"picked":"SKIP","floor":41}],"player_experience":189917,"relics_obtained":[{"floor":5.0,"key":"Happy Flower"},{"floor":9.0,"key":"War Paint"},{"floor":19.0,"key":"Nilry\u0027s Codex"},{"floor":26.0,"key":"Circlet"},{"floor":28,"key":"Blood Vial"},{"floor":28,"key":"Circlet"},{"floor":43,"key":"Sundial"}],"event_choices":[{"damage_healed":0.0,"max_hp_gain":0.0,"max_hp_loss":0.0,"gold_gain":0.0,"event_name":"Cursed Tome","player_choice":"Obtained Book","floor":19.0,"gold_loss":0.0,"damage_taken":16.0},{"damage_healed":0.0,"max_hp_gain":0.0,"max_hp_loss":0.0,"gold_gain":99.0,"event_name":"Nest","player_choice":"Stole From Cult","floor":20.0,"gold_loss":0.0,"damage_taken":0.0},{"cards_removed":["Strike_B"],"damage_healed":0.0,"max_hp_gain":0.0,"max_hp_loss":0.0,"gold_gain":0.0,"event_name":"Beggar","player_choice":"Gave Gold","floor":22.0,"gold_loss":75.0,"damage_taken":0.0},{"damage_healed":0.0,"max_hp_gain":0.0,"max_hp_loss":0.0,"gold_gain":0.0,"event_name":"Duplicator","player_choice":"Copied","floor":23.0,"gold_loss":0.0,"damage_taken":0.0,"cards_obtained":["Genetic Algorithm"]},{"cards_removed":["Go for the Eyes"],"damage_healed":0,"gold_gain":0,"player_choice":"Removed Attack","damage_taken":0,"max_hp_gain":0,"max_hp_loss":0,"event_name":"Falling","floor":39,"gold_loss":0},{"damage_healed":0,"gold_gain":0,"player_choice":"Ignored","damage_taken":0,"max_hp_gain":0,"max_hp_loss":0,"event_name":"NoteForYourself","floor":42,"gold_loss":0}],"is_beta":false,"boss_relics":[{"not_picked":["Pandora\u0027s Box","Circlet"],"picked":"Black Star"},{"not_picked":["Tiny House","SacredBark"],"picked":"Nuclear Battery"}],"items_purged_floors":[],"is_endless":false,"potions_floor_spawned":[4,5,24,29,37,41],"killed_by":"Writhing Mass","ascension_level":0}}