{"host":"wshh0nphwn6jv7vj","time":1610940580,"event":{"mods":["BaseMod","Bestiary","Minty Spire (QoL Compilation)","Relic Stats"],"gold_per_floor":[112,112,37,37,37,72,72,84,84,103,131,147,147,180,180,254,254,274,274,287,303,303,303,303],"floor_reached":23,"language":"ENG","playtime":844,"items_purged":[],"score":433,"play_id":"c1d1a338-41e0-41cc-aa6f-2e642d935086","local_time":"20210117222940","is_ascension_mode":true,"campfire_choices":[{"data":"Sweeping Beam","floor":7,"key":"SMITH"},{"data":"Capacitor","floor":15,"key":"SMITH"}],"circlet_count":0,"master_deck":["AscendersBane","Zap+1","Dualcast","Sweeping Beam+1","Ball Lightning","Echo Form","Undo","Capacitor+1","Electrodynamics","Rip and Tear","Stack","Turbo","FTL","Capacitor","White Noise","Gash","Conserve Battery","Hologram","Steam","Ghostly","Ghostly","Ghostly"],"relics":["Cracked Core","NeowsBlessing","Darkstone Periapt","Symbiotic Virus","Singing Bowl","Dream Catcher","Bag of Marbles","Pandora\u0027s Box"],"acts_visited":["Exordium","TheCity"],"potions_floor_usage":[11,14,23],"damage_taken":[{"damage":0,"enemies":"Small Slimes","floor":1,"turns":1},{"damage":0,"enemies":"3 Sentries","floor":6,"turns":1},{"damage":0,"enemies":"2 Louse","floor":8,"turns":1},{"damage":0,"enemies":"Cultist","floor":10,"turns":3},{"damage":5,"enemies":"Lagavulin","floor":11,"turns":5},{"damage":7,"enemies":"Looter","floor":12,"turns":4},{"damage":12,"enemies":"3 Sentries","floor":14,"turns":6},{"damage":25,"enemies":"Slime Boss","floor":16,"turns":9},{"damage":30,"enemies":"Shell Parasite","floor":18,"turns":5},{"damage":12,"enemies":"Chosen","floor":20,"turns":4},{"damage":32,"enemies":"Centurion and Healer","floor":21,"turns":4},{"damage":45,"enemies":"Book of Stabbing","floor":23,"turns":3}],"seed_played":"6146244109433149202","potions_obtained":[{"floor":1,"key":"SkillPotion"},{"floor":6,"key":"Weak Potion"},{"floor":8,"key":"Fire Potion"},{"floor":12,"key":"FairyPotion"},{"floor":14,"key":"Ancient Potion"},{"floor":21,"key":"DistilledChaos"}],"is_trial":false,"path_per_floor":["M","?","?","?","$","E","R","M","T","M","E","M","?","E","R","B",null,"M","?","M","M","?","E"],"character_chosen":"DEFECT","items_purchased":[],"campfire_rested":0,"item_purchase_floors":[],"current_hp_per_floor":[64,46,46,69,69,69,69,69,69,71,66,61,61,49,49,24,62,32,32,20,22,22,0,0],"gold":303,"neow_bonus":"THREE_ENEMY_KILL","is_daily":false,"chose_seed":false,"campfire_upgraded":2,"win_rate":0.0,"timestamp":1610940580,"path_taken":["M","?","?","?","$","E","R","M","T","M","E","M","?","E","R","BOSS","M","?","M","M","?","E"],"items_purchased_type":[],"build_version":"2020-12-22","purchased_purges":0,"victory":false,"max_hp_per_floor":[71,71,71,71,71,71,71,71,71,73,73,75,75,75,75,75,75,75,75,75,75,37,37,37],"relic_stats":{"Darkstone Periapt":0,"Dream Catcher":0,"Singing Bowl":4,"counters":[12,46],"Pandora\u0027s Box":["Rip and Tear","Stack","Turbo","FTL","Capacitor","White Noise","Gash"],"obtain_stats":[{"Darkstone Periapt":2,"Dream Catcher":11,"NeowsBlessing":0,"Singing Bowl":9,"Pandora\u0027s Box":17,"Bag of Marbles":14,"Cracked Core":0,"Symbiotic Virus":6},{"Darkstone Periapt":1,"Dream Catcher":5,"NeowsBlessing":0,"Singing Bowl":3,"Pandora\u0027s Box":8,"Bag of Marbles":7,"Cracked Core":0,"Symbiotic Virus":2},{"Darkstone Periapt":1,"Dream Catcher":11,"NeowsBlessing":0,"Singing Bowl":3,"Pandora\u0027s Box":30,"Bag of Marbles":21,"Cracked Core":0,"Symbiotic Virus":2}]},"card_choices":[{"not_picked":["Redo","Stack"],"picked":"Sweeping Beam","floor":1},{"not_picked":["Gash","Conserve Battery"],"picked":"Ball Lightning","floor":6},{"not_picked":["Steam Power","Sweeping Beam"],"picked":"Echo Form","floor":8},{"not_picked":["Steam","Scrape","Barrage"],"picked":"Singing Bowl","floor":10},{"not_picked":["Melter","All For One"],"picked":"Undo","floor":11},{"not_picked":["Coolheaded","Stack","Streamline"],"picked":"Singing Bowl","floor":12},{"not_picked":["Consume","Gash"],"picked":"Capacitor","floor":14},{"not_picked":["Reboot","Amplify"],"picked":"Electrodynamics","floor":16},{"not_picked":["Redo","Streamline"],"picked":"Conserve Battery","floor":18},{"not_picked":["Recycle","Storm"],"picked":"Hologram","floor":20},{"not_picked":["Hologram","Thunder Strike"],"picked":"Steam","floor":21}],"player_experience":1582461,"relics_obtained":[{"floor":6,"key":"Symbiotic Virus"},{"floor":9,"key":"Singing Bowl"},{"floor":11,"key":"Dream Catcher"},{"floor":14,"key":"Bag of Marbles"}],"event_choices":[{"damage_healed":0,"gold_gain":0,"player_choice":"Success","damage_taken":18,"relics_obtained":["Darkstone Periapt"],"max_hp_gain":0,"max_hp_loss":0,"event_name":"Scrap Ooze","floor":2,"gold_loss":0},{"cards_removed":["Strike_B"],"damage_healed":0,"gold_gain":0,"player_choice":"Card Removal","damage_taken":0,"max_hp_gain":0,"max_hp_loss":0,"event_name":"The Cleric","floor":3,"gold_loss":75},{"damage_healed":23,"gold_gain":0,"player_choice":"Banana","damage_taken":0,"max_hp_gain":0,"max_hp_loss":0,"event_name":"Big Fish","floor":4,"gold_loss":0},{"damage_healed":0,"gold_gain":0,"player_choice":"Forge","damage_taken":0,"max_hp_gain":0,"max_hp_loss":0,"event_name":"Accursed Blacksmith","floor":13,"gold_loss":0,"cards_upgraded":["Zap"]},{"damage_healed":0,"gold_gain":0,"player_choice":"Ignored","damage_taken":0,"max_hp_gain":0,"max_hp_loss":0,"event_name":"Vampires","floor":19,"gold_loss":0},{"damage_healed":0,"gold_gain":0,"player_choice":"Became a Ghost","damage_taken":0,"max_hp_gain":0,"max_hp_loss":38,"event_name":"Ghosts","floor":22,"gold_loss":0,"cards_obtained":["Ghostly","Ghostly","Ghostly"]}],"is_beta":false,"boss_relics":[{"not_picked":["Sozu","Black Star"],"picked":"Pandora\u0027s Box"}],"items_purged_floors":[],"is_endless":false,"potions_floor_spawned":[1,6,8,12,14,16,21],"killed_by":"Book of Stabbing","ascension_level":17}}