{"host":"5ty8fyb0ngp9gspj","time":1610934136,"event":{"mods":["2.2 Compatiblity","AchievementEnabler","Act Like it!","BaseMod","Colored Map","Downfall","Hubris","Minty Spire (QoL Compilation)","Rare Cards Sparkle","Relic Stats","StSLib","The Jungle","slay the spire mod where everything is the same but ironclad has a cowboy hat"],"gold_per_floor":[110,129,304,304,38,65,65,97,122,141,141,141,141,156,156,260,260,276,293,293,293,48,48,48],"floor_reached":23,"language":"ENG","playtime":601,"items_purged":["Doubt","Shame"],"score":278,"play_id":"03c5f50c-287a-4aed-aa14-86f98584e27b","local_time":"20210118124216","is_ascension_mode":true,"campfire_choices":[{"data":"Bash","floor":7,"key":"SMITH"},{"data":"Clothesline","floor":11,"key":"SMITH"},{"data":"Spot Weakness","floor":13,"key":"SMITH"},{"data":"Disarm","floor":15,"key":"SMITH"}],"circlet_count":0,"master_deck":["Strike_R","Strike_R","Strike_R","Strike_R+1","Strike_R","Defend_R","Defend_R+1","Defend_R","Defend_R+1","Bash+1","Spot Weakness+1","Dropkick","Thunderclap","Offering+1","Clothesline+1","Disarm+1","Bloodletting","Rupture+1","Feed","Shame"],"relics":["Burning Blood","NeowsBlessing","Bronze Scales","Frozen Egg 2","War Paint","hubris:VirtuousBlindfold","theJungle:PaperFaux","Anchor"],"acts_visited":["Exordium","Exordium"],"potions_floor_usage":[8,14,18],"damage_taken":[{"damage":0,"enemies":"Jaw Worm","floor":1,"turns":1},{"damage":0,"enemies":"Small Slimes","floor":2,"turns":1},{"damage":0,"enemies":"Lagavulin","floor":6,"turns":1},{"damage":22,"enemies":"Gremlin Nob","floor":8,"turns":3},{"damage":0,"enemies":"Cultist","floor":10,"turns":3},{"damage":6,"enemies":"Blue Slaver","floor":14,"turns":1},{"damage":17,"enemies":"Hexaghost","floor":16,"turns":6},{"damage":9,"enemies":"theJungle:5_Spyders","floor":18,"turns":3},{"damage":19,"enemies":"theJungle:Flameango_and_Byrd","floor":19,"turns":3},{"damage":62,"enemies":"theJungle:Cassacara","floor":23,"turns":5}],"seed_played":"-1772216003168335688","potions_obtained":[{"floor":1,"key":"BloodPotion"},{"floor":2,"key":"ColorlessPotion"},{"floor":8,"key":"BlessingOfTheForge"},{"floor":16,"key":"Slimebound:ThreeZeroPotion"},{"floor":18,"key":"Guardian:BlockOnCardUsePotion"},{"floor":19,"key":"bronze:BurnAndBuffPotion"}],"is_trial":false,"path_per_floor":["M","M","?","?","$","E","R","E","T","M","R","?","R","M","R","B",null,"M","M","?","?","$","E"],"character_chosen":"IRONCLAD","items_purchased":["Thunderclap","Offering","Anchor"],"campfire_rested":0,"item_purchase_floors":[5,5,22],"current_hp_per_floor":[80,80,80,64,64,70,70,54,54,60,60,60,60,60,60,49,72,72,62,62,62,62,0,0],"gold":48,"neow_bonus":"THREE_ENEMY_KILL","is_daily":false,"chose_seed":false,"campfire_upgraded":4,"win_rate":0.0,"timestamp":1610934136,"path_taken":["M","M","?","?","?","E","R","E","T","M","R","?","R","M","R","BOSS","M","?","?","?","$","E"],"items_purchased_type":["Card","Card","Relic"],"build_version":"2020-12-22","purchased_purges":2,"victory":false,"max_hp_per_floor":[80,80,80,80,80,80,80,80,80,80,80,80,80,80,80,80,80,83,86,86,86,86,86,86],"relic_stats":{"counters":[10,27],"Bronze Scales":[55],"War Paint":["Offering","Defend_R"],"obtain_stats":[{"Anchor":22,"NeowsBlessing":0,"Bronze Scales":6,"hubris:VirtuousBlindfold":17,"Frozen Egg 2":8,"War Paint":9,"theJungle:PaperFaux":20,"Burning Blood":0},{"Anchor":9,"NeowsBlessing":0,"Bronze Scales":3,"hubris:VirtuousBlindfold":7,"Frozen Egg 2":4,"War Paint":4,"theJungle:PaperFaux":9,"Burning Blood":0},{"Anchor":22,"NeowsBlessing":0,"Bronze Scales":3,"hubris:VirtuousBlindfold":16,"Frozen Egg 2":6,"War Paint":6,"theJungle:PaperFaux":22,"Burning Blood":0}],"Burning Blood":42},"card_choices":[{"not_picked":["Seeing Red","True Grit"],"picked":"Spot Weakness","floor":1},{"not_picked":["Headbutt","Havoc"],"picked":"Dropkick","floor":2},{"not_picked":["Reckless Charge","Corruption","Cleave"],"picked":"SKIP","floor":6},{"not_picked":["Power Through","Twin Strike"],"picked":"Clothesline","floor":8},{"not_picked":["Iron Wave","Warcry"],"picked":"Disarm","floor":10},{"not_picked":["Pommel Strike","Inflame+1"],"picked":"Rupture+1","floor":14},{"not_picked":["Juggernaut+1","Bludgeon"],"picked":"Feed","floor":16},{"not_picked":["Shrug It Off","Armaments+1","Anger"],"picked":"SKIP","floor":18},{"not_picked":["Seeing Red+1","hubris:ReadiedAction","Perfected Strike"],"picked":"SKIP","floor":19}],"player_experience":387824,"relics_obtained":[{"floor":6,"key":"Bronze Scales"},{"floor":8,"key":"Frozen Egg 2"},{"floor":9,"key":"War Paint"}],"event_choices":[{"damage_healed":0,"gold_gain":175,"player_choice":"AGREE","damage_taken":0,"max_hp_gain":0,"max_hp_loss":0,"event_name":"Liars Game","floor":3,"gold_loss":0,"cards_obtained":["Doubt"]},{"damage_healed":0,"gold_gain":0,"player_choice":"Entered Light","damage_taken":16,"max_hp_gain":0,"max_hp_loss":0,"event_name":"Shining Light","floor":4,"gold_loss":0,"cards_upgraded":["Defend_R","Strike_R"]},{"damage_healed":0,"gold_gain":0,"player_choice":"2 cards matched","damage_taken":0,"max_hp_gain":0,"max_hp_loss":0,"event_name":"Match and Keep!","floor":12,"gold_loss":0,"cards_obtained":["Shame","Bloodletting"]}],"is_beta":false,"boss_relics":[{"not_picked":["hubris:CrackedHourglass","Sozu"],"picked":"hubris:VirtuousBlindfold"}],"items_purged_floors":[5,22],"is_endless":false,"potions_floor_spawned":[1,2,8,16,18,19],"killed_by":"theJungle:Cassacara","ascension_level":5}}