{"host":"y726iemdj1t5bvru","time":1610951888,"event":{"mods":["Act Like it!","BaseMod","HololiveMod","Marisa£®ÏF”Í°°ƒß¿Ì…≥£©","Minty Spire (QoL Compilation)","Reimu£®≤©¿ˆ¡È√Œ£©","Remilia£®¿Ÿ√◊¿Ú—«£©","Replay The Spire","Shop Mod","StSLib","The Servant 0.9.4","Waifu the Spire","Youmu£®ªÍ∆«—˝√Œ£©","[IsaacMod]“‘»ˆº‚À˛"],"gold_per_floor":[109,124,124,140,153,184,184,184,184],"floor_reached":8,"language":"ZHS","playtime":382,"items_purged":[],"score":67,"play_id":"07fe2643-9b71-4ee3-90c7-84e736b89324","local_time":"20210118143808","is_ascension_mode":true,"campfire_choices":[{"data":"HeavenSword","floor":7.0,"key":"SMITH"}],"circlet_count":0,"master_deck":["Strike_YM","Strike_YM","Strike_YM","Strike_YM","Defend_YM","Defend_YM","Defend_YM","Defend_YM","SlashOfPresentWorld","WheelOfPainOfLivingAndDead","EpicFetus","GreatEnlightenmentAppearingAndDisappearing","SwordExtraction","CherryBlossomFlashing","ConstancyOfTheConventionalTruth","HeavenSword+1"],"relics":["HalfPhantom","HushsDoor","BookofShadows","ReplayFunnel"],"acts_visited":["Exordium"],"potions_floor_usage":[],"damage_taken":[{"damage":0.0,"enemies":"Cultist","floor":1.0,"turns":3.0},{"damage":0.0,"enemies":"2 Louse","floor":2.0,"turns":3.0},{"damage":9.0,"enemies":"Small Slimes","floor":4.0,"turns":4.0},{"damage":20.0,"enemies":"Exordium Thugs","floor":5.0,"turns":5.0},{"damage":8.0,"enemies":"Gremlin Nob","floor":6.0,"turns":5.0},{"damage":0,"enemies":"3 Sentries","floor":8,"turns":1}],"seed_played":"7844157637795409464","potions_obtained":[{"floor":4.0,"key":"FearPotion"},{"floor":5.0,"key":"LiquidMemories"}],"is_trial":false,"path_per_floor":["M","M","?","M","M","E","R","E"],"character_chosen":"YOUMU","items_purchased":[],"campfire_rested":0,"item_purchase_floors":[],"current_hp_per_floor":[75,75,75,66,46,38,38,38,38],"gold":184,"neow_bonus":"ONE_RANDOM_RARE_CARD","is_daily":false,"chose_seed":false,"campfire_upgraded":1,"win_rate":0.0,"timestamp":1610951888,"path_taken":["M","?","?","M","M","E","R","E"],"items_purchased_type":[],"build_version":"2020-12-22","purchased_purges":0,"victory":false,"max_hp_per_floor":[75,75,75,75,75,75,75,75,75],"card_choices":[{"not_picked":[],"picked":"EpicFetus","floor":0.0},{"not_picked":["CherryBlossomFlashing","HumanKnowledgeSword"],"picked":"SwordExtraction","floor":1.0},{"not_picked":["ConstancyOfTheConventionalTruth","FlashingScatteredFlowers","HumanRealmSword"],"picked":"SKIP","floor":2.0},{"not_picked":["ThreeKonsSevenHakus","FlashingScatteredFlowers"],"picked":"CherryBlossomFlashing","floor":4.0},{"not_picked":["SpiritCuttingSword","Bomb"],"picked":"ConstancyOfTheConventionalTruth","floor":5.0},{"not_picked":["HeavenGodSword","SlashOfMeditation"],"picked":"HeavenSword","floor":6.0}],"player_experience":394249,"relics_obtained":[{"floor":6.0,"key":"ReplayFunnel"}],"event_choices":[],"is_beta":false,"boss_relics":[],"items_purged_floors":[],"is_endless":false,"potions_floor_spawned":[4,5],"killed_by":"3 Sentries","ascension_level":3}}