{"host":"fworv1gvvajf3x0f","time":1610983571,"event":{"mods":["AchievementEnabler","Aspiration","BaseMod","Better Match","Better Note","Better Sensory Stone","Better Third Choice","Better Vampires","Better-Laid Plans","BetterRewards","Colored Map","Colored Powertips","Displayed Cursed Tome","Energized Spire","Good Game Mod","Highlight Path","Infinite Spire","Minty Spire (QoL Compilation)","Poor People Problems","Relic Stats","Replay The Spire","Spicy Shops","StSLib"],"gold_per_floor":[109,126,126,126,176,217,246,20,20,20,51,109,121,135,135,238,238,251,161,180,193,211,211,229,240,240,254,254,280,379,396,396,492,492,512,523,535,535,550,582,582,610,636,636,636,687,687,697,697,697,697,697,25,53,53,53],"floor_reached":55,"language":"ZHS","playtime":6754,"items_purged":["Looming Evil","Looming Evil","ReplayTheSpireMod:Splinters"],"score":1269,"play_id":"3506034a-a6cf-4686-8b9c-5fda1a5febfb","local_time":"20210118232611","is_ascension_mode":true,"campfire_choices":[{"data":"Well Laid Plans","floor":10,"key":"SMITH"},{"data":"Storm of Steel","floor":23,"key":"SMITH"},{"data":"Acrobatics","floor":28,"key":"SMITH"},{"data":"ReplayTheSpireMod:Shiv Toss","floor":32,"key":"SMITH"},{"floor":41,"key":"RECALL"},{"data":"Acrobatics","floor":47,"key":"SMITH"},{"data":"Acrobatics","floor":49,"key":"SMITH"},{"data":"Acrobatics","floor":52,"key":"SMITH"}],"circlet_count":0,"master_deck":["Strike_G","Strike_G","Strike_G","Strike_G","Defend_G","Defend_G+1","Defend_G","Defend_G","Survivor","Neutralize","Storm of Steel+1","Well Laid Plans+1","Outmaneuver","Prepared","PiercingWail","ReplayTheSpireMod:Scrap Shanks+1","Predator+1","Predator+1","Endless Agony+1","Expertise+1","Accuracy+1","ReplayTheSpireMod:Shiv Toss+1","Adrenaline+1","ReplayTheSpireMod:IOU","Backflip","Backflip","Hidden Blade","Voices","Acrobatics+1","ReplayTheSpireMod:Scrap Shanks+1","Acrobatics+1","Doppelganger+1","Acrobatics+1","Blade Dance+1","Sickly","Acrobatics+1","ReplayTheSpireMod:The Works+1","Reflex+1","Acrobatics+1","Adrenaline+1","Infinite Blades+1","Infinite Blades+1","Acrobatics+1","Normality","Finisher+1"],"relics":["PureWater","REME:ComplimentaryCards","White Beast Statue","aspiration:StickyExplosives","infinitespire:Cubic Diamond","Ring of Fury","Ring of Greed","MawBank","Golden Egg","Blue Doll","Question Card","Sundial","War Paint","Coffee Dripper","infinitespire:FocusingShard","Red Mask","energizedSpire:DeadBattery","Ginger","Ninja Scroll","infinitespire:Joker Card","Iron Hammer","DollysMirror","Replay:WaspNest"],"acts_visited":["Exordium","TheCity","TheBeyond","TheEnding"],"potions_floor_usage":[6,11,21,22,22,36,50,54,55,55,55],"damage_taken":[{"damage":0,"enemies":"2 Louse","floor":1,"turns":2},{"damage":4,"enemies":"Small Slimes","floor":2,"turns":4},{"damage":13,"enemies":"Gremlin Nob","floor":6,"turns":4},{"damage":12,"enemies":"Jaw Worm","floor":7,"turns":4},{"damage":0,"enemies":"Lagavulin","floor":11,"turns":4},{"damage":6,"enemies":"Gremlin Nob","floor":12,"turns":3},{"damage":3,"enemies":"Red Slaver","floor":13,"turns":2},{"damage":7,"enemies":"Looter","floor":14,"turns":3},{"damage":0,"enemies":"Fading Forest","floor":16,"turns":11},{"damage":0,"enemies":"Spheric Guardian","floor":18,"turns":2},{"damage":0,"enemies":"3 Byrds","floor":20,"turns":3},{"damage":0,"enemies":"Cultist and Chosen","floor":21,"turns":2},{"damage":1,"enemies":"Chosen and Byrds","floor":22,"turns":4},{"damage":23,"enemies":"Centurion and Healer","floor":24,"turns":2},{"damage":0,"enemies":"3 Cultists","floor":25,"turns":3},{"damage":0,"enemies":"Chosen and Byrds","floor":27,"turns":1},{"damage":0,"enemies":"Masked Bandits","floor":29,"turns":1},{"damage":0,"enemies":"Sentry and Sphere","floor":31,"turns":3},{"damage":28,"enemies":"Automaton","floor":33,"turns":5},{"damage":20,"enemies":"3 Darklings","floor":35,"turns":3},{"damage":1,"enemies":"Orb Walker","floor":36,"turns":2},{"damage":0,"enemies":"3 Darklings","floor":37,"turns":2},{"damage":38,"enemies":"4 Shapes","floor":39,"turns":2},{"damage":15,"enemies":"R_Hoarder","floor":40,"turns":5},{"damage":0,"enemies":"Giant Head","floor":42,"turns":4},{"damage":0,"enemies":"2 Orb Walkers","floor":46,"turns":2},{"damage":0,"enemies":"Spire Growth","floor":48,"turns":2},{"damage":63,"enemies":"Awakened One","floor":50,"turns":5},{"damage":127,"enemies":"Shield and Spear","floor":54,"turns":4},{"damage":16,"enemies":"The Heart","floor":55,"turns":3}],"seed_played":"8394759184812063970","potions_obtained":[{"floor":1,"key":"FairyPotion"},{"floor":2,"key":"Block Potion"},{"floor":6,"key":"DuplicationPotion"},{"floor":7,"key":"Dexterity Potion"},{"floor":11,"key":"Fruit Juice"},{"floor":12,"key":"FearPotion"},{"floor":13,"key":"Block Potion"},{"floor":21,"key":"FearPotion"},{"floor":22,"key":"Elixir"},{"floor":24,"key":"Venom Potion"},{"floor":25,"key":"LifebloodPotion"},{"floor":29,"key":"FairyPotion"},{"floor":35,"key":"Energy Potion"},{"floor":36,"key":"Cursed Concoction"},{"floor":40,"key":"Elixir"},{"floor":54,"key":"DuplicationPotion"}],"is_trial":false,"path_per_floor":["M","M","?","?","?","E","M","$","T","R","E","?","M","M","R_BF","B",null,"M","?","M","M","M","R","M","M","T","M","R","?","?","M","R","B",null,"M","M","M","AVR","M","E","R","E","T","?","?","?","R","M","R","B",null,"R","$","E","B"],"character_chosen":"THE_SILENT","items_purchased":["White Beast Statue","Well Laid Plans","aspiration:StickyExplosives","ReplayTheSpireMod:Scrap Shanks","Predator","Endless Agony","Iron Hammer","DollysMirror","Infinite Blades","SkillPotion","Acrobatics","Fire Potion"],"campfire_rested":0,"item_purchase_floors":[0,0,0,8,8,8,53,53,53,53,53,53],"current_hp_per_floor":[70,66,66,66,66,53,41,41,41,41,46,40,37,30,30,38,75,75,75,75,75,74,74,51,51,51,51,51,51,51,51,51,23,75,55,54,54,54,16,1,1,1,1,1,1,1,1,1,1,9,75,75,75,14,0,0],"gold":53,"neow_bonus":"","is_daily":false,"chose_seed":false,"campfire_upgraded":7,"win_rate":0.0,"timestamp":1610983571,"path_taken":["M","M","?","?","?","E","?","?","T","R","E","?","M","M","R_BF","BOSS","M","?","M","?","M","R","M","M","T","M","R","?","?","M","R","BOSS","M","M","M","AVR","M","E","R","E","T","?","?","?","R","?","R","BOSS","R","$","E","BOSS"],"items_purchased_type":["Relic","Card","Relic","Card","Card","Card","Relic","Relic","Card","Potion","Card","Potion"],"build_version":"2020-12-22","purchased_purges":3,"victory":false,"max_hp_per_floor":[70,70,70,70,70,70,70,70,70,70,75,75,75,75,75,75,75,75,75,75,75,75,75,75,75,75,75,75,75,75,75,75,75,75,75,75,75,75,75,75,75,75,75,75,75,75,75,75,75,75,75,75,75,75,75,75],"relic_stats":{"counters":[77,306],"Sundial":[6],"Ginger":[4],"War Paint":["Expertise","Defend_G"],"MawBank":36,"Question Card":34,"obtain_stats":[{"Divine Protection":28,"Golden Egg":5,"Calipers":26,"Vampiric Spirits":29,"infinitespire:Cubic Diamond":4,"Ginger":40,"Lizard Tail":9,"aspiration:PoetsPen":51,"Sundial":11,"DollysMirror":53,"MealTicket":13,"Iron Hammer":53,"aspiration:StickyExplosives":0,"Ring of Hypnosis":12,"ReplayTheSpireMod:CursedCoin":10,"aspiration:SeaSaltIceCream":26,"infinitespire:Magic Flask":10,"War Paint":12,"Question Card":9,"Akabeko":29,"aspiration:FrozenJewel":47,"Snecko Scales":29,"ReplayTheSpireMod:Ring of Collecting":12,"Molten Egg 2":7,"CultistMask":14,"Grinning Jar":0,"Unceasing Top":0,"energizedSpire:PogoStick":34,"ReplayTheSpireMod:Ring of Exchange":22,"Blue Doll":6,"Incense Burner":36,"Empty Cage":17,"PrismaticShard":27,"Smiling Mask":7,"Replay:Bandana":10,"energizedSpire:CursedPentagram":17,"Chameleon Ring":23,"Ninja Scroll":42,"Ring of Peace":20,"Red Mask":29,"aspiration:FutureDiary":26,"Ring of the Snake":0,"Gremlin Food":36,"NeowsBlessing":0,"Guide Book":36,"infinitespire:FocusingShard":26,"infinitespire:Joker Card":46,"Replay:WaspNest":54,"infinitespire:Lucky Rock":20,"Ring of Greed":5,"MawBank":5,"energizedSpire:DeadBattery":34,"White Beast Statue":0,"Mercury Hourglass":23,"Strange Spoon":31,"REME:ComplimentaryCards":0,"aspiration:WatcherSkillbook":34,"Ring of Fury":5,"Bag of Marbles":41,"Coffee Dripper":17,"Membership Card":0,"ReplayTheSpireMod:Ring of Challenge":26,"PureWater":4,"infinitespire:Midas Blood":9},{"Divine Protection":13,"Golden Egg":49,"Calipers":33,"Vampiric Spirits":35,"infinitespire:Cubic Diamond":49,"Ginger":71,"Lizard Tail":5,"aspiration:PoetsPen":46,"Sundial":52,"DollysMirror":75,"MealTicket":26,"Iron Hammer":75,"aspiration:StickyExplosives":47,"Ring of Hypnosis":6,"ReplayTheSpireMod:CursedCoin":23,"aspiration:SeaSaltIceCream":12,"infinitespire:Magic Flask":23,"War Paint":53,"Question Card":51,"Akabeko":13,"aspiration:FrozenJewel":44,"Snecko Scales":35,"ReplayTheSpireMod:Ring of Collecting":6,"Molten Egg 2":4,"CultistMask":6,"Grinning Jar":18,"Unceasing Top":18,"energizedSpire:PogoStick":14,"ReplayTheSpireMod:Ring of Exchange":30,"Blue Doll":50,"Incense Burner":39,"Empty Cage":7,"PrismaticShard":12,"Smiling Mask":23,"Replay:Bandana":23,"energizedSpire:CursedPentagram":28,"Chameleon Ring":31,"Ninja Scroll":72,"Ring of Peace":9,"Red Mask":64,"aspiration:FutureDiary":12,"Ring of the Snake":0,"Gremlin Food":39,"NeowsBlessing":0,"Guide Book":39,"infinitespire:FocusingShard":62,"infinitespire:Joker Card":73,"Replay:WaspNest":76,"infinitespire:Lucky Rock":9,"Ring of Greed":49,"MawBank":49,"energizedSpire:DeadBattery":66,"White Beast Statue":47,"Mercury Hourglass":11,"Strange Spoon":13,"REME:ComplimentaryCards":0,"aspiration:WatcherSkillbook":38,"Ring of Fury":49,"Bag of Marbles":42,"Coffee Dripper":56,"Membership Card":18,"ReplayTheSpireMod:Ring of Challenge":12,"PureWater":49,"infinitespire:Midas Blood":23},{"Divine Protection":55,"Golden Egg":215,"Calipers":160,"Vampiric Spirits":170,"infinitespire:Cubic Diamond":215,"Ginger":286,"Lizard Tail":16,"aspiration:PoetsPen":208,"Sundial":227,"DollysMirror":299,"MealTicket":124,"Iron Hammer":299,"aspiration:StickyExplosives":209,"Ring of Hypnosis":18,"ReplayTheSpireMod:CursedCoin":112,"aspiration:SeaSaltIceCream":49,"infinitespire:Magic Flask":112,"War Paint":230,"Question Card":223,"Akabeko":55,"aspiration:FrozenJewel":199,"Snecko Scales":170,"ReplayTheSpireMod:Ring of Collecting":18,"Molten Egg 2":11,"CultistMask":18,"Grinning Jar":95,"Unceasing Top":95,"energizedSpire:PogoStick":66,"ReplayTheSpireMod:Ring of Exchange":147,"Blue Doll":219,"Incense Burner":184,"Empty Cage":29,"PrismaticShard":49,"Smiling Mask":112,"Replay:Bandana":112,"energizedSpire:CursedPentagram":138,"Chameleon Ring":153,"Ninja Scroll":290,"Ring of Peace":38,"Red Mask":264,"aspiration:FutureDiary":49,"Ring of the Snake":0,"Gremlin Food":184,"NeowsBlessing":0,"Guide Book":184,"infinitespire:FocusingShard":262,"infinitespire:Joker Card":292,"Replay:WaspNest":303,"infinitespire:Lucky Rock":38,"Ring of Greed":215,"MawBank":215,"energizedSpire:DeadBattery":272,"White Beast Statue":209,"Mercury Hourglass":46,"Strange Spoon":55,"REME:ComplimentaryCards":0,"aspiration:WatcherSkillbook":181,"Ring of Fury":215,"Bag of Marbles":193,"Coffee Dripper":246,"Membership Card":95,"ReplayTheSpireMod:Ring of Challenge":49,"PureWater":215,"infinitespire:Midas Blood":112}]},"card_choices":[{"not_picked":["Sucker Punch","Dagger Throw"],"picked":"Outmaneuver","floor":1},{"not_picked":["Poisoned Stab","Dash","PiercingWail"],"picked":"SKIP","floor":2},{"not_picked":["Flying Knee","Backstab"],"picked":"Prepared","floor":6},{"not_picked":["Bouncing Flask","Dagger Throw"],"picked":"PiercingWail","floor":7},{"not_picked":["Choke","Endless Agony","Dodge and Roll"],"picked":"Expertise","floor":11},{"not_picked":["Doppelganger","Acrobatics","Dodge and Roll"],"picked":"Accuracy","floor":12},{"not_picked":["Deadly Poison","Slice","Endless Agony"],"picked":"ReplayTheSpireMod:Shiv Toss","floor":13},{"not_picked":["Quick Slash","Outmaneuver","Backstab","Endless Agony"],"picked":"SKIP","floor":14},{"not_picked":["Grand Finale","ReplayTheSpireMod:Necrosis","Corpse Explosion"],"picked":"Adrenaline","floor":16},{"not_picked":["Noxious Fumes","Slice","Dagger Spray","Bouncing Flask"],"picked":"SKIP","floor":18},{"not_picked":["Escape Plan","Noxious Fumes+1","PiercingWail"],"picked":"Sucker Punch","floor":20},{"not_picked":["Deadly Poison+1","Slice","Dagger Throw","Sucker Punch"],"picked":"SKIP","floor":21},{"not_picked":["Setup","PiercingWail","Dash"],"picked":"Backflip","floor":22},{"not_picked":["Prepared","Quick Slash+1","Backstab"],"picked":"Backflip","floor":24},{"not_picked":["Underhanded Strike","Burst","Concentrate"],"picked":"Hidden Blade","floor":25},{"not_picked":["Backflip","Dodge and Roll+1","Bane"],"picked":"Acrobatics","floor":27},{"not_picked":["Prepared+1","Cloak And Dagger","Dodge and Roll+1"],"picked":"ReplayTheSpireMod:Scrap Shanks+1","floor":29},{"not_picked":["PiercingWail","Hidden Blade","Poisoned Stab"],"picked":"Acrobatics","floor":31},{"not_picked":["Venomology","infinitespire:Neurotoxin","Malaise"],"picked":"Doppelganger","floor":33},{"not_picked":["Bane","Sucker Punch+1","Draining Mist+1"],"picked":"Acrobatics","floor":35},{"not_picked":["PiercingWail+1","Dagger Spray+1","Deadly Poison+1","Slice+1"],"picked":"SKIP","floor":36},{"not_picked":["PiercingWail","Underhanded Strike","Outmaneuver"],"picked":"Blade Dance+1","floor":37},{"not_picked":["PiercingWail","Slice","Noxious Fumes"],"picked":"Acrobatics+1","floor":39},{"not_picked":["Sneak Up","infinitespire:Neurotoxin","Endless Agony"],"picked":"ReplayTheSpireMod:The Works+1","floor":40},{"not_picked":["Blade Dance+1","Well Laid Plans","Cloak And Dagger"],"picked":"Reflex+1","floor":42},{"not_picked":["PiercingWail+1","Blade Dance","Dagger Throw"],"picked":"Acrobatics","floor":45},{"not_picked":["Flying Knee","Outmaneuver+1","Backstab","Underhanded Strike"],"picked":"SKIP","floor":48},{"not_picked":["All Out Attack","Bane","Cloak And Dagger+1"],"picked":"Finisher+1","floor":54}],"player_experience":273303,"relics_obtained":[{"floor":5,"key":"Ring of Fury"},{"floor":5,"key":"Ring of Greed"},{"floor":5,"key":"MawBank"},{"floor":5,"key":"Golden Egg"},{"floor":6,"key":"Blue Doll"},{"floor":9,"key":"Question Card"},{"floor":11,"key":"Sundial"},{"floor":12,"key":"War Paint"},{"floor":26,"key":"infinitespire:FocusingShard"},{"floor":29,"key":"Red Mask"},{"floor":40,"key":"Ginger"},{"floor":42,"key":"Ninja Scroll"},{"floor":46,"key":"infinitespire:Joker Card"},{"floor":54,"key":"Replay:WaspNest"}],"event_choices":[{"damage_healed":0,"gold_gain":0,"player_choice":"Searched \u00271\u0027 times","damage_taken":0,"max_hp_gain":0,"max_hp_loss":0,"event_name":"Dead Adventurer","floor":12,"gold_loss":0},{"cards_removed":["Strike_G"],"damage_healed":0,"gold_gain":0,"player_choice":"Upgrade and Remove","damage_taken":0,"max_hp_gain":0,"max_hp_loss":0,"event_name":"Designer","floor":19,"gold_loss":90,"cards_upgraded":["Accuracy"]},{"damage_healed":0,"gold_gain":0,"player_choice":"Fought Bandits","damage_taken":0,"max_hp_gain":0,"max_hp_loss":0,"event_name":"Masked Bandits","floor":29,"gold_loss":0},{"damage_healed":0,"gold_gain":99,"player_choice":"Steal","damage_taken":0,"max_hp_gain":0,"max_hp_loss":0,"event_name":"betterThird:BetterNest","floor":30,"gold_loss":0},{"cards_removed":["Sucker Punch"],"damage_healed":0,"gold_gain":0,"player_choice":"Removed Attack","damage_taken":0,"max_hp_gain":0,"max_hp_loss":0,"event_name":"Falling","floor":44,"gold_loss":0},{"damage_healed":0,"gold_gain":0,"player_choice":"Fight","damage_taken":0,"max_hp_gain":0,"max_hp_loss":0,"event_name":"Mysterious Sphere","floor":46,"gold_loss":0}],"is_beta":false,"boss_relics":[{"not_picked":["Fusion Hammer","aspiration:IroncladSkillbook"],"picked":"Coffee Dripper"},{"not_picked":["aspiration:RunicSpoon","energizedSpire:StickyHand"],"picked":"energizedSpire:DeadBattery"}],"items_purged_floors":[8,38,53],"is_endless":false,"potions_floor_spawned":[1,2,6,7,11,12,13,14,16,18,20,21,22,24,25,27,29,31,33,35,36,37,39,40,42,46,48,54],"killed_by":"The Heart","ascension_level":4}}