{"host":"nsu382cuivk29rjh","time":1610988137,"event":{"mods":["BaseMod","Downfall","Minty Spire (QoL Compilation)","StSLib"],"gold_per_floor":[99,109,119,132,145,145,219,219,61,79,79,112,112,132,152,254,254,254,268,268,268,285,295,295,195,210,3,36,36,56,74,94,196,196,96,81,136,148,148,180,180,80,96,146,172,187,204,228,245,245,245,279,21,21,21,21,21],"floor_reached":55,"language":"ZHS","playtime":4179,"items_purged":["Chrysalis"],"score":828,"play_id":"9ce458e8-6e89-45c1-9483-c79ae7e5b737","local_time":"20210119004217","is_ascension_mode":false,"campfire_choices":[{"data":"hexamod:Float","floor":1,"key":"SMITH"},{"data":"hexamod:BurningTouch","floor":11,"key":"SMITH"},{"data":"hexamod:Rewind","floor":13,"key":"SMITH"},{"floor":18,"key":"RECALL"},{"data":"hexamod:EtherealExpedition","floor":25,"key":"SMITH"},{"data":"hexamod:EtherealExpedition","floor":29,"key":"SMITH"},{"data":"hexamod:WildfireWeapon","floor":35,"key":"SMITH"},{"data":"hexamod:ChargedBarrage","floor":42,"key":"SMITH"},{"floor":54,"key":"REST"}],"circlet_count":0,"master_deck":["hexamod:Strike","hexamod:Strike","hexamod:Strike+1","hexamod:Defend","hexamod:Defend","hexamod:Defend","hexamod:Defend+1","hexamod:Sear","hexamod:Float+1","hexamod:SpectersWail","hexamod:BurningTouch+1","hexamod:Rewind+1","hexamod:StepThrough+1","hexamod:ChargedBarrage+1","hexamod:PhantomFireball+1","hexamod:TurnItUp+1","hexamod:NightmareGuise+1","hexamod:EtherealExpedition+1","hexamod:NightmareGuise+1","hexamod:ThermalTransfer+1","hexamod:EtherealExpedition+1","hexamod:Haunt+1","hexamod:SwordOfDarkness+1","hexamod:InspiringFlames+1","hexamod:WildfireWeapon+1","hexamod:CatchUp+1","hexamod:SwordOfDarkness+1","hexamod:Firestarter+1","expansioncontent:PrepareCrush","hexamod:GhostLash+1","hexamod:SwordOfDarkness","hexamod:VolcanoVisage","hexamod:HauntingEcho+1","hexamod:StepThrough+1","hexamod:GhostOfSpirePast+1","hexamod:GhostShield+1","hexamod:TimeWarp","Master of Strategy"],"relics":["hexamod:SpiritBrand","InkBottle","Bag of Preparation","Smiling Mask","Sozu","Ancient Tea Set","Shuriken","downfall:HeartBlessingRed","hexamod:TheBrokenSeal","Blood Vial","hexamod:IceCube","downfall:HeartBlessingGreen","Bird Faced Urn","Bottled Lightning","downfall:HeartBlessingBlue","hexamod:SoulConsumer","Pear","Membership Card","Mercury Hourglass","Bottled Tornado","Sundial"],"acts_visited":["Exordium","TheCity","TheBeyond","TheEnding"],"potions_floor_usage":[12,22,55],"damage_taken":[{"damage":0,"enemies":"Small Slimes","floor":2,"turns":4},{"damage":1,"enemies":"Jaw Worm","floor":3,"turns":3},{"damage":1,"enemies":"Cultist","floor":4,"turns":3},{"damage":5,"enemies":"Large Slime","floor":5,"turns":3},{"damage":0,"enemies":"downfall:FleeingMerchant","floor":9,"turns":4},{"damage":5,"enemies":"Exordium Thugs","floor":10,"turns":3},{"damage":4,"enemies":"3 Sentries","floor":12,"turns":7},{"damage":10,"enemies":"Lots of Slimes","floor":14,"turns":2},{"damage":2,"enemies":"Blue Slaver","floor":15,"turns":2},{"damage":60,"enemies":"SI_SHIV_ARCHETYPE","floor":16,"turns":10},{"damage":28,"enemies":"Spheric Guardian","floor":19,"turns":6},{"damage":4,"enemies":"3 Byrds","floor":22,"turns":6},{"damage":7,"enemies":"Snake Plant","floor":23,"turns":6},{"damage":11,"enemies":"Centurion and Healer","floor":26,"turns":5},{"damage":0,"enemies":"downfall:FleeingMerchant","floor":27,"turns":4},{"damage":46,"enemies":"Book of Stabbing","floor":28,"turns":8},{"damage":0,"enemies":"Sentry and Sphere","floor":30,"turns":2},{"damage":0,"enemies":"Snake Plant","floor":31,"turns":2},{"damage":0,"enemies":"Snecko","floor":32,"turns":2},{"damage":30,"enemies":"IC_MUSHROOM_ARCHETYPE","floor":33,"turns":7},{"damage":0,"enemies":"downfall:FleeingMerchant","floor":36,"turns":4},{"damage":15,"enemies":"2 Orb Walkers","floor":37,"turns":4},{"damage":0,"enemies":"3 Darklings","floor":38,"turns":4},{"damage":17,"enemies":"Giant Head","floor":40,"turns":6},{"damage":7,"enemies":"3 Shapes","floor":43,"turns":4},{"damage":0,"enemies":"3 Shapes","floor":44,"turns":5},{"damage":0,"enemies":"Reptomancer","floor":45,"turns":4},{"damage":2,"enemies":"Jaw Worm Horde","floor":46,"turns":4},{"damage":0,"enemies":"4 Shapes","floor":47,"turns":4},{"damage":0,"enemies":"downfall:FleeingMerchant","floor":48,"turns":1},{"damage":0,"enemies":"Writhing Mass","floor":49,"turns":4},{"damage":58,"enemies":"DF_ARCHETYPE_ORBS","floor":50,"turns":6},{"damage":59,"enemies":"downfall:CharBossMerchant","floor":52,"turns":7},{"damage":94,"enemies":"downfall:NeowBoss","floor":55,"turns":11}],"seed_played":"1785690468194724137","potions_obtained":[{"floor":2,"key":"PowerPotion"},{"floor":4,"key":"Explosive Potion"},{"floor":10,"key":"LiquidMemories"},{"floor":12,"key":"SteroidPotion"},{"floor":16,"key":"BlessingOfTheForge"}],"is_trial":false,"path_per_floor":["R","M","M","M","M","?","T","?","$","M","R","E","R","M","M","B",null,"R","M","?","?","M","M","T","R","M","$","E","R","M","M","M","B",null,"R","$","?","M","?","E","T","R","M","?","E","M","M","$","M","B",null,"E","$","R","B"],"character_chosen":"THE_SPIRIT","items_purchased":["Bag of Preparation","Chrysalis","Membership Card","Mercury Hourglass","hexamod:TimeWarp","Sundial","Master of Strategy"],"campfire_rested":1,"item_purchase_floors":[9,27,48,48,53,53,53],"current_hp_per_floor":[77,77,76,75,70,70,70,70,77,77,77,77,77,74,77,17,77,77,56,56,56,59,59,59,59,55,62,58,58,60,62,64,36,87,87,87,72,74,74,67,67,77,74,80,98,100,107,107,107,55,107,52,52,84,0,0,0],"gold":21,"neow_bonus":"TEN_PERCENT_HP_BONUS","is_daily":false,"chose_seed":false,"campfire_upgraded":7,"win_rate":0.0,"timestamp":1610988137,"path_taken":["R","M","M","M","M","?","T","?","$","M","R","E","R","M","M","BOSS","R","M","?","?","?","?","T","R","M","$","E","R","M","M","M","BOSS","R","$","?","M","?","E","T","R","M","?","E","M","M","?","M","BOSS","E","$","R","BOSS"],"items_purchased_type":["Relic","Card","Relic","Relic","Card","Relic","Card"],"build_version":"2020-12-22","purchased_purges":1,"victory":false,"max_hp_per_floor":[77,77,77,77,77,77,77,77,77,77,77,77,77,77,77,77,77,77,77,77,77,77,77,77,77,77,77,87,87,87,87,87,87,87,87,87,87,87,87,87,87,97,97,97,107,107,107,107,107,107,107,107,107,107,107,107,107],"card_choices":[{"not_picked":["hexamod:ThirdSeal","hexamod:EmpoweredFlame"],"picked":"hexamod:SpectersWail","floor":2},{"not_picked":["hexamod:HauntingEcho","hexamod:NightmareGuise"],"picked":"hexamod:BurningTouch","floor":3},{"not_picked":["hexamod:Firestarter","hexamod:CatchUp"],"picked":"hexamod:Rewind","floor":4},{"not_picked":["hexamod:Rewind","hexamod:InspiringFlames"],"picked":"hexamod:FirstSeal","floor":5},{"not_picked":["hexamod:HeatMetal","hexamod:SpectralAdrenaline","hexamod:BacktrackSmack"],"picked":"SKIP","floor":9},{"not_picked":["hexamod:RadiantFlame","hexamod:ThermalTransfer"],"picked":"hexamod:StepThrough","floor":10},{"not_picked":["hexamod:StepThrough","hexamod:FirstSeal"],"picked":"hexamod:ChargedBarrage","floor":12},{"not_picked":["hexamod:NecessarySacrifice","hexamod:GhostShield"],"picked":"hexamod:PhantomFireball","floor":14},{"not_picked":["hexamod:HauntingEcho","hexamod:BurningTouch"],"picked":"hexamod:FifthSeal","floor":15},{"not_picked":["hexamod:FirstSeal","hexamod:ThirdSeal"],"picked":"hexamod:SixthSeal","floor":16},{"not_picked":["hexamod:HexaLevel","hexamod:FlameSwitch"],"picked":"hexamod:TurnItUp","floor":16},{"not_picked":["hexamod:FirstSeal","hexamod:SixthSeal"],"picked":"hexamod:ThirdSeal","floor":19},{"not_picked":["hexamod:InspiringFlames","hexamod:SpectersWail"],"picked":"hexamod:NightmareGuise+1","floor":19},{"not_picked":["hexamod:ParanormalForm","hexamod:RainOfEmbers"],"picked":"hexamod:EtherealExpedition","floor":22},{"not_picked":["hexamod:SpectersWail","hexamod:Rewind"],"picked":"hexamod:NightmareGuise+1","floor":22},{"not_picked":["hexamod:SwordOfDarkness+1","hexamod:PhantomCloak","hexamod:ShieldOfDarkness"],"picked":"SKIP","floor":23},{"not_picked":["hexamod:BacktrackSmack","hexamod:GhostLash"],"picked":"hexamod:ThermalTransfer+1","floor":26},{"not_picked":["hexamod:FirstSeal","hexamod:SecondSeal"],"picked":"hexamod:FourthSeal","floor":26},{"not_picked":["hexamod:NightmareGuise","hexamod:InspiringFlames"],"picked":"hexamod:EtherealExpedition","floor":26},{"not_picked":["hexamod:ThirdSeal","hexamod:FourthSeal"],"picked":"hexamod:SecondSeal","floor":27},{"not_picked":["hexamod:AdvancingGuard","hexamod:Incineration"],"picked":"hexamod:Haunt+1","floor":27},{"not_picked":["hexamod:GhostOfSpirePast","hexamod:RainOfEmbers","hexamod:ThermalTransfer"],"picked":"SKIP","floor":27},{"not_picked":["hexamod:BurningTouch","hexamod:FlameSwitch"],"picked":"hexamod:SwordOfDarkness+1","floor":28},{"not_picked":["hexamod:BacktrackSmack","hexamod:GhostLash"],"picked":"hexamod:InspiringFlames+1","floor":30},{"not_picked":["hexamod:HauntingEcho","hexamod:SwordOfDarkness","hexamod:HeatShield"],"picked":"SKIP","floor":31},{"not_picked":["hexamod:NecessarySacrifice","hexamod:BacktrackSmack","hexamod:AdvancingGuard"],"picked":"SKIP","floor":32},{"not_picked":["hexamod:FlameSwitch","hexamod:TimeWarp"],"picked":"hexamod:WildfireWeapon","floor":33},{"not_picked":["hexamod:HauntingEcho","hexamod:BurningTouch+1"],"picked":"hexamod:CatchUp+1","floor":36},{"not_picked":["hexamod:ExtraCrispy+1","hexamod:HeatMetal+1"],"picked":"hexamod:SwordOfDarkness+1","floor":37},{"not_picked":["hexamod:ShieldOfDarkness+1","hexamod:SwordOfDarkness+1"],"picked":"hexamod:Firestarter+1","floor":38},{"not_picked":["expansioncontent:HyperBeam","expansioncontent:Chronoboost"],"picked":"expansioncontent:PrepareCrush","floor":39},{"not_picked":["hexamod:GhostShield+1","hexamod:SwordOfDarkness","hexamod:DynamicBlow"],"picked":"SKIP","floor":40},{"not_picked":["hexamod:AdvancingGuard","hexamod:FastForward"],"picked":"hexamod:GhostLash+1","floor":43},{"not_picked":["hexamod:Firestarter+1","hexamod:BurningTouch"],"picked":"hexamod:SwordOfDarkness","floor":44},{"not_picked":["hexamod:HeatShield+1","hexamod:SwordOfDarkness"],"picked":"hexamod:VolcanoVisage","floor":45},{"not_picked":["hexamod:SoulSteal+1","hexamod:HeatShield+1","hexamod:AdvancingGuard"],"picked":"SKIP","floor":46},{"not_picked":["hexamod:FirstSeal","hexamod:ShieldOfDarkness"],"picked":"hexamod:HauntingEcho+1","floor":47},{"not_picked":["hexamod:InspiringFlames","hexamod:SwordOfDarkness"],"picked":"hexamod:StepThrough+1","floor":48},{"not_picked":["hexamod:NightmareGuise","hexamod:Again+1"],"picked":"hexamod:GhostOfSpirePast+1","floor":49},{"not_picked":["hexamod:SpectersWail","hexamod:SkipABeat"],"picked":"hexamod:GhostShield+1","floor":52}],"player_experience":1162376,"relics_obtained":[{"floor":7,"key":"InkBottle"},{"floor":12,"key":"Smiling Mask"},{"floor":24,"key":"Shuriken"},{"floor":28,"key":"Blood Vial"},{"floor":37,"key":"Bird Faced Urn"},{"floor":40,"key":"Bottled Lightning"},{"floor":44,"key":"hexamod:SoulConsumer"},{"floor":45,"key":"Pear"},{"floor":52,"key":"Bottled Tornado"}],"event_choices":[{"cards_removed":["hexamod:Strike"],"damage_healed":0,"gold_gain":0,"player_choice":"Card Removal","damage_taken":0,"max_hp_gain":0,"max_hp_loss":0,"event_name":"The Cleric","floor":6,"gold_loss":0},{"damage_healed":0,"gold_gain":0,"player_choice":"Ignored","damage_taken":0,"max_hp_gain":0,"max_hp_loss":0,"event_name":"NoteForYourself","floor":8,"gold_loss":0},{"damage_healed":0,"gold_gain":0,"player_choice":"Fight","damage_taken":0,"max_hp_gain":0,"max_hp_loss":0,"event_name":"Mysterious Sphere","floor":37,"gold_loss":0}],"is_beta":false,"boss_relics":[{"not_picked":["Empty Cage","Astrolabe"],"picked":"Sozu"},{"not_picked":["Cursed Key","Busted Crown"],"picked":"hexamod:IceCube"}],"items_purged_floors":[48],"is_endless":false,"potions_floor_spawned":[2,4,10,12,16,22,23,28,30,31,33,37,40,44,45,49],"killed_by":"downfall:NeowBoss","ascension_level":0}}