{"host":"qik6c64y69p9jmph","time":1610948089,"event":{"mods":["AchievementEnabler","BaseMod","Downfall","Highlight Path","Minty Spire (QoL Compilation)","Quick Restart","StSLib","Synergy Search"],"gold_per_floor":[99,119,138,138,161,173,173,173,158,233,260,260,260,294,307,410,410,410,410,182,182,202,222,222,238,338,338,355,384,384,414,427,525,525,525,538,553,553,603,625,634,659,677,716,716,388,388,38,53,53],"floor_reached":51,"language":"ENG","playtime":3263,"items_purged":["downfall:Bewildered","Doubt"],"score":1065,"play_id":"bae91e60-5172-4bf9-8bc8-866fa77613ca","local_time":"20210118003449","is_ascension_mode":true,"campfire_choices":[{"data":"Slimebound:CorrosiveSpit","floor":1,"key":"SMITH"},{"data":"Slimebound:SplitMire","floor":8,"key":"SMITH"},{"floor":13,"key":"DIG"},{"floor":18,"key":"DIG"},{"data":"Slimebound:Teamwork","floor":27,"key":"SMITH"},{"data":"Slimebound:Darklings","floor":30,"key":"SMITH"},{"floor":35,"key":"DIG"},{"data":"Slimebound:TagTeam","floor":45,"key":"SMITH"},{"data":"Slimebound:RallyTheTroops","floor":47,"key":"SMITH"}],"circlet_count":0,"master_deck":["Slimebound:Strike_Slimebound","Slimebound:Strike_Slimebound","Slimebound:Strike_Slimebound","Slimebound:Tackle","Slimebound:Defend_Slimebound","Slimebound:Defend_Slimebound","Slimebound:Defend_Slimebound","Slimebound:Defend_Slimebound","Slimebound:Split","Slimebound:CorrosiveSpit+1","Slimebound:Repurpose","Slimebound:SlimeTap","Slimebound:SplitMire+1","Slimebound:Teamwork+1","Slimebound:TagTeam+1","Slimebound:FormOfPuddle+1","Slimebound:LeadByExample","expansioncontent:StudyTheSpire+1","Slimebound:RallyTheTroops+1","Slimebound:SlimeSpikes+1","Slimebound:Darklings+1","Slimebound:SlimeBrawl+1","expansioncontent:AwakenDeath","expansioncontent:Hexaburn","Slimebound:ServeAndProtect+1","Slimebound:FirmFortitude"],"relics":["Philosopher\u0027s Stone","Nunchaku","Pocketwatch","Shovel","Eternal Feather","Singing Bowl","FossilizedHelix","Black Star","Mercury Hourglass","sneckomod:BabySnecko","Orichalcum","Gambling Chip","Darkstone Periapt","Calipers","StrikeDummy","MealTicket","Boot","Cursed Key","CeramicFish","CaptainsWheel","Letter Opener","Ginger","Potion Belt","Slimebound:MaxSlimesRelic","Shuriken","Ice Cream","Strange Spoon","White Beast Statue"],"acts_visited":["Exordium","TheCity","TheBeyond"],"potions_floor_usage":[6,14,25,31,33,44,44,46],"damage_taken":[{"damage":0,"enemies":"Small Slimes","floor":2,"turns":3},{"damage":5,"enemies":"Jaw Worm","floor":3,"turns":4},{"damage":0,"enemies":"2 Louse","floor":6,"turns":2},{"damage":0,"enemies":"downfall:FleeingMerchant","floor":9,"turns":4},{"damage":0,"enemies":"Lagavulin","floor":11,"turns":6},{"damage":2,"enemies":"3 Sentries","floor":14,"turns":5},{"damage":14,"enemies":"Lots of Slimes","floor":15,"turns":4},{"damage":17,"enemies":"IC_STATUS_ARCHETYPE","floor":16,"turns":9},{"damage":0,"enemies":"Chosen","floor":19,"turns":1},{"damage":0,"enemies":"downfall:FleeingMerchant","floor":20,"turns":4},{"damage":9,"enemies":"3 Cultists","floor":22,"turns":4},{"damage":6,"enemies":"Centurion and Healer","floor":23,"turns":5},{"damage":13,"enemies":"Sentry and Sphere","floor":25,"turns":4},{"damage":0,"enemies":"WA_ARCHETYPE_RETAIN","floor":26,"turns":5},{"damage":0,"enemies":"Cultist and Chosen","floor":28,"turns":4},{"damage":14,"enemies":"Book of Stabbing","floor":29,"turns":6},{"damage":0,"enemies":"Gremlin Leader","floor":31,"turns":4},{"damage":0,"enemies":"Chosen and Byrds","floor":32,"turns":3},{"damage":15,"enemies":"DF_ARCHETYPE_CLAW","floor":33,"turns":7},{"damage":0,"enemies":"Orb Walker","floor":36,"turns":3},{"damage":0,"enemies":"3 Darklings","floor":37,"turns":4},{"damage":0,"enemies":"3 Darklings","floor":39,"turns":3},{"damage":0,"enemies":"Writhing Mass","floor":40,"turns":4},{"damage":0,"enemies":"Nemesis","floor":42,"turns":5},{"damage":16,"enemies":"Giant Head","floor":44,"turns":7},{"damage":10,"enemies":"downfall:FleeingMerchant","floor":46,"turns":4},{"damage":0,"enemies":"Sphere and 2 Shapes","floor":49,"turns":3},{"damage":15,"enemies":"SI_POISON_ARCHETYPE","floor":50,"turns":6}],"seed_played":"6266737180689992553","potions_obtained":[{"floor":2,"key":"SkillPotion"},{"floor":11,"key":"BlessingOfTheForge"},{"floor":14,"key":"Regen Potion"},{"floor":15,"key":"SpeedPotion"},{"floor":25,"key":"Explosive Potion"},{"floor":28,"key":"EssenceOfSteel"},{"floor":29,"key":"AttackPotion"},{"floor":32,"key":"bronze:BurnAndBuffPotion"},{"floor":33,"key":"champ:CounterPotion"},{"floor":39,"key":"EssenceOfSteel"},{"floor":40,"key":"LiquidMemories"},{"floor":42,"key":"SkillPotion"},{"floor":49,"key":"LiquidBronze"}],"is_trial":false,"path_per_floor":["R","M","M","?","T","M","T","R","$","?","E","T","R","E","M","B",null,"R","M","$","?","M","M","T","M","?","R","M","E","R","E","M","B",null,"R","M","M","?","?","M","T","E","?","E","R","$","R","$","M","B",null],"character_chosen":"SLIMEBOUND","items_purchased":["Slimebound:LeadByExample","expansioncontent:StudyTheSpire+1","Ice Cream","Strange Spoon","Slimebound:FirmFortitude","White Beast Statue"],"campfire_rested":0,"item_purchase_floors":[20,20,46,46,46,48],"current_hp_per_floor":[65,65,60,60,60,60,60,60,60,60,60,60,65,65,53,36,69,69,71,71,71,64,58,58,57,59,71,73,59,71,73,75,62,83,83,85,87,87,89,89,95,97,92,76,91,89,99,99,101,86],"gold":53,"neow_bonus":"BOSS_RELIC","is_daily":false,"chose_seed":false,"campfire_upgraded":6,"win_rate":0.0,"timestamp":1610948089,"path_taken":["R","M","M","?","?","M","T","R","$","?","E","?","R","E","M","BOSS","R","M","?","?","M","?","T","M","?","R","M","E","R","E","M","BOSS","R","M","M","?","?","M","T","E","?","E","R","$","R","$","M","BOSS"],"items_purchased_type":["Card","Card","Relic","Relic","Card","Relic"],"build_version":"2020-12-22","purchased_purges":2,"victory":true,"max_hp_per_floor":[65,65,65,65,65,65,65,65,65,65,65,65,65,67,69,69,69,69,71,71,71,73,73,73,73,75,75,77,77,77,79,81,83,83,83,85,87,87,89,89,95,97,97,97,97,99,99,99,101,101],"card_choices":[{"not_picked":["Slimebound:Equalize","Slimebound:SpikyOuterGoop"],"picked":"Slimebound:Repurpose","floor":2},{"not_picked":["Slimebound:GoopTackle","Slimebound:BestDefense"],"picked":"Slimebound:SlimeTap","floor":3},{"not_picked":["Slimebound:GrowthPunch","Slimebound:RejuvenatingLick"],"picked":"Slimebound:SplitMire","floor":6},{"not_picked":["Slimebound:LivingWall","Slimebound:FlameTackle","Slimebound:Repurpose"],"picked":"SKIP","floor":9},{"not_picked":["Slimebound:DivideAndConquer","Slimebound:RollThrough"],"picked":"Slimebound:Teamwork","floor":11},{"not_picked":["Slimebound:SplitLeeching","Slimebound:LeechingTouch","Slimebound:WasteNot"],"picked":"Singing Bowl","floor":14},{"not_picked":["Slimebound:ProtectTheBoss","Slimebound:MegaLick","Slimebound:DivideAndConquer"],"picked":"Singing Bowl","floor":15},{"not_picked":["Slimebound:PrepareCrush","Slimebound:Teamwork"],"picked":"Slimebound:TagTeam","floor":16},{"not_picked":["Slimebound:Repurpose","Slimebound:LivingWall","Slimebound:ItLooksTasty"],"picked":"Singing Bowl","floor":19},{"not_picked":["Slimebound:Replication","Slimebound:LeechingTouch+1"],"picked":"Slimebound:FormOfPuddle+1","floor":20},{"not_picked":["Slimebound:SplitAcid","Slimebound:ForwardTackle","Slimebound:RollThrough"],"picked":"Singing Bowl","floor":22},{"not_picked":["Slimebound:HungryTackle","Slimebound:Grow"],"picked":"Slimebound:RallyTheTroops","floor":23},{"not_picked":["Slimebound:LeechEnergy","Slimebound:Schlurp+1"],"picked":"Slimebound:SlimeSpikes+1","floor":25},{"not_picked":["Slimebound:SlimeBrawl","Slimebound:SamplingLick","Slimebound:ProtectTheBoss+1"],"picked":"Singing Bowl","floor":26},{"not_picked":["Slimebound:SplitBruiser","Slimebound:RollThrough","Slimebound:Recollect"],"picked":"Singing Bowl","floor":28},{"not_picked":["Slimebound:AcidTongue","Slimebound:SlimeTap"],"picked":"Slimebound:Darklings","floor":29},{"not_picked":["Slimebound:DivideAndConquer","Slimebound:SplitLeeching+1","Slimebound:GoopSpray"],"picked":"Singing Bowl","floor":31},{"not_picked":["Slimebound:Schlurp","Slimebound:LeechingTouch","Slimebound:LivingWall"],"picked":"Singing Bowl","floor":32},{"not_picked":["Slimebound:DouseInSlime","Slimebound:LeechLife","Slimebound:MassFeed"],"picked":"Singing Bowl","floor":33},{"not_picked":["Slimebound:SamplingLick","Slimebound:Chomp","Slimebound:Grow+1"],"picked":"Singing Bowl","floor":36},{"not_picked":["Slimebound:ItLooksTasty","Slimebound:LeechEnergy+1","Slimebound:LivingWall"],"picked":"Singing Bowl","floor":37},{"not_picked":["Slimebound:FinishingTackle+1","Slimebound:SplitAcid","Slimebound:GoopSpray+1"],"picked":"Singing Bowl","floor":39},{"not_picked":["Slimebound:SlimeSpikes+1","Slimebound:GrowthPunch+1"],"picked":"Slimebound:SlimeBrawl+1","floor":40},{"not_picked":["Slimebound:RejuvenatingLick+1","Slimebound:DivideAndConquer","Slimebound:RainOfGoop+1"],"picked":"Singing Bowl","floor":42},{"not_picked":["expansioncontent:Chronoboost","expansioncontent:Hexaburn"],"picked":"expansioncontent:AwakenDeath","floor":43},{"not_picked":["expansioncontent:HyperBeam","expansioncontent:GuardianWhirl"],"picked":"expansioncontent:Hexaburn","floor":43},{"not_picked":["Slimebound:FlameTackle","Slimebound:SplitLeeching"],"picked":"Slimebound:ServeAndProtect+1","floor":44},{"not_picked":["Slimebound:Repurpose","Slimebound:Prepare+1","Slimebound:RejuvenatingLick"],"picked":"Singing Bowl","floor":46},{"not_picked":["Slimebound:ItLooksTasty","Slimebound:OozeBath","Slimebound:SplitMire"],"picked":"Singing Bowl","floor":49}],"player_experience":542812,"relics_obtained":[{"floor":5,"key":"Nunchaku"},{"floor":7,"key":"Pocketwatch"},{"floor":11,"key":"Shovel"},{"floor":12,"key":"Eternal Feather"},{"floor":13,"key":"Singing Bowl"},{"floor":14,"key":"FossilizedHelix"},{"floor":18,"key":"Mercury Hourglass"},{"floor":24,"key":"Orichalcum"},{"floor":26,"key":"Gambling Chip"},{"floor":26,"key":"Darkstone Periapt"},{"floor":29,"key":"Calipers"},{"floor":29,"key":"StrikeDummy"},{"floor":31,"key":"MealTicket"},{"floor":31,"key":"Boot"},{"floor":35,"key":"CeramicFish"},{"floor":39,"key":"CaptainsWheel"},{"floor":41,"key":"Letter Opener"},{"floor":42,"key":"Ginger"},{"floor":42,"key":"Potion Belt"},{"floor":44,"key":"Slimebound:MaxSlimesRelic"},{"floor":44,"key":"Shuriken"}],"event_choices":[],"is_beta":false,"boss_relics":[{"not_picked":["Runic Dome","bronze:MakeshiftBattery"],"picked":"Black Star"},{"not_picked":["Astrolabe","SacredBark"],"picked":"Cursed Key"}],"items_purged_floors":[46,48],"is_endless":false,"potions_floor_spawned":[2,11,14,15,25,28,29,32,33,39,40,42,49],"ascension_level":1}}