{"host":"1q02rw1wpi0nrsss","time":1610957126,"event":{"mods":["AchievementEnabler","BaseMod","Better Note","Custom Start","Dark Map","DeckTracker","Disable Question Mark Monsters","Minty Spire (QoL Compilation)","Permanent Neow","Quick Restart","Rare Cards Sparkle","Relic Stats","StSLib"],"gold_per_floor":[216,235,21,33,47,47,80,6,6,6,36,36,71,86,86,183,183,201,201,201],"floor_reached":19,"language":"ENG","playtime":583,"items_purged":["Strike_R"],"score":290,"play_id":"3adfdacd-55dd-4744-a092-3d66acf7d5e9","local_time":"20210118000526","is_ascension_mode":true,"campfire_choices":[{"data":"Whirlwind","floor":6.0,"key":"SMITH"},{"data":"Uppercut","floor":10.0,"key":"SMITH"},{"floor":15.0,"key":"REST"}],"circlet_count":0,"master_deck":["AscendersBane","Strike_R","Strike_R+1","Strike_R","Strike_R+1","Defend_R","Defend_R","Defend_R","Defend_R","Cleave","Havoc","Whirlwind+1","Uppercut+1","Thunderclap","Battle Trance","Limit Break","Spot Weakness","Barricade","Warcry"],"relics":["Black Blood","Eternal Feather","Sundial","Whetstone","Dream Catcher"],"acts_visited":["Exordium","TheCity"],"potions_floor_usage":[16,18],"damage_taken":[{"damage":1.0,"enemies":"Cultist","floor":1.0,"turns":4.0},{"damage":9.0,"enemies":"Jaw Worm","floor":2.0,"turns":3.0},{"damage":11.0,"enemies":"Small Slimes","floor":4.0,"turns":3.0},{"damage":7.0,"enemies":"2 Fungi Beasts","floor":5.0,"turns":4.0},{"damage":25.0,"enemies":"3 Sentries","floor":7.0,"turns":4.0},{"damage":15.0,"enemies":"Lagavulin","floor":11.0,"turns":7.0},{"damage":47.0,"enemies":"Gremlin Nob","floor":13.0,"turns":6.0},{"damage":0.0,"enemies":"Lots of Slimes","floor":14.0,"turns":1.0},{"damage":25,"enemies":"Slime Boss","floor":16,"turns":7},{"damage":31,"enemies":"2 Thieves","floor":18,"turns":3},{"damage":63,"enemies":"Masked Bandits","floor":19,"turns":3}],"seed_played":"-3311563212354668019","potions_obtained":[{"floor":2.0,"key":"CultistPotion"},{"floor":5.0,"key":"Swift Potion"},{"floor":11.0,"key":"Dexterity Potion"},{"floor":13.0,"key":"GamblersBrew"},{"floor":18,"key":"Fruit Juice"}],"is_trial":false,"path_per_floor":["M","M","$","M","M","R","E","$","T","R","E","?","E","M","R","B",null,"M","?"],"character_chosen":"IRONCLAD","items_purchased":["Whirlwind","Uppercut","Regen Potion"],"campfire_rested":1,"item_purchase_floors":[3,3,8],"current_hp_per_floor":[77,74,74,69,68,68,49,49,49,58,64,57,16,22,55,36,69,55,0,0],"gold":201,"neow_bonus":"HUNDRED_GOLD","is_daily":false,"chose_seed":false,"campfire_upgraded":2,"win_rate":0.0,"timestamp":1610957126,"path_taken":["M","M","$","?","M","R","E","$","T","R","E","?","E","M","R","BOSS","M","?"],"items_purchased_type":["Card","Card","Potion"],"build_version":"2020-12-22","purchased_purges":1,"victory":false,"max_hp_per_floor":[80,80,80,80,80,80,80,80,80,80,80,80,80,80,80,80,80,85,85,85],"relic_stats":{"Dream Catcher":1,"counters":[11,45],"Sundial":[4],"Black Blood":66,"Eternal Feather":18,"Whetstone":["Strike_R","Strike_R"],"obtain_stats":[{"Dream Catcher":13,"Sundial":9,"Black Blood":17,"Eternal Feather":7,"Whetstone":11,"Burning Blood":0},{"Dream Catcher":7,"Sundial":5,"Black Blood":9,"Eternal Feather":5,"Whetstone":6,"Burning Blood":0},{"Dream Catcher":31,"Sundial":18,"Black Blood":39,"Eternal Feather":18,"Whetstone":25,"Burning Blood":0}]},"card_choices":[{"not_picked":["Sword Boomerang","Flex"],"picked":"Cleave","floor":1.0},{"not_picked":["Clothesline","Thunderclap"],"picked":"Havoc","floor":2.0},{"not_picked":["Clash","Pommel Strike"],"picked":"Thunderclap","floor":4.0},{"not_picked":["Sentinel","Body Slam"],"picked":"Battle Trance","floor":5.0},{"not_picked":["Clothesline","True Grit"],"picked":"Limit Break","floor":7.0},{"not_picked":["Cleave","Wild Strike","Whirlwind"],"picked":"SKIP","floor":11.0},{"not_picked":["True Grit","Headbutt"],"picked":"Spot Weakness","floor":13.0},{"not_picked":["Sentinel","Thunderclap","Perfected Strike"],"picked":"SKIP","floor":14.0},{"not_picked":["Exhume","Limit Break"],"picked":"Barricade","floor":16},{"not_picked":["Clothesline","Perfected Strike"],"picked":"Warcry","floor":18}],"player_experience":404362,"relics_obtained":[{"floor":7.0,"key":"Eternal Feather"},{"floor":9.0,"key":"Sundial"},{"floor":11.0,"key":"Whetstone"},{"floor":13.0,"key":"Dream Catcher"}],"event_choices":[{"cards_removed":["Bash"],"damage_healed":0.0,"max_hp_gain":0.0,"max_hp_loss":0.0,"gold_gain":0.0,"event_name":"Golden Wing","player_choice":"Card Removal","floor":12.0,"gold_loss":0.0,"damage_taken":7.0},{"damage_healed":0,"gold_gain":0,"player_choice":"Fought Bandits","damage_taken":0,"max_hp_gain":0,"max_hp_loss":0,"event_name":"Masked Bandits","floor":19,"gold_loss":0}],"is_beta":false,"boss_relics":[{"not_picked":["Runic Pyramid","SacredBark"],"picked":"Black Blood"}],"items_purged_floors":[3],"is_endless":false,"potions_floor_spawned":[2,5,7,11,13,18],"killed_by":"Masked Bandits","ascension_level":11}}