{"host":"2se5dq1do2gp0x9k","time":1610991982,"event":{"mods":["AchievementEnabler","BaseMod","Block Reminder","Colored Map","Colored Powertips","Minty Spire (QoL Compilation)","Relic Stats","StSLib","SuperFastMode"],"gold_per_floor":[118,193,193,203,216,216,242,242,265,279,14,34,60,76,76,76,76],"floor_reached":16,"language":"ENG","playtime":592,"items_purged":[],"score":224,"play_id":"7a25b572-c512-42cd-beb0-5da5abd5aae9","local_time":"20210118094622","is_ascension_mode":true,"campfire_choices":[{"data":"Hologram","floor":6.0,"key":"SMITH"},{"data":"Barrage","floor":8.0,"key":"SMITH"},{"data":"Chaos","floor":15,"key":"SMITH"}],"circlet_count":0,"master_deck":["AscendersBane","Strike_B","Strike_B","Strike_B","Defend_B","Defend_B","Defend_B","Defend_B","Zap","Dualcast","Undo","Glacier","Hologram+1","Barrage+1","Rip and Tear","Biased Cognition","Turbo","Chaos+1","Sweeping Beam"],"relics":["Cracked Core","NeowsBlessing","Lantern","MealTicket","Membership Card","Blue Candle"],"acts_visited":["Exordium"],"potions_floor_usage":[13,14,16],"damage_taken":[{"damage":0.0,"enemies":"Cultist","floor":1.0,"turns":1.0},{"damage":0.0,"enemies":"2 Louse","floor":4.0,"turns":1.0},{"damage":0.0,"enemies":"Jaw Worm","floor":5.0,"turns":1.0},{"damage":29.0,"enemies":"Lagavulin","floor":7.0,"turns":16.0},{"damage":6.0,"enemies":"2 Fungi Beasts","floor":10.0,"turns":3.0},{"damage":12.0,"enemies":"Lots of Slimes","floor":12.0,"turns":4.0},{"damage":15,"enemies":"3 Sentries","floor":13,"turns":7},{"damage":0,"enemies":"Gremlin Gang","floor":14,"turns":4},{"damage":7,"enemies":"Slime Boss","floor":16,"turns":4}],"seed_played":"-285103693812652630","potions_obtained":[{"floor":1.0,"key":"Weak Potion"},{"floor":12.0,"key":"Strength Potion"},{"floor":13,"key":"Fire Potion"},{"floor":14,"key":"Swift Potion"}],"is_trial":false,"path_per_floor":["M","?","?","M","M","R","E","R","T","M","$","M","E","M","R","B"],"character_chosen":"DEFECT","items_purchased":["Membership Card","Biased Cognition","Turbo"],"campfire_rested":0,"item_purchase_floors":[11,11,11],"current_hp_per_floor":[64,53,53,53,53,53,24,24,24,18,33,21,6,6,6,0,0],"gold":76,"neow_bonus":"THREE_ENEMY_KILL","is_daily":false,"chose_seed":false,"campfire_upgraded":3,"win_rate":0.0,"timestamp":1610991982,"path_taken":["M","?","?","M","M","R","E","R","T","M","$","?","E","M","R","BOSS"],"items_purchased_type":["Relic","Card","Card"],"build_version":"2020-12-22","purchased_purges":0,"victory":false,"max_hp_per_floor":[71,71,71,71,71,71,71,71,71,71,71,71,71,71,71,71,71],"relic_stats":{"counters":[9,41],"Blue Candle":[0],"MealTicket":15,"obtain_stats":[{"Lantern":7,"NeowsBlessing":0,"Blue Candle":13,"MealTicket":9,"Membership Card":11,"Cracked Core":0},{"Lantern":4,"NeowsBlessing":0,"Blue Candle":7,"MealTicket":4,"Membership Card":5,"Cracked Core":0},{"Lantern":19,"NeowsBlessing":0,"Blue Candle":33,"MealTicket":19,"Membership Card":22,"Cracked Core":0}]},"card_choices":[{"not_picked":["Self Repair","Sweeping Beam"],"picked":"Undo","floor":1.0},{"not_picked":["Streamline","Capacitor"],"picked":"Glacier","floor":4.0},{"not_picked":["Redo","Leap"],"picked":"Hologram","floor":5.0},{"not_picked":["Stack","Leap"],"picked":"Barrage","floor":7.0},{"not_picked":["FTL","Static Discharge"],"picked":"Rip and Tear","floor":10.0},{"not_picked":["Streamline","Reinforced Body"],"picked":"Chaos","floor":12.0},{"not_picked":["Go for the Eyes","Redo"],"picked":"Sweeping Beam","floor":13},{"not_picked":["Double Energy","Fusion","Steam"],"picked":"SKIP","floor":14}],"player_experience":3916033,"relics_obtained":[{"floor":7.0,"key":"Lantern"},{"floor":9.0,"key":"MealTicket"},{"floor":13,"key":"Blue Candle"}],"event_choices":[{"damage_healed":0.0,"max_hp_gain":0.0,"max_hp_loss":0.0,"gold_gain":75.0,"event_name":"World of Goop","player_choice":"Gather Gold","floor":2.0,"gold_loss":0.0,"damage_taken":11.0},{"cards_removed":["Strike_B"],"damage_healed":0.0,"max_hp_gain":0.0,"max_hp_loss":0.0,"gold_gain":0.0,"event_name":"Bonfire Elementals","player_choice":"Offered Basic","floor":3.0,"gold_loss":0.0,"damage_taken":0.0}],"is_beta":false,"boss_relics":[],"items_purged_floors":[],"is_endless":false,"potions_floor_spawned":[1,12,13,14],"killed_by":"Slime Boss","ascension_level":20}}