{"host":"1q02rw1wpi0nrsss","time":1610970663,"event":{"mods":["AchievementEnabler","BaseMod","Better Note","Custom Start","Dark Map","DeckTracker","Disable Question Mark Monsters","Minty Spire (QoL Compilation)","Permanent Neow","Quick Restart","Rare Cards Sparkle","Relic Stats","StSLib"],"gold_per_floor":[359,376,376,301,319,319,354,354,354,384,384,410,426,426,426,426,426],"floor_reached":16,"language":"ENG","playtime":661,"items_purged":["Defend_G"],"score":171,"play_id":"5fcf7825-4424-4548-b2f7-d89ee6299037","local_time":"20210118035103","is_ascension_mode":true,"campfire_choices":[{"floor":6,"key":"REST"},{"data":"Neutralize","floor":8,"key":"SMITH"},{"data":"Leg Sweep","floor":15,"key":"SMITH"}],"circlet_count":0,"master_deck":["Strike_G","Strike_G","Strike_G","Strike_G","Strike_G","Defend_G","Defend_G","Defend_G","Defend_G","Survivor","Neutralize+1","Eviscerate+1","Leg Sweep+1","Dagger Throw","Discovery","PiercingWail"],"relics":["Ring of the Snake","HornCleat","Tiny Chest","Letter Opener","Singing Bowl"],"acts_visited":["Exordium"],"potions_floor_usage":[7,10],"damage_taken":[{"damage":4,"enemies":"Jaw Worm","floor":1,"turns":4},{"damage":5,"enemies":"Small Slimes","floor":2,"turns":5},{"damage":1,"enemies":"Cultist","floor":5,"turns":5},{"damage":8,"enemies":"Lagavulin","floor":7,"turns":6},{"damage":9,"enemies":"Gremlin Nob","floor":10,"turns":5},{"damage":19,"enemies":"3 Sentries","floor":12,"turns":8},{"damage":0,"enemies":"2 Fungi Beasts","floor":13,"turns":4},{"damage":25,"enemies":"Hexaghost","floor":16,"turns":11}],"seed_played":"8512439697607122052","potions_obtained":[{"floor":2,"key":"Weak Potion"},{"floor":5,"key":"Poison Potion"}],"is_trial":false,"path_per_floor":["M","M","?","$","M","R","E","R","T","E","?","E","M","?","R","B"],"character_chosen":"THE_SILENT","items_purchased":[],"campfire_rested":1,"item_purchase_floors":[],"current_hp_per_floor":[41,36,36,36,35,56,48,48,48,39,39,22,22,22,22,0,0],"gold":426,"neow_bonus":"TWO_FIFTY_GOLD","is_daily":false,"chose_seed":false,"campfire_upgraded":2,"win_rate":0.0,"timestamp":1610970663,"path_taken":["M","M","?","$","M","R","E","R","T","E","?","E","?","?","R","BOSS"],"items_purchased_type":[],"build_version":"2020-12-22","purchased_purges":1,"victory":false,"max_hp_per_floor":[70,70,70,70,70,70,70,70,70,70,70,72,72,72,72,72,72],"relic_stats":{"Singing Bowl":2,"counters":[8,48],"Tiny Chest":0,"Letter Opener":[10],"obtain_stats":[{"HornCleat":7,"Singing Bowl":12,"Tiny Chest":9,"Letter Opener":10,"Ring of the Snake":0},{"HornCleat":4,"Singing Bowl":6,"Tiny Chest":4,"Letter Opener":5,"Ring of the Snake":0},{"HornCleat":20,"Singing Bowl":33,"Tiny Chest":20,"Letter Opener":25,"Ring of the Snake":0}],"Ring of the Snake":[16]},"card_choices":[{"not_picked":["Cloak And Dagger","Noxious Fumes"],"picked":"Eviscerate","floor":1},{"not_picked":["Flying Knee","Underhanded Strike"],"picked":"Leg Sweep","floor":2},{"not_picked":["Eviscerate","Outmaneuver"],"picked":"Dagger Throw","floor":5},{"not_picked":["Malaise","Riddle With Holes","Backstab"],"picked":"SKIP","floor":7},{"not_picked":["Choke","Dagger Throw","Quick Slash"],"picked":"SKIP","floor":10},{"not_picked":["Dagger Throw","Outmaneuver","Blade Dance"],"picked":"Singing Bowl","floor":12},{"not_picked":["Prepared","Heel Hook"],"picked":"PiercingWail","floor":13}],"player_experience":412031,"relics_obtained":[{"floor":7,"key":"HornCleat"},{"floor":9,"key":"Tiny Chest"},{"floor":10,"key":"Letter Opener"},{"floor":12,"key":"Singing Bowl"}],"event_choices":[{"damage_healed":0,"gold_gain":0,"player_choice":"Grow","damage_taken":0,"max_hp_gain":0,"max_hp_loss":0,"event_name":"Living Wall","floor":3,"gold_loss":0,"cards_upgraded":["Eviscerate"]},{"damage_healed":0,"gold_gain":0,"player_choice":"1 cards matched","damage_taken":0,"max_hp_gain":0,"max_hp_loss":0,"event_name":"Match and Keep!","floor":11,"gold_loss":0,"cards_obtained":["Discovery"]},{"damage_healed":0,"gold_gain":0,"player_choice":"Ignored","damage_taken":0,"max_hp_gain":0,"max_hp_loss":0,"event_name":"Liars Game","floor":14,"gold_loss":0}],"is_beta":false,"boss_relics":[],"items_purged_floors":[4],"is_endless":false,"potions_floor_spawned":[2,5],"killed_by":"Hexaghost","ascension_level":9}}