{"host":"1a3cjta80tad0aqj","time":1610956914,"event":{"mods":["2.2 Compatiblity","AchievementEnabler","BaseMod","Colored Map","DeckTracker","KOR Keyword Fix","Keyboard Shortcuts","Minty Spire (QoL Compilation)","Permanent Neow","Quick Restart","Random Character Button","StSLib","SuperFastMode","everything is the same but u backflip on backflip"],"gold_per_floor":[109,184,184,101,121,121,149,161,196,208,220,244,272,297,309,321,321],"floor_reached":16,"language":"KOR","playtime":470,"items_purged":[],"score":219,"play_id":"00c736a3-8997-46c5-b360-b38eff6c956d","local_time":"20210118170154","is_ascension_mode":true,"campfire_choices":[{"data":"Eruption","floor":6.0,"key":"SMITH"},{"floor":8.0,"key":"REST"},{"floor":15,"key":"REST"}],"circlet_count":0,"master_deck":["AscendersBane","Strike_P","Strike_P","Strike_P","Strike_P","Defend_P","Defend_P+1","Defend_P","Eruption+1","Vigilance","FearNoEvil","DeusExMachina","Deep Breath+1","CutThroughFate","Halt","FollowUp","Adaptation"],"relics":["PureWater","MawBank","Tiny Chest"],"acts_visited":["Exordium"],"potions_floor_usage":[16],"damage_taken":[{"damage":10.0,"enemies":"Jaw Worm","floor":1.0,"turns":4.0},{"damage":8.0,"enemies":"2 Louse","floor":5.0,"turns":2.0},{"damage":0.0,"enemies":"Lagavulin","floor":7.0,"turns":3.0},{"damage":2.0,"enemies":"Small Slimes","floor":12.0,"turns":3.0},{"damage":0,"enemies":"Blue Slaver","floor":13,"turns":1},{"damage":7,"enemies":"Large Slime","floor":14,"turns":5},{"damage":31,"enemies":"Hexaghost","floor":16,"turns":9}],"seed_played":"-2219745855403965775","potions_obtained":[{"floor":1.0,"key":"DistilledChaos"},{"floor":13,"key":"BlessingOfTheForge"}],"is_trial":false,"path_per_floor":["M","?","?","$","M","R","E","R","T","$","?","M","M","M","R","B"],"character_chosen":"WATCHER","items_purchased":["Deep Breath"],"campfire_rested":2,"item_purchase_floors":[4],"current_hp_per_floor":[51,40,40,40,32,32,32,52,52,52,32,30,30,23,43,12,12],"gold":321,"neow_bonus":"THREE_CARDS","is_daily":false,"chose_seed":false,"campfire_upgraded":1,"win_rate":0.0,"timestamp":1610956914,"path_taken":["M","?","?","$","M","R","E","R","T","$","?","M","?","M","R","BOSS"],"items_purchased_type":["Card"],"build_version":"2020-12-22","purchased_purges":0,"victory":false,"max_hp_per_floor":[68,68,68,68,68,68,68,68,68,68,68,68,68,68,68,68,68],"card_choices":[{"not_picked":["BattleHymn","Prostrate"],"picked":"FearNoEvil","floor":0.0},{"not_picked":["Perseverance","Prostrate","CrushJoints"],"picked":"SKIP","floor":1.0},{"not_picked":["FlurryOfBlows","Nirvana"],"picked":"CutThroughFate","floor":5.0},{"not_picked":["Worship","Protect","Fasting2"],"picked":"SKIP","floor":7.0},{"not_picked":["Consecrate","ClearTheMind"],"picked":"Halt","floor":12.0},{"not_picked":["Alpha","FlyingSleeves"],"picked":"FollowUp","floor":13},{"not_picked":["CrushJoints","Pray"],"picked":"Adaptation","floor":14}],"player_experience":738681,"relics_obtained":[{"floor":7.0,"key":"MawBank"},{"floor":9.0,"key":"Tiny Chest"}],"event_choices":[{"damage_healed":0.0,"max_hp_gain":0.0,"max_hp_loss":0.0,"gold_gain":75.0,"event_name":"World of Goop","player_choice":"Gather Gold","floor":2.0,"gold_loss":0.0,"damage_taken":11.0},{"damage_healed":0.0,"max_hp_gain":0.0,"max_hp_loss":0.0,"gold_gain":0.0,"cards_transformed":["Defend_P"],"event_name":"Living Wall","player_choice":"Change","floor":3.0,"gold_loss":0.0,"damage_taken":0.0,"cards_obtained":["DeusExMachina"]},{"damage_healed":0.0,"max_hp_gain":0.0,"max_hp_loss":0.0,"gold_gain":0.0,"event_name":"Shining Light","player_choice":"Entered Light","floor":11.0,"gold_loss":0.0,"damage_taken":20.0,"cards_upgraded":["Deep Breath","Defend_P"]}],"is_beta":false,"boss_relics":[],"items_purged_floors":[],"is_endless":false,"potions_floor_spawned":[1,13],"killed_by":"Hexaghost","ascension_level":15}}