{"host":"2se5dq1do2gp0x9k","time":1610938557,"event":{"mods":["AchievementEnabler","BaseMod","Block Reminder","Colored Map","Colored Powertips","Minty Spire (QoL Compilation)","Relic Stats","StSLib","SuperFastMode"],"gold_per_floor":[109,126,126,137,137,137,137,137],"floor_reached":7,"language":"ENG","playtime":246,"items_purged":[],"score":82,"play_id":"c36d7af0-9bfa-4de5-ad1c-5680ad6a2786","local_time":"20210117185557","is_ascension_mode":true,"campfire_choices":[{"floor":6,"key":"REST"}],"circlet_count":0,"master_deck":["AscendersBane","Strike_B+1","Strike_B","Strike_B","Strike_B","Defend_B","Defend_B","Defend_B","Defend_B","Zap+1","Dualcast","Compile Driver","Leap"],"relics":["Snecko Eye"],"acts_visited":["Exordium"],"potions_floor_usage":[7],"damage_taken":[{"damage":9,"enemies":"Small Slimes","floor":1,"turns":5},{"damage":2,"enemies":"Jaw Worm","floor":2,"turns":4},{"damage":5,"enemies":"2 Louse","floor":4,"turns":4},{"damage":79,"enemies":"Gremlin Nob","floor":7,"turns":4}],"seed_played":"1878508888880562830","potions_obtained":[{"floor":1,"key":"EssenceOfSteel"}],"is_trial":false,"path_per_floor":["M","M","?","M","?","R","E"],"character_chosen":"DEFECT","items_purchased":[],"campfire_rested":1,"item_purchase_floors":[],"current_hp_per_floor":[55,53,32,27,20,41,0,0],"gold":137,"neow_bonus":"BOSS_RELIC","is_daily":false,"chose_seed":false,"campfire_upgraded":0,"win_rate":0.0,"timestamp":1610938557,"path_taken":["M","M","?","M","?","R","E"],"items_purchased_type":[],"build_version":"2020-12-22","purchased_purges":0,"victory":false,"max_hp_per_floor":[71,71,71,71,71,71,71,71],"relic_stats":{"counters":[4,17],"Snecko Eye":[28,27,28,35],"obtain_stats":[{"Snecko Eye":0,"Cracked Core":0},{"Snecko Eye":0,"Cracked Core":0},{"Snecko Eye":0,"Cracked Core":0}]},"card_choices":[{"not_picked":["Sweeping Beam","Redo"],"picked":"Chill","floor":1},{"not_picked":["Redo","Go for the Eyes"],"picked":"Compile Driver","floor":2},{"not_picked":["Rip and Tear","Redo"],"picked":"Leap","floor":4}],"player_experience":3909541,"relics_obtained":[],"event_choices":[{"damage_healed":0,"gold_gain":0,"player_choice":"Entered Light","damage_taken":21,"max_hp_gain":0,"max_hp_loss":0,"event_name":"Shining Light","floor":3,"gold_loss":0,"cards_upgraded":["Zap","Strike_B"]},{"cards_removed":["Chill"],"damage_healed":0,"gold_gain":0,"player_choice":"Card Removal","damage_taken":7,"max_hp_gain":0,"max_hp_loss":0,"event_name":"Golden Wing","floor":5,"gold_loss":0}],"is_beta":false,"boss_relics":[],"items_purged_floors":[],"is_endless":false,"potions_floor_spawned":[1],"killed_by":"Gremlin Nob","ascension_level":20}}