{"host":"qkbnayyek6fga752","time":1610951023,"event":{"mods":["2.2 Compatiblity","Aspiration","Astrologer","Bard","BaseMod","Beaked The Cultist","Better Altar","Better Match","Better Note","Better Sensory Stone","Better Skull","Better Third Choice","CCEM","CapriCore","ChefMod","Clockwork Mod","Conspire","Ekko","Energized Spire","Evolution","Glutton Mod","Hermit","Hubris","Humility","Jedi Mod","Koishi","Mad Scientist","Marisa????????","Minty Spire (QoL Compilation)","Quarter Circle Forward PUNCH!","Random Character Mod","Replay The Spire","Robot Space Explorer","SIMod","Spicy Shops","StSLib","The Administrix","The Alterego","The Blackbeard","The Blue Laboratory","The Bug Knight","The Construct","The Cursed","The Death Knight","The Disciple","The Druid","The Edgeheg","The Exalted","The Forsaken","The Gatherer","The Hayseed","The Hierophant","The Immortal","The Marked","The Mystic","The Necromancer","The Problem Sleuth","The Runesmith","The Sage","The Senshi","The Vixen","TheBandit","TheFirefly","TheLocksmith","TheSwordswoman","TheVacant","Trackpad","Wandering Minibosses","Yuri Mod","thorton","vexMod","??????REMEMod"],"gold_per_floor":[111,111,128,141,141,167,167,197,197,21,46,60,60,45,45,145,145,163,163,113,139,151,151,151],"floor_reached":23,"language":"ENG","playtime":2377,"items_purged":["DeathKnight:HornOfWinter"],"score":354,"play_id":"d7f2b424-bfad-46de-ad8b-53a68be9f610","local_time":"20210118012343","daily_mods":["SealedDeck","Heirloom","DeadlyEvents","Elite Swarm","Uncertain Future"],"is_ascension_mode":false,"campfire_choices":[{"data":"DeathKnight:RunicCorruption","floor":7,"key":"SMITH"},{"floor":15,"key":"REST"}],"circlet_count":0,"master_deck":["DeathKnight:Runeguard","DeathKnight:UnholyFrenzy","DeathKnight:RunicCorruption+1","DeathKnight:Pestilence","DeathKnight:Hysteria","DeathKnight:Hysteria+1","DeathKnight:Hysteria","DeathKnight:FrosPresence+1","thefirefly:Dematerialize","DeathKnight:BloodBoil","DeathKnight:IceboundArmor","DeathKnight:FoulBulwark","DeathKnight:Runesurge","DeathKnight:FrosPresence","DeathKnight:DeathRune","DeathKnight:Outbreak","DeathKnight:UnholyFrenzy+1","DeathKnight:Defile","DeathKnight:DeathRune"],"relics":["EVO:Axolotl","REME_ComplimentaryCards","aspiration:HatOfInfinitePower","Quantum Egg","Turnip","TheSimpletonMod:Moonshine","Dream Catcher","Fusion Hammer","Nloth\u0027s Gift","hubris:TinFlute"],"acts_visited":["Exordium","TheCity"],"potions_floor_usage":[10,10,23,23,23],"damage_taken":[{"damage":9,"enemies":"conspire:RoseBush","floor":1,"turns":5},{"damage":8,"enemies":"Jaw Worm","floor":3,"turns":5},{"damage":2,"enemies":"2 Louse","floor":4,"turns":7},{"damage":6,"enemies":"HollowMod:MossKnight","floor":6,"turns":7},{"damage":0,"enemies":"Replay:BlueRogue","floor":8,"turns":6},{"damage":0,"enemies":"HollowMod:MossKnight","floor":11,"turns":7},{"damage":6,"enemies":"Blue Slaver","floor":12,"turns":7},{"damage":2,"enemies":"2 Fungi Beasts","floor":14,"turns":8},{"damage":0,"enemies":"Hexaghost","floor":16,"turns":8},{"damage":7,"enemies":"conspire:FuzzyDice","floor":18,"turns":6},{"damage":21,"enemies":"Replay:Snechameleon","floor":21,"turns":5},{"damage":10,"enemies":"Spheric Guardian","floor":22,"turns":6},{"damage":42,"enemies":"Slavers","floor":23,"turns":4}],"seed_played":"-7045304155708289852","potions_obtained":[{"floor":1,"key":"blueLaboratory:BottleOfVodka"},{"floor":6,"key":"sagemod:Wine"},{"floor":12,"key":"sagemod:Wine"}],"is_trial":true,"path_per_floor":["M","?","M","M","T","E","R","E","T","$","E","M","?","M","R","B",null,"M","?","?","E","M","E"],"character_chosen":"DEATH_KNIGHT","items_purchased":["DeathKnight:FrosPresence","PowerPotion","REME_GoldPotion","Elixir"],"campfire_rested":1,"item_purchase_floors":[10,10,10,10],"current_hp_per_floor":[66,51,43,41,41,35,35,35,35,35,35,29,29,27,49,49,75,68,68,68,47,37,0,0],"gold":151,"neow_bonus":"","is_daily":false,"chose_seed":false,"campfire_upgraded":1,"win_rate":0.0,"timestamp":1610951023,"path_taken":["M","?","M","M","?","E","R","E","T","$","E","M","?","M","R","BOSS","M","?","?","?","M","E"],"items_purchased_type":["Card","Potion","Potion","Potion"],"build_version":"2020-12-22","purchased_purges":1,"victory":false,"max_hp_per_floor":[75,75,75,75,75,75,75,75,75,75,75,75,75,75,75,75,75,75,75,75,75,75,75,75],"card_choices":[{"not_picked":["DeathKnight:ScourgeStrike","DeathKnight:MutagenicPlague"],"picked":"DeathKnight:BloodBoil","floor":1},{"not_picked":["DeathKnight:BladedArmor","DeathKnight:Ossuary"],"picked":"DeathKnight:IceboundArmor","floor":3},{"not_picked":["DeathKnight:DeathStrike","DeathKnight:ShatteringStrikes"],"picked":"DeathKnight:FoulBulwark","floor":4},{"not_picked":["DeathKnight:ArmyOfTheDead","DeathKnight:VampiricBlood","DeathKnight:ReapingStrike"],"picked":"SKIP","floor":6},{"not_picked":["DeathKnight:Razorice","DeathKnight:Outbreak"],"picked":"DeathKnight:Runesurge","floor":8},{"not_picked":["DeathKnight:ArmyOfTheDead","DeathKnight:ReapingStrike","DeathKnight:SindragosasBreath"],"picked":"SKIP","floor":11},{"not_picked":["DeathKnight:HartStrike","DeathKnight:HornOfWinter","DeathKnight:BloodTap"],"picked":"SKIP","floor":12},{"not_picked":["DeathKnight:BloodBoil","DeathKnight:BoneSpear"],"picked":"DeathKnight:DeathRune","floor":14},{"not_picked":["DeathKnight:RunicDetonation","DeathKnight:BoneStorm"],"picked":"DeathKnight:Outbreak","floor":16},{"not_picked":["DeathKnight:UnholyAssault+1","DeathKnight:DeathStrike+1"],"picked":"DeathKnight:UnholyFrenzy+1","floor":18},{"not_picked":["DeathKnight:Frostscythe","DeathKnight:RunicDetonation"],"picked":"DeathKnight:Defile","floor":21},{"not_picked":["DeathKnight:DreadStrike","DeathKnight:RuneShock"],"picked":"DeathKnight:DeathRune","floor":22}],"player_experience":412542,"relics_obtained":[{"floor":5,"key":"Quantum Egg"},{"floor":6,"key":"Turnip"},{"floor":8,"key":"Ice Cream"},{"floor":9,"key":"TheSimpletonMod:Moonshine"},{"floor":11,"key":"Dream Catcher"},{"floor":21,"key":"hubris:TinFlute"}],"event_choices":[{"damage_healed":66,"gold_gain":0,"player_choice":"Upgrade","damage_taken":15,"max_hp_gain":0,"max_hp_loss":75,"event_name":"betterThird:BetterShining","floor":2,"gold_loss":0,"cards_upgraded":["DeathKnight:Hysteria","DeathKnight:FrosPresence"]},{"cards_removed":["DeathKnight:HornOfWinter"],"damage_healed":0,"gold_gain":0,"player_choice":"Forget","damage_taken":0,"max_hp_gain":0,"max_hp_loss":0,"event_name":"Living Wall","floor":13,"gold_loss":0},{"damage_healed":0,"gold_gain":0,"player_choice":"Traded Relic","damage_taken":0,"relics_obtained":["Nloth\u0027s Gift"],"max_hp_gain":0,"max_hp_loss":0,"event_name":"N\u0027loth","floor":19,"relics_lost":["DeathKnight:BrokenRuneblade"],"gold_loss":0},{"damage_healed":0,"gold_gain":0,"player_choice":"Bet on Murderer","damage_taken":0,"max_hp_gain":0,"max_hp_loss":0,"event_name":"The Joust","floor":20,"gold_loss":50}],"is_beta":false,"boss_relics":[{"not_picked":["aspiration:RandomNobGenerator","SacredBark"],"picked":"Fusion Hammer"}],"items_purged_floors":[10],"is_endless":false,"potions_floor_spawned":[1,6,12,14,16,21],"killed_by":"Slavers","ascension_level":0}}