{"host":"5ty8fyb0ngp9gspj","time":1610983603,"event":{"mods":["2.2 Compatiblity","AchievementEnabler","Act Like it!","BaseMod","Colored Map","Downfall","Minty Spire (QoL Compilation)","Rare Cards Sparkle","Relic Stats","StSLib","The Jungle","slay the spire mod where everything is the same but ironclad has a cowboy hat"],"gold_per_floor":[99,115,127,127,127,145,171,171,86,99,113,113,113,23,37,142,142,142,242,253,85,99,84,84,95,107,142,161,161,161,172,185,288,288,88,101,115,132,117,167,167,167,183,183,217,301,201,219,234,234,234,264,109,109,109,109,109],"floor_reached":56,"language":"ENG","playtime":3753,"items_purged":["Normality","bronze:Strike"],"score":993,"play_id":"f01d6844-6254-4c81-b10e-858266a84885","local_time":"20210119022643","is_ascension_mode":false,"campfire_choices":[{"data":"bronze:Replicate","floor":1,"key":"SMITH"},{"floor":18,"key":"RECALL"},{"data":"bronze:HardenedForm","floor":35,"key":"SMITH"},{"data":"bronze:CloningBeam","floor":47,"key":"SMITH"},{"floor":54,"key":"REST"}],"circlet_count":1,"master_deck":["bronze:Strike","bronze:Strike","bronze:Defend","bronze:Defend","bronze:Defend","bronze:Replicate+1","bronze:Goto","bronze:Philosophize","bronze:Repair","bronze:Spike+1","bronze:Explode","bronze:Frontload","bronze:Flail","bronze:ForLoop","bronze:MaxOutput+1","bronze:Separator","bronze:Optimize","bronze:DelayedGuard","bronze:ThunderWave","bronze:BronzeArmor+1","bronze:Constructor+1","bronze:ForceShield","bronze:GetLatest","bronze:RecursiveStrike","bronze:Repair","bronze:Shell","bronze:Repair","bronze:Invalidate","bronze:FineTuning+1","bronze:HardenedForm+1","bronze:Branch","bronze:DelayedSlice","bronze:MaxOutput+1","bronze:FollowUp","bronze:Iterate+1","expansioncontent:LastStand","bronze:ForceShield","bronze:BronzeArmor","bronze:Goto","bronze:Deprecate+1","bronze:Fortify+1","bronze:Assembly","bronze:Iterate","bronze:CloningBeam+1","bronze:CutThrough+1","bronze:BitShift+1"],"relics":["Velvet Choker","Happy Flower","Empty Cage","Toy Ornithopter","ClockworkSouvenir","bronze:SilverBullet","Vajra","Sozu","downfall:HeartBlessingRed","downfall:HeartBlessingGreen","Mango","Circlet","downfall:HeartBlessingBlue","Bronze Scales","Anchor"],"acts_visited":["TheCity","TheBeyond","TheEnding"],"potions_floor_usage":[19,20,23,27,27,32,33,33,45],"damage_taken":[{"damage":0,"enemies":"Small Slimes","floor":2,"turns":3},{"damage":1,"enemies":"Jaw Worm","floor":3,"turns":3},{"damage":30,"enemies":"Jaw Worm","floor":5,"turns":5},{"damage":0,"enemies":"2 Louse","floor":6,"turns":2},{"damage":0,"enemies":"downfall:FleeingMerchant","floor":9,"turns":4},{"damage":5,"enemies":"Red Slaver","floor":10,"turns":4},{"damage":0,"enemies":"Exordium Wildlife","floor":11,"turns":1},{"damage":5,"enemies":"downfall:FleeingMerchant","floor":14,"turns":4},{"damage":8,"enemies":"3 Louse","floor":15,"turns":3},{"damage":4,"enemies":"IC_STATUS_ARCHETYPE","floor":16,"turns":7},{"damage":19,"enemies":"downfall:LadyInBlue","floor":19,"turns":9},{"damage":2,"enemies":"Shell Parasite","floor":20,"turns":4},{"damage":1,"enemies":"downfall:FleeingMerchant","floor":21,"turns":4},{"damage":0,"enemies":"3 Byrds","floor":22,"turns":3},{"damage":20,"enemies":"downfall:FleeingMerchant","floor":23,"turns":4},{"damage":14,"enemies":"Centurion and Healer","floor":25,"turns":5},{"damage":30,"enemies":"Snake Plant","floor":26,"turns":5},{"damage":0,"enemies":"Slavers","floor":27,"turns":1},{"damage":11,"enemies":"Snecko","floor":28,"turns":4},{"damage":15,"enemies":"Chosen and Byrds","floor":31,"turns":4},{"damage":7,"enemies":"Snake Plant","floor":32,"turns":5},{"damage":44,"enemies":"DF_ARCHETYPE_CLAW","floor":33,"turns":11},{"damage":15,"enemies":"Orb Walker","floor":36,"turns":2},{"damage":18,"enemies":"3 Darklings","floor":37,"turns":4},{"damage":0,"enemies":"Sphere and 2 Shapes","floor":38,"turns":4},{"damage":21,"enemies":"downfall:FleeingMerchant","floor":39,"turns":4},{"damage":15,"enemies":"downfall:FleeingMerchant","floor":40,"turns":5},{"damage":10,"enemies":"Jaw Worm Horde","floor":43,"turns":3},{"damage":3,"enemies":"Giant Head","floor":45,"turns":8},{"damage":0,"enemies":"downfall:FleeingMerchant","floor":46,"turns":1},{"damage":5,"enemies":"Maw","floor":48,"turns":6},{"damage":50,"enemies":"Writhing Mass","floor":49,"turns":5},{"damage":29,"enemies":"SI_POISON_ARCHETYPE","floor":50,"turns":11},{"damage":112,"enemies":"downfall:CharBossMerchant","floor":52,"turns":10},{"damage":10,"enemies":"downfall:NeowBoss","floor":55,"turns":18},{"damage":69,"enemies":"downfall:NeowBossFinal","floor":56,"turns":10}],"seed_played":"5815116808749399483","potions_obtained":[{"floor":3,"key":"Fire Potion"},{"floor":5,"key":"Dexterity Potion"},{"floor":6,"key":"Energy Potion"},{"floor":19,"key":"Strength Potion"},{"floor":25,"key":"DuplicationPotion"},{"floor":26,"key":"hexamod:SoulburnPotion"},{"floor":27,"key":"ColorlessPotion"},{"floor":28,"key":"SpeedPotion"},{"floor":33,"key":"PowerPotion"}],"is_trial":false,"path_per_floor":["R","M","M","?","?","M","T","?","$","M","M","?","?","$","M","B",null,"R","?","M","$","M","$","T","M","M","E","M","?","?","M","M","B",null,"R","M","M","M","$","?","T","?","M","?","E","$","R","M","M","B",null,"E","$","R","B","B"],"character_chosen":"THE_AUTOMATON","items_purchased":["bronze:ForLoop","ClockworkSouvenir","bronze:Assembly","bronze:Iterate","bronze:CloningBeam","Anchor"],"campfire_rested":1,"item_purchase_floors":[9,21,46,46,46,53],"current_hp_per_floor":[70,70,69,74,45,52,52,52,59,61,61,61,61,63,65,68,75,75,63,66,65,75,65,65,58,28,38,41,66,66,58,75,75,75,75,67,56,63,56,62,62,62,59,59,75,75,85,99,76,68,99,1,1,30,44,0,0],"gold":109,"neow_bonus":"BOSS_RELIC","is_daily":false,"chose_seed":false,"campfire_upgraded":3,"win_rate":0.0,"timestamp":1610983603,"path_taken":["R","M","M","?","?","M","T","?","$","?","M","?","?","$","M","BOSS","R","?","M","$","M","?","T","M","?","E","M","?","?","M","M","BOSS","R","M","M","M","$","?","T","?","M","?","E","$","R","?","M","BOSS","E","$","R","BOSS","BOSS"],"items_purchased_type":["Card","Relic","Card","Card","Card","Relic"],"build_version":"2020-12-22","purchased_purges":2,"victory":false,"max_hp_per_floor":[70,70,70,75,75,75,75,75,75,75,75,75,75,75,75,75,75,75,75,75,75,75,75,75,75,75,75,75,75,75,75,75,75,75,75,75,75,75,75,89,89,89,89,89,89,89,99,99,99,99,99,99,99,99,99,99,99],"relic_stats":{"Sozu":4,"Happy Flower":[57],"counters":[36,186],"Bronze Scales":[66],"obtain_stats":[{"bronze:BronzeCore":0,"Happy Flower":7,"downfall:HeartBlessingRed":35,"Velvet Choker":0,"Vajra":27,"Circlet":45,"downfall:HeartBlessingGreen":35,"Mango":40,"Empty Cage":17,"ClockworkSouvenir":21,"Sozu":34,"Anchor":53,"downfall:HeartBlessingBlue":47,"Bronze Scales":52,"bronze:SilverBullet":24,"Toy Ornithopter":19},{"bronze:BronzeCore":0,"Happy Flower":4,"downfall:HeartBlessingRed":22,"Velvet Choker":0,"Vajra":18,"Circlet":29,"downfall:HeartBlessingGreen":22,"Mango":27,"Empty Cage":10,"ClockworkSouvenir":13,"Sozu":22,"Anchor":34,"downfall:HeartBlessingBlue":30,"Bronze Scales":34,"bronze:SilverBullet":15,"Toy Ornithopter":11},{"bronze:BronzeCore":0,"Happy Flower":13,"downfall:HeartBlessingRed":95,"Velvet Choker":0,"Vajra":71,"Circlet":125,"downfall:HeartBlessingGreen":95,"Mango":114,"Empty Cage":36,"ClockworkSouvenir":53,"Sozu":95,"Anchor":158,"downfall:HeartBlessingBlue":126,"Bronze Scales":158,"bronze:SilverBullet":60,"Toy Ornithopter":45}],"Toy Ornithopter":25},"card_choices":[{"not_picked":["bronze:Turbo","bronze:CutThrough"],"picked":"bronze:Philosophize","floor":2},{"not_picked":["bronze:NullPointer","bronze:Allocate"],"picked":"bronze:Repair","floor":3},{"not_picked":[],"picked":"bronze:Spike","floor":5},{"not_picked":[],"picked":"bronze:Explode","floor":5},{"not_picked":["bronze:FineTuning","bronze:FollowUp"],"picked":"bronze:Frontload","floor":5},{"not_picked":["bronze:ChildClass","bronze:FollowUp"],"picked":"bronze:Flail","floor":6},{"not_picked":["bronze:BuggyMess","bronze:BugBarrage","bronze:Mutator"],"picked":"SKIP","floor":9},{"not_picked":["bronze:BuggyMess","bronze:FineTuning"],"picked":"bronze:MaxOutput","floor":10},{"not_picked":["bronze:Boost","bronze:WildBeam"],"picked":"bronze:Separator","floor":11},{"not_picked":["bronze:Repair","bronze:WhirlingStrike"],"picked":"bronze:Optimize","floor":14},{"not_picked":["bronze:Optimize","bronze:BuggyMess"],"picked":"bronze:DelayedGuard","floor":15},{"not_picked":["bronze:Mutator","bronze:BurnOut"],"picked":"bronze:ThunderWave","floor":16},{"not_picked":["bronze:Frontload","bronze:Fortify"],"picked":"bronze:BronzeArmor+1","floor":19},{"not_picked":["bronze:Invalidate+1","bronze:BitShift"],"picked":"bronze:Constructor+1","floor":20},{"not_picked":["bronze:Shield","bronze:CutThrough","bronze:Overheat+1"],"picked":"SKIP","floor":21},{"not_picked":["bronze:Return","bronze:Shield+1"],"picked":"bronze:ForceShield","floor":22},{"not_picked":["bronze:BuggyMess+1","bronze:Frontload"],"picked":"bronze:GetLatest","floor":23},{"not_picked":["bronze:DelayedSlice+1","bronze:ForLoop+1"],"picked":"bronze:RecursiveStrike","floor":25},{"not_picked":["bronze:MaxOutput","bronze:Deprecate"],"picked":"bronze:Repair","floor":26},{"not_picked":["bronze:NullPointer","bronze:Overload"],"picked":"bronze:Shell","floor":27},{"not_picked":["bronze:Flail","bronze:BuggyMess+1"],"picked":"bronze:Repair","floor":28},{"not_picked":["bronze:BitShift","bronze:Shield"],"picked":"bronze:Invalidate","floor":31},{"not_picked":["bronze:Branch+1","bronze:CutThrough"],"picked":"bronze:FineTuning+1","floor":32},{"not_picked":["bronze:AlphaBuild","bronze:RecursiveStrike"],"picked":"bronze:HardenedForm","floor":33},{"not_picked":["bronze:Shell","bronze:Invalidate+1"],"picked":"bronze:Branch","floor":36},{"not_picked":["bronze:GetLatest","bronze:DigitalCarnage"],"picked":"bronze:DelayedSlice","floor":37},{"not_picked":["bronze:Deprecate","bronze:WildBeam"],"picked":"bronze:MaxOutput+1","floor":38},{"not_picked":["bronze:Invalidate+1","bronze:Break"],"picked":"bronze:FollowUp","floor":39},{"not_picked":["bronze:OilSpill","bronze:FineTuning"],"picked":"bronze:Iterate+1","floor":40},{"not_picked":["expansioncontent:PolyBeam","expansioncontent:YouAreMine"],"picked":"expansioncontent:LastStand","floor":42},{"not_picked":["bronze:BugBarrage","bronze:Turbo+1"],"picked":"bronze:ForceShield","floor":43},{"not_picked":["bronze:BuggyMess+1","bronze:DelayedGuard+1"],"picked":"bronze:Deprecate+1","floor":45},{"not_picked":["bronze:Shell","bronze:ForceShield"],"picked":"bronze:Fortify+1","floor":46},{"not_picked":["bronze:WildBeam+1","bronze:Separator+1"],"picked":"bronze:CutThrough+1","floor":48},{"not_picked":["bronze:Backtrace","bronze:MaxOutput+1","bronze:CloningBeam"],"picked":"SKIP","floor":49},{"not_picked":["bronze:CutThrough+1","bronze:Frontload+1"],"picked":"bronze:BitShift+1","floor":52}],"player_experience":398154,"relics_obtained":[{"floor":7,"key":"Happy Flower"},{"floor":19,"key":"Toy Ornithopter"},{"floor":24,"key":"bronze:SilverBullet"},{"floor":27,"key":"Vajra"},{"floor":40,"key":"Mango"},{"floor":45,"key":"Circlet"},{"floor":52,"key":"Bronze Scales"}],"event_choices":[{"damage_healed":0,"gold_gain":0,"player_choice":"Donut","damage_taken":0,"max_hp_gain":5,"max_hp_loss":0,"event_name":"Big Fish","floor":4,"gold_loss":0},{"damage_healed":0,"gold_gain":0,"player_choice":"Leave","damage_taken":0,"max_hp_gain":0,"max_hp_loss":0,"event_name":"FaceTrader","floor":8,"gold_loss":0},{"damage_healed":25,"gold_gain":0,"player_choice":"Heal","damage_taken":0,"max_hp_gain":0,"max_hp_loss":0,"event_name":"The Library","floor":29,"gold_loss":0}],"is_beta":false,"boss_relics":[{"not_picked":["Tiny House","Circlet"],"picked":"Empty Cage"},{"not_picked":["Circlet","Circlet"],"picked":"Sozu"}],"items_purged_floors":[14,46],"is_endless":false,"potions_floor_spawned":[3,5,6,11,25,26,27,28,31,33,40,45,48,49],"killed_by":"downfall:NeowBossFinal","ascension_level":0}}