{"host":"Jedit","time":1610933090,"event":{"mods":["BaseMod","Downfall","Minty Spire (QoL Compilation)","Relic Stats","StSLib"],"gold_per_floor":[119,131,231,211,227,257,257,287,342,354,354,354,368,385,385,484,484,496,512,512,523,37,37,57,90,139,172,182,182,182,212,212,317,317,331,341,341,341,341,375,387,431,443,455,494,519,581,618,630,642,654,666,16,49,49,49],"floor_reached":55,"language":"ENG","playtime":2868,"items_purged":["Normality","Writhe"],"score":1118,"play_id":"25296d87-72dc-498b-ae6b-fe1a828737eb","local_time":"20210118012450","is_ascension_mode":true,"campfire_choices":[{"data":"bronze:ItsAFeature","floor":12,"key":"SMITH"},{"data":"bronze:Terminator","floor":15,"key":"SMITH"},{"data":"bronze:Virus","floor":23,"key":"SMITH"},{"floor":32,"key":"REST"},{"floor":44,"key":"RECALL"},{"data":"bronze:Library","floor":49,"key":"SMITH"},{"data":"bronze:Assembly","floor":52,"key":"SMITH"}],"circlet_count":0,"master_deck":["bronze:Strike","bronze:Strike","bronze:Strike","bronze:Strike","bronze:Defend","bronze:Defend","bronze:Defend","bronze:Defend","bronze:Replicate","bronze:Goto","bronze:Separator","bronze:BronzeOrb","bronze:ChosenStrike","Injury","CurseOfTheBell","downfall:Malfunctioning","Writhe","bronze:OilSpill","bronze:Terminator+1","bronze:ItsAFeature+1","bronze:ItsAFeature","bronze:DelayedGuard","bronze:Constructor","bronze:ClassDefault","bronze:Virus+1","bronze:Safeguard+1","bronze:Frontload","bronze:Branch","bronze:Repulsor","bronze:Refactor","bronze:GetLatest","bronze:Shell+1","bronze:Library+1","bronze:ChildClass","Decay","bronze:Invalidate+1","bronze:Assembly+1","bronze:Constructor","bronze:OilSpill+1","Violence","bronze:CutThrough+1","bronze:Optimize+1","bronze:FineTuning+1","bronze:Constructor","bronze:Iterate+1","bronze:WhirlingStrike+1","bronze:Branch+1","bronze:Optimize","bronze:Constructor","bronze:CloningBeam+1"],"relics":["bronze:BronzeCore","Calling Bell","Juzu Bracelet","Kunai","Du-Vu Doll","Blue Candle","Regal Pillow","Eternal Feather","Black Star","ClockworkSouvenir","sneckomod:BlankCard","Ginger","bronze:ProtectiveGoggles","Akabeko","Pear","Strawberry","Blood Vial","InkBottle","sneckomod:SneckoTalon","MawBank","Molten Egg 2","StrikeDummy","Bag of Marbles","Meat on the Bone","Ancient Tea Set","Mercury Hourglass","StoneCalendar","Centennial Puzzle","Bronze Scales","Anchor","Sling","Gremlin Horn","Bag of Preparation"],"acts_visited":["Exordium","TheCity","TheBeyond","TheEnding"],"potions_floor_usage":[6,13,16,16,16,21,25,27,31,33,40,42,45,48,55],"damage_taken":[{"damage":2,"enemies":"2 Louse","floor":1,"turns":3},{"damage":0,"enemies":"Small Slimes","floor":2,"turns":3},{"damage":0,"enemies":"Cultist","floor":5,"turns":2},{"damage":31,"enemies":"Lagavulin","floor":6,"turns":5},{"damage":16,"enemies":"3 Sentries","floor":8,"turns":6},{"damage":8,"enemies":"Exordium Thugs","floor":10,"turns":3},{"damage":7,"enemies":"Large Slime","floor":13,"turns":3},{"damage":6,"enemies":"Gremlin Gang","floor":14,"turns":5},{"damage":23,"enemies":"Hexaghost","floor":16,"turns":8},{"damage":9,"enemies":"2 Thieves","floor":18,"turns":2},{"damage":4,"enemies":"Chosen","floor":19,"turns":2},{"damage":16,"enemies":"Snake Plant","floor":21,"turns":5},{"damage":10,"enemies":"Sentry and Sphere","floor":24,"turns":4},{"damage":5,"enemies":"Slavers","floor":25,"turns":4},{"damage":12,"enemies":"Gremlin Leader","floor":27,"turns":3},{"damage":18,"enemies":"Snecko","floor":28,"turns":5},{"damage":13,"enemies":"Slavers","floor":31,"turns":7},{"damage":38,"enemies":"Champ","floor":33,"turns":6},{"damage":1,"enemies":"3 Darklings","floor":35,"turns":7},{"damage":14,"enemies":"3 Shapes","floor":36,"turns":5},{"damage":7,"enemies":"Reptomancer","floor":40,"turns":5},{"damage":12,"enemies":"Nemesis","floor":42,"turns":5},{"damage":30,"enemies":"Reptomancer","floor":45,"turns":5},{"damage":16,"enemies":"Writhing Mass","floor":46,"turns":3},{"damage":4,"enemies":"Mind Bloom Boss Battle","floor":47,"turns":4},{"damage":7,"enemies":"Nemesis","floor":48,"turns":3},{"damage":24,"enemies":"Donu and Deca","floor":50,"turns":7},{"damage":16,"enemies":"Shield and Spear","floor":54,"turns":4},{"damage":121,"enemies":"The Heart","floor":55,"turns":6}],"seed_played":"3804958643468356818","potions_obtained":[{"floor":1,"key":"Weak Potion"},{"floor":2,"key":"ColorlessPotion"},{"floor":4,"key":"SteroidPotion"},{"floor":13,"key":"PowerPotion"},{"floor":14,"key":"Guardian:BlockOnCardUsePotion"},{"floor":16,"key":"sneckomod:MuddlingPotion"},{"floor":20,"key":"CultistPotion"},{"floor":20,"key":"ColorlessPotion"},{"floor":21,"key":"Block Potion"},{"floor":25,"key":"AttackPotion"},{"floor":33,"key":"hexamod:SoulburnPotion"},{"floor":35,"key":"SkillPotion"},{"floor":36,"key":"Weak Potion"},{"floor":46,"key":"Weak Potion"},{"floor":47,"key":"SteroidPotion"}],"is_trial":false,"path_per_floor":["M","M","?","?","M","E","?","E","T","M","T","R","M","M","R","B",null,"M","M","?","M","$","R","M","E","T","E","M","?","?","E","R","B",null,"M","M","?","?","?","E","?","E","T","R","E","M","?","E","R","B",null,"R","$","E","B"],"character_chosen":"THE_AUTOMATON","items_purchased":["ClockworkSouvenir","bronze:Repulsor","sneckomod:BlankCard","bronze:Refactor","bronze:FreeFunctionsPotion","Energy Potion","bronze:Branch+1","bronze:Optimize","Anchor","Sling","bronze:Constructor"],"campfire_rested":1,"item_purchase_floors":[22,22,22,22,53,53,53,53,53,53,53],"current_hp_per_floor":[68,68,73,73,73,42,42,26,26,18,18,30,23,17,32,9,75,66,62,62,46,46,64,54,49,49,54,36,36,36,23,86,50,92,91,78,78,78,92,85,85,75,75,92,62,48,58,53,80,58,92,92,92,76,0,0],"gold":49,"neow_bonus":"THREE_CARDS","is_daily":false,"chose_seed":false,"campfire_upgraded":5,"win_rate":0.0,"timestamp":1610933090,"path_taken":["M","M","?","?","M","E","?","E","T","M","?","R","M","M","R","BOSS","M","M","?","M","$","R","M","E","T","E","M","?","?","E","R","BOSS","M","M","?","?","?","E","?","E","T","R","E","M","?","E","R","BOSS","R","$","E","BOSS"],"items_purchased_type":["Relic","Card","Relic","Card","Potion","Potion","Card","Card","Relic","Relic","Card"],"build_version":"2020-12-18","purchased_purges":2,"victory":false,"max_hp_per_floor":[70,70,75,75,75,75,75,75,75,75,75,75,75,75,75,75,75,75,75,75,75,75,75,75,75,75,92,92,92,92,92,92,92,92,92,92,92,92,92,92,92,92,92,92,92,92,92,92,92,92,92,92,92,92,92,92],"relic_stats":{"Regal Pillow":15,"Gremlin Horn":[0,0],"counters":[29,129],"Blue Candle":[16],"Eternal Feather":110,"StoneCalendar":[0],"Juzu Bracelet":2,"Bag of Preparation":[2],"Ginger":[10],"MawBank":156,"Mercury Hourglass":[76],"Blood Vial":15,"Centennial Puzzle":[9],"Bronze Scales":[108],"Black Star":8,"Kunai":[67],"obtain_stats":[{"Regal Pillow":8,"bronze:BronzeCore":0,"Gremlin Horn":54,"sneckomod:BlankCard":22,"StoneCalendar":47,"Juzu Bracelet":3,"Bag of Preparation":54,"Ginger":25,"Ancient Tea Set":45,"Sling":53,"ClockworkSouvenir":22,"Blood Vial":31,"Centennial Puzzle":48,"Strawberry":27,"Kunai":3,"InkBottle":31,"Pear":27,"Blue Candle":6,"Eternal Feather":11,"sneckomod:SneckoTalon":34,"MawBank":40,"Akabeko":26,"Mercury Hourglass":45,"Calling Bell":3,"Du-Vu Doll":3,"Anchor":53,"bronze:ProtectiveGoggles":25,"Bronze Scales":48,"Molten Egg 2":40,"Black Star":17,"Bag of Marbles":42,"StrikeDummy":42,"Meat on the Bone":43},{"Regal Pillow":5,"bronze:BronzeCore":0,"Gremlin Horn":28,"sneckomod:BlankCard":12,"StoneCalendar":25,"Juzu Bracelet":2,"Bag of Preparation":28,"Ginger":14,"Ancient Tea Set":23,"Sling":27,"ClockworkSouvenir":12,"Blood Vial":17,"Centennial Puzzle":26,"Strawberry":15,"Kunai":2,"InkBottle":17,"Pear":15,"Blue Candle":4,"Eternal Feather":6,"sneckomod:SneckoTalon":18,"MawBank":21,"Akabeko":14,"Mercury Hourglass":23,"Calling Bell":2,"Du-Vu Doll":2,"Anchor":27,"bronze:ProtectiveGoggles":14,"Bronze Scales":26,"Molten Egg 2":21,"Black Star":9,"Bag of Marbles":22,"StrikeDummy":22,"Meat on the Bone":22},{"Regal Pillow":19,"bronze:BronzeCore":0,"Gremlin Horn":123,"sneckomod:BlankCard":47,"StoneCalendar":110,"Juzu Bracelet":6,"Bag of Preparation":123,"Ginger":55,"Ancient Tea Set":103,"Sling":120,"ClockworkSouvenir":47,"Blood Vial":70,"Centennial Puzzle":113,"Strawberry":58,"Kunai":6,"InkBottle":70,"Pear":58,"Blue Candle":13,"Eternal Feather":22,"sneckomod:SneckoTalon":76,"MawBank":93,"Akabeko":55,"Mercury Hourglass":103,"Calling Bell":6,"Du-Vu Doll":6,"Anchor":120,"bronze:ProtectiveGoggles":55,"Bronze Scales":113,"Molten Egg 2":93,"Black Star":38,"Bag of Marbles":98,"StrikeDummy":98,"Meat on the Bone":98}],"InkBottle":[34],"Meat on the Bone":12},"card_choices":[{"not_picked":["bronze:Philosophize","bronze:Turbo"],"picked":"bronze:Separator","floor":0},{"not_picked":["bronze:Terminator","bronze:Shield"],"picked":"bronze:BronzeOrb","floor":1},{"not_picked":["bronze:Separator","bronze:Branch"],"picked":"bronze:ChosenStrike","floor":2},{"not_picked":["bronze:Boost","bronze:FineTuning"],"picked":"bronze:OilSpill","floor":5},{"not_picked":["bronze:DigitalCarnage","bronze:Verify"],"picked":"bronze:Terminator","floor":6},{"not_picked":["bronze:DelayedSlice","bronze:DelayedGuard"],"picked":"bronze:ItsAFeature","floor":8},{"not_picked":["bronze:Backtrace","bronze:Invalidate"],"picked":"bronze:DelayedGuard","floor":10},{"not_picked":["bronze:OilSpill","bronze:Frontload"],"picked":"bronze:Constructor","floor":13},{"not_picked":["bronze:Optimize","bronze:DelayedGuard"],"picked":"bronze:ClassDefault","floor":14},{"not_picked":["bronze:Verify","bronze:InfiniteLoop"],"picked":"bronze:Virus","floor":16},{"not_picked":["bronze:GetLatest","bronze:FineTuning"],"picked":"bronze:Safeguard+1","floor":18},{"not_picked":["bronze:BuggyMess+1","bronze:ForLoop"],"picked":"bronze:Frontload","floor":19},{"not_picked":["bronze:Safeguard","bronze:Iterate"],"picked":"bronze:Branch","floor":21},{"not_picked":["bronze:Boost","bronze:Refactor"],"picked":"bronze:GetLatest","floor":24},{"not_picked":["bronze:Terminator","bronze:Boost"],"picked":"bronze:Shell+1","floor":25},{"not_picked":["bronze:Invalidate","bronze:OilSpill"],"picked":"bronze:Library","floor":27},{"not_picked":["bronze:WildBeam","bronze:Overheat"],"picked":"bronze:ChildClass","floor":28},{"not_picked":["bronze:Frontload","bronze:OilSpill"],"picked":"bronze:Invalidate+1","floor":31},{"not_picked":["bronze:Virus","bronze:TinkerersToolbox"],"picked":"bronze:Assembly","floor":33},{"not_picked":["bronze:DelayedSlice+1","bronze:Frontload+1"],"picked":"bronze:Constructor","floor":35},{"not_picked":["bronze:Overheat","bronze:Invalidate"],"picked":"bronze:OilSpill+1","floor":36},{"not_picked":["Dramatic Entrance","Chrysalis"],"picked":"Violence","floor":38},{"not_picked":["bronze:TinkerersToolbox","bronze:DelayedSlice+1"],"picked":"bronze:CutThrough+1","floor":40},{"not_picked":["bronze:Safeguard","bronze:Iterate+1"],"picked":"bronze:Optimize+1","floor":42},{"not_picked":["bronze:Return","bronze:OilSpill+1"],"picked":"bronze:FineTuning+1","floor":45},{"not_picked":["bronze:Deprecate","bronze:DelayedGuard"],"picked":"bronze:Constructor","floor":46},{"not_picked":["bronze:Separator+1","bronze:Philosophize+1"],"picked":"bronze:Iterate+1","floor":47},{"not_picked":["bronze:Break+1","bronze:Overheat+1"],"picked":"bronze:WhirlingStrike+1","floor":48},{"not_picked":["bronze:DelayedGuard+1","bronze:Branch+1"],"picked":"bronze:CloningBeam+1","floor":54}],"player_experience":3669687,"relics_obtained":[{"floor":3,"key":"Juzu Bracelet"},{"floor":3,"key":"Kunai"},{"floor":3,"key":"Du-Vu Doll"},{"floor":6,"key":"Blue Candle"},{"floor":8,"key":"Regal Pillow"},{"floor":11,"key":"Eternal Feather"},{"floor":25,"key":"Ginger"},{"floor":25,"key":"bronze:ProtectiveGoggles"},{"floor":26,"key":"Akabeko"},{"floor":27,"key":"Pear"},{"floor":27,"key":"Strawberry"},{"floor":31,"key":"Blood Vial"},{"floor":31,"key":"InkBottle"},{"floor":40,"key":"MawBank"},{"floor":40,"key":"Molten Egg 2"},{"floor":42,"key":"StrikeDummy"},{"floor":42,"key":"Bag of Marbles"},{"floor":43,"key":"Meat on the Bone"},{"floor":45,"key":"Ancient Tea Set"},{"floor":45,"key":"Mercury Hourglass"},{"floor":47,"key":"StoneCalendar"},{"floor":48,"key":"Centennial Puzzle"},{"floor":48,"key":"Bronze Scales"},{"floor":54,"key":"Gremlin Horn"},{"floor":54,"key":"Bag of Preparation"}],"event_choices":[{"damage_healed":0,"gold_gain":0,"player_choice":"Bought 1 Potion","damage_taken":0,"max_hp_gain":0,"max_hp_loss":0,"event_name":"The Woman in Blue","floor":4,"gold_loss":0},{"damage_healed":0,"gold_gain":0,"player_choice":"1 cards matched","damage_taken":0,"max_hp_gain":0,"max_hp_loss":0,"event_name":"Match and Keep!","floor":7,"gold_loss":0,"cards_obtained":["bronze:ItsAFeature"]},{"damage_healed":0,"gold_gain":0,"player_choice":"Got Potions","damage_taken":0,"max_hp_gain":0,"max_hp_loss":0,"event_name":"Lab","floor":20,"gold_loss":0},{"damage_healed":0,"gold_gain":0,"player_choice":"Ignored","damage_taken":0,"max_hp_gain":0,"max_hp_loss":0,"event_name":"Cursed Tome","floor":29,"gold_loss":0},{"damage_healed":0,"gold_gain":0,"player_choice":"Smashed Altar","damage_taken":0,"max_hp_gain":0,"max_hp_loss":0,"event_name":"Forgotten Altar","floor":30,"gold_loss":0,"cards_obtained":["Decay"]},{"cards_removed":["bronze:CleanCode"],"damage_healed":0,"gold_gain":0,"player_choice":"Removed Power","damage_taken":0,"max_hp_gain":0,"max_hp_loss":0,"event_name":"Falling","floor":37,"gold_loss":0},{"damage_healed":0,"gold_gain":0,"player_choice":"Memory 1","damage_taken":0,"max_hp_gain":0,"max_hp_loss":0,"event_name":"SensoryStone","floor":38,"gold_loss":0},{"damage_healed":23,"gold_gain":0,"player_choice":"Writhe","damage_taken":0,"max_hp_gain":0,"max_hp_loss":0,"event_name":"Winding Halls","floor":39,"gold_loss":0,"cards_obtained":["Writhe"]},{"damage_healed":0,"gold_gain":0,"player_choice":"Ignored","damage_taken":0,"max_hp_gain":0,"max_hp_loss":0,"event_name":"Tomb of Lord Red Mask","floor":41,"gold_loss":0},{"damage_healed":0,"gold_gain":0,"player_choice":"Fight","damage_taken":0,"max_hp_gain":0,"max_hp_loss":0,"event_name":"MindBloom","floor":47,"gold_loss":0}],"is_beta":true,"boss_relics":[{"not_picked":["Snecko Eye","SlaversCollar"],"picked":"Black Star"},{"not_picked":["bronze:PlatinumCore","Coffee Dripper"],"picked":"sneckomod:SneckoTalon"}],"items_purged_floors":[22,53],"is_endless":false,"potions_floor_spawned":[1,2,5,13,14,16,21,25,33,35,36,46,47],"killed_by":"The Heart","ascension_level":1}}