{"host":"vm3f1ccwgbs4oygt","time":1610973368,"event":{"mods":["BaseMod","BetterRewards","Colored Powertips","Minty Spire (QoL Compilation)","Permanent Neow","Shop Mod","StSLib"],"gold_per_floor":[109,123,138,88,36,36,368,368,368,379,379,391,467,500,500,603,603,619,619,82,82,95,123,123,123,123,123,151,162,173,25,25,124,124,134,34,84,84,99,99,130,144,168,168,168,203,203,0,0,0],"floor_reached":51,"language":"ENG","playtime":14789,"items_purged":["Strike_R","Defend_R","Defend_R"],"score":814,"play_id":"1393cde3-cbdb-4d79-897e-20e78b9eae94","local_time":"20210118133608","is_ascension_mode":true,"campfire_choices":[{"data":"Shockwave","floor":6,"key":"SMITH"},{"data":"Limit Break","floor":8,"key":"SMITH"},{"data":"Pommel Strike","floor":11,"key":"SMITH"},{"floor":15,"key":"REST"},{"data":"Flame Barrier","floor":24,"key":"SMITH"},{"data":"Exhume","floor":27,"key":"SMITH"},{"data":"Heavy Blade","floor":32,"key":"SMITH"},{"floor":40,"key":"REST"},{"data":"Power Through","floor":44,"key":"SMITH"},{"data":"Clothesline","floor":49,"key":"SMITH"}],"circlet_count":0,"master_deck":["Strike_R","Strike_R","Strike_R","Defend_R","Defend_R","Bash","Shockwave+1","Pommel Strike+1","Limit Break+1","Shrug It Off","Ghostly Armor","Flex","Clothesline+1","Exhume+1","Intimidate+1","Flex","Heavy Blade+1","Flame Barrier+1","Power Through+1","Inflame+1","Inflame+1","Writhe"],"relics":["Burning Blood","Omamori","Old Coin","Pantograph","Lantern","Velvet Choker","Anchor","Matryoshka","Sling","Pen Nib","MutagenicStrength","Kunai","Molten Egg 2","CaptainsWheel","Lee\u0027s Waffle","Philosopher\u0027s Stone","FossilizedHelix","Singing Bowl","Nunchaku","MealTicket","Bronze Scales"],"acts_visited":["Exordium","TheCity","TheBeyond"],"potions_floor_usage":[7,7,28,28,41,47,50,50,50],"damage_taken":[{"damage":7,"enemies":"Small Slimes","floor":1,"turns":4},{"damage":12,"enemies":"2 Louse","floor":2,"turns":4},{"damage":3,"enemies":"Jaw Worm","floor":3,"turns":4},{"damage":24,"enemies":"Gremlin Nob","floor":7,"turns":5},{"damage":13,"enemies":"2 Fungi Beasts","floor":10,"turns":5},{"damage":2,"enemies":"Looter","floor":12,"turns":3},{"damage":29,"enemies":"3 Sentries","floor":14,"turns":9},{"damage":26,"enemies":"The Guardian","floor":16,"turns":10},{"damage":0,"enemies":"Chosen","floor":18,"turns":4},{"damage":13,"enemies":"Spheric Guardian","floor":22,"turns":4},{"damage":27,"enemies":"Gremlin Leader","floor":23,"turns":4},{"damage":6,"enemies":"Slavers","floor":28,"turns":5},{"damage":0,"enemies":"Snake Plant","floor":29,"turns":3},{"damage":21,"enemies":"Sentry and Sphere","floor":30,"turns":11},{"damage":50,"enemies":"Automaton","floor":33,"turns":14},{"damage":0,"enemies":"3 Shapes","floor":35,"turns":8},{"damage":26,"enemies":"Mind Bloom Boss Battle","floor":37,"turns":7},{"damage":14,"enemies":"Orb Walker","floor":39,"turns":4},{"damage":49,"enemies":"Reptomancer","floor":41,"turns":6},{"damage":0,"enemies":"Writhing Mass","floor":42,"turns":5},{"damage":0,"enemies":"Giant Head","floor":46,"turns":7},{"damage":0,"enemies":"Maw","floor":47,"turns":2},{"damage":36,"enemies":"Time Eater","floor":50,"turns":8}],"seed_played":"8386883024207758716","potions_obtained":[{"floor":1,"key":"SteroidPotion"},{"floor":3,"key":"Regen Potion"},{"floor":7,"key":"SpeedPotion"},{"floor":23,"key":"Dexterity Potion"},{"floor":33,"key":"SmokeBomb"},{"floor":37,"key":"Explosive Potion"},{"floor":41,"key":"ColorlessPotion"},{"floor":42,"key":"HeartOfIron"}],"is_trial":false,"path_per_floor":["M","M","M","?","$","R","E","R","T","M","R","M","?","E","R","B",null,"M","?","$","?","M","E","R","?","T","R","E","M","M","$","R","B",null,"M","$","?","?","M","R","E","M","T","R","?","E","M","$","R","B",null],"character_chosen":"IRONCLAD","items_purchased":["Shrug It Off","Matryoshka","Sling","Flex","Lee\u0027s Waffle","DistilledChaos"],"campfire_rested":2,"item_purchase_floors":[5,20,20,20,31,48],"current_hp_per_floor":[79,73,76,76,76,76,69,69,69,62,62,66,66,43,67,60,80,80,80,80,80,73,52,52,52,52,52,52,58,43,87,87,43,87,87,87,67,67,59,85,42,50,50,50,72,80,86,91,91,61],"gold":0,"neow_bonus":"RANDOM_COMMON_RELIC","is_daily":false,"chose_seed":false,"campfire_upgraded":8,"win_rate":0.0,"timestamp":1610973368,"path_taken":["M","M","M","?","$","R","E","R","T","M","R","M","?","E","R","BOSS","M","?","$","?","M","E","R","?","T","R","E","M","M","$","R","BOSS","M","$","?","?","M","R","E","M","T","R","?","E","?","$","R","BOSS"],"items_purchased_type":["Card","Relic","Relic","Card","Relic","Potion"],"build_version":"2020-12-22","purchased_purges":3,"victory":true,"max_hp_per_floor":[80,80,80,80,80,80,80,80,80,80,80,80,80,80,80,80,80,80,80,80,80,80,80,80,80,80,80,80,80,80,87,87,87,87,87,87,87,87,87,87,87,89,89,89,89,91,91,91,91,91],"card_choices":[{"not_picked":["Flex","Rampage"],"picked":"Shockwave","floor":1},{"not_picked":["Headbutt","Havoc"],"picked":"Pommel Strike","floor":2},{"not_picked":["Burning Pact","Disarm"],"picked":"Limit Break","floor":3},{"not_picked":["Headbutt","Seeing Red"],"picked":"Ghostly Armor","floor":7},{"not_picked":["Sword Boomerang","Thunderclap"],"picked":"Flex","floor":10},{"not_picked":["Reckless Charge","Perfected Strike"],"picked":"Clothesline","floor":12},{"not_picked":["Warcry","Whirlwind","Perfected Strike"],"picked":"SKIP","floor":14},{"not_picked":["Juggernaut","Berserk"],"picked":"Exhume","floor":16},{"not_picked":["Clash+1","Pommel Strike+1"],"picked":"Intimidate+1","floor":18},{"not_picked":["Perfected Strike","Battle Trance+1"],"picked":"Heavy Blade","floor":22},{"not_picked":["Dual Wield","Intimidate"],"picked":"Flame Barrier","floor":23},{"not_picked":["Infernal Blade","Dropkick+1"],"picked":"Power Through","floor":28},{"not_picked":["Warcry","Sentinel+1","Heavy Blade+1"],"picked":"SKIP","floor":29},{"not_picked":["Fiend Fire+1","Havoc+1","Flex"],"picked":"SKIP","floor":30},{"not_picked":["Second Wind+1","Combust","Power Through"],"picked":"SKIP","floor":35},{"not_picked":["Power Through+1","Sentinel+1"],"picked":"Inflame+1","floor":39},{"not_picked":["Feel No Pain+1","Armaments+1"],"picked":"Inflame+1","floor":41},{"not_picked":["Sword Boomerang+1","Anger+1","Feel No Pain"],"picked":"Singing Bowl","floor":42},{"not_picked":["Sentinel","Pummel+1","Iron Wave+1"],"picked":"Singing Bowl","floor":46}],"player_experience":509478,"relics_obtained":[{"floor":7,"key":"Old Coin"},{"floor":9,"key":"Pantograph"},{"floor":14,"key":"Lantern"},{"floor":23,"key":"Pen Nib"},{"floor":26,"key":"Kunai"},{"floor":26,"key":"Molten Egg 2"},{"floor":28,"key":"CaptainsWheel"},{"floor":37,"key":"FossilizedHelix"},{"floor":41,"key":"Singing Bowl"},{"floor":43,"key":"Nunchaku"},{"floor":43,"key":"MealTicket"},{"floor":46,"key":"Bronze Scales"}],"event_choices":[{"cards_removed":["Strike_R"],"damage_healed":0,"gold_gain":0,"player_choice":"Card Removal","damage_taken":0,"max_hp_gain":0,"max_hp_loss":0,"event_name":"The Cleric","floor":4,"gold_loss":50},{"damage_healed":0,"gold_gain":76,"player_choice":"Gained Gold","damage_taken":0,"max_hp_gain":0,"max_hp_loss":0,"event_name":"Golden Wing","floor":13,"gold_loss":0},{"damage_healed":0,"gold_gain":0,"player_choice":"Stole Relic","damage_taken":0,"relics_obtained":["Anchor"],"max_hp_gain":0,"max_hp_loss":0,"event_name":"Addict","floor":19,"gold_loss":0,"cards_obtained":["Shame"]},{"damage_healed":0,"gold_gain":0,"player_choice":"Ignored","damage_taken":0,"max_hp_gain":0,"max_hp_loss":0,"event_name":"Ghosts","floor":21,"gold_loss":0},{"damage_healed":0,"gold_gain":0,"player_choice":"Inject Mutagens","damage_taken":0,"relics_obtained":["MutagenicStrength"],"max_hp_gain":0,"max_hp_loss":0,"event_name":"Drug Dealer","floor":25,"gold_loss":0},{"damage_healed":0,"gold_gain":0,"player_choice":"Fight","damage_taken":0,"max_hp_gain":0,"max_hp_loss":0,"event_name":"MindBloom","floor":37,"gold_loss":0},{"damage_healed":0,"gold_gain":0,"player_choice":"Ignored","damage_taken":0,"max_hp_gain":0,"max_hp_loss":0,"event_name":"Tomb of Lord Red Mask","floor":38,"gold_loss":0},{"damage_healed":22,"gold_gain":0,"player_choice":"Writhe","damage_taken":0,"max_hp_gain":0,"max_hp_loss":0,"event_name":"Winding Halls","floor":45,"gold_loss":0,"cards_obtained":["Writhe"]}],"is_beta":false,"boss_relics":[{"not_picked":["Runic Pyramid","Sozu"],"picked":"Velvet Choker"},{"not_picked":["Coffee Dripper","SacredBark"],"picked":"Philosopher\u0027s Stone"}],"items_purged_floors":[20,36,48],"is_endless":false,"potions_floor_spawned":[1,3,7,23,33,37,41,42,47],"ascension_level":1}}