{"host":"kvq1t47bkvtg8ho9","time":1610994698,"event":{"mods":["Aspiration","Bard","BaseMod","Beaked The Cultist","Better Sensory Stone","Better Third Choice","BetterRewards","Clockwork Mod","Colored Map","Conspire","Downfall","Energized Spire","Friendly Minions","Hermit","HexUI Lib","Highlight Path","Hubris","Infinite Spire","JesterMod","Minty Spire (QoL Compilation)","READ ME - Guardian Mod","Relic Stats","Shade Mod","Somnambulant","StSLib","The Bladedancer","The Bug Knight","The Cursed","The Death Knight","The Disciple","The Forsaken","The Jungle","The Marked","The Necromancer","The Runesmith"],"gold_per_floor":[109,123,142,122,19,50,50,69,95,106,122,122,24,37,37,135,135,152,152,166,180,195,195,207,18,18,38,38,12,12,12,12],"floor_reached":31,"language":"ENG","playtime":2567,"items_purged":[],"score":241,"play_id":"39798d31-40fe-42b3-bd1b-b891e2237e6f","local_time":"20210118133138","is_ascension_mode":false,"campfire_choices":[{"data":"jesterMod:Sickle","floor":7,"key":"SMITH"},{"floor":15,"key":"REST"},{"floor":23,"key":"REST"},{"floor":30,"key":"REST"}],"circlet_count":0,"master_deck":["jesterMod:Strike","jesterMod:Strike","jesterMod:Strike","jesterMod:Strike","jesterMod:Sickle+1","jesterMod:Defend","jesterMod:Defend","jesterMod:Defend","jesterMod:Defend","jesterMod:Dodge","jesterMod:Precipitation","jesterMod:Mending","jesterMod:Illness","jesterMod:OblivionStrike","jesterMod:BouncingKnife","jesterMod:Anticipation","jesterMod:QuickStrike","jesterMod:LightTheWick","jesterMod:LightTheWick","jesterMod:Prankster","jesterMod:Precipitation","jesterMod:JackInTheBox","jesterMod:JugglerBlade","jesterMod:Momentum","jesterMod:Prankster","jesterMod:SmokeScreen","jesterMod:ButterKnife","jesterMod:Haste","jesterMod:LightTheWick+1","conspire:Banana","jesterMod:Precipitation","jesterMod:Rebuff","jesterMod:Mending","jesterMod:JackInTheBox"],"relics":["jesterMod:JesterCap","Tiny Chest","Torii","hubris:SlimyHat","conspire:TopHat","Fusion Hammer","infinitespire:PuzzleCube","aspiration:FetidBarrel","hubris:Icosahedron"],"acts_visited":["Exordium","TheCity"],"potions_floor_usage":[6,6,16,18,24,27,31],"damage_taken":[{"damage":0,"enemies":"2 Louse","floor":1,"turns":3},{"damage":0,"enemies":"Cultist","floor":2,"turns":4},{"damage":1,"enemies":"Small Slimes","floor":3,"turns":4},{"damage":4,"enemies":"3 Sentries","floor":6,"turns":9},{"damage":2,"enemies":"3 Louse","floor":8,"turns":4},{"damage":2,"enemies":"Large Slime","floor":10,"turns":6},{"damage":29,"enemies":"Exordium Thugs","floor":11,"turns":5},{"damage":3,"enemies":"Red Slaver","floor":14,"turns":5},{"damage":22,"enemies":"The Guardian","floor":16,"turns":12},{"damage":28,"enemies":"3 Byrds","floor":18,"turns":4},{"damage":2,"enemies":"Chosen","floor":20,"turns":7},{"damage":4,"enemies":"Snake Plant","floor":21,"turns":6},{"damage":27,"enemies":"3 Cultists","floor":22,"turns":6},{"damage":14,"enemies":"Snecko","floor":24,"turns":6},{"damage":6,"enemies":"Snake Plant","floor":27,"turns":6},{"damage":29,"enemies":"Sentry and Sphere","floor":31,"turns":3}],"seed_played":"9059408972917012998","potions_obtained":[{"floor":2,"key":"PowerPotion"},{"floor":3,"key":"DistilledChaos"},{"floor":4,"key":"conspire:TimeTravelPotion"},{"floor":10,"key":"LiquidBronze"},{"floor":12,"key":"DeathKnight:RimePotion"},{"floor":16,"key":"bronze:BurnAndBuffPotion"},{"floor":20,"key":"FearPotion"},{"floor":24,"key":"SkillPotion"},{"floor":27,"key":"Ancient Potion"}],"is_trial":false,"path_per_floor":["M","M","M","?","$","E","R","M","T","M","M","?","$","M","R","B",null,"M","T","M","M","M","R","M","$","T","M","?","$","R","M"],"character_chosen":"THE_JESTER","items_purchased":["Tiny Chest","Torii","jesterMod:Precipitation","jesterMod:BouncingKnife","jesterMod:Anticipation","jesterMod:Precipitation","jesterMod:JackInTheBox","conspire:Banana","jesterMod:Precipitation","jesterMod:Rebuff","jesterMod:JackInTheBox"],"campfire_rested":3,"item_purchase_floors":[0,0,0,5,5,13,13,25,25,25,29],"current_hp_per_floor":[65,65,64,64,64,60,60,58,58,56,27,27,27,24,43,38,65,37,37,35,31,4,23,9,9,9,4,4,4,23,0,0],"gold":12,"neow_bonus":"","is_daily":false,"chose_seed":false,"campfire_upgraded":1,"win_rate":0.0,"timestamp":1610994698,"path_taken":["M","M","M","?","$","E","R","M","T","?","M","?","$","M","R","BOSS","M","?","M","M","M","R","M","?","T","M","?","$","R","M"],"items_purchased_type":["Relic","Relic","Card","Card","Card","Card","Card","Card","Card","Card","Card"],"build_version":"2020-12-22","purchased_purges":0,"victory":false,"max_hp_per_floor":[65,65,65,65,65,65,65,65,65,65,65,65,65,65,65,65,65,65,65,65,65,65,65,65,65,65,66,66,66,66,67,67],"relic_stats":{"Torii":69,"counters":[126,466],"Tiny Chest":7,"obtain_stats":[{"Gremlin Horn":44,"hubris:VirtuousBlindfold":17,"Vajra":115,"hubris:MysteriousPyramids":118,"HollowMod:StagPassRelic":57,"aspiration:RitualStick":126,"Lizard Tail":128,"infinitespire:ShieldingShard":27,"aspiration:MobileForge":119,"hubris:DeckOfHolding":53,"aspiration:ArtOfWarUpgrade":83,"Fusion Hammer":17,"Kunai":7,"HollowMod:PaleOreRelic":112,"Toxic Egg 2":4,"aspiration:DSix":0,"Pear":10,"hubris:Teleporter":123,"Astrolabe":136,"Oddly Smooth Stone":76,"hubris:SphereOfDissonance":89,"Shade:YorickPolishedSkull":51,"Pen Nib":44,"energizedSpire:OgreHead":53,"Guardian:PocketSentry":156,"Letter Opener":129,"energizedSpire:StickyHand":34,"conspire:GiftBox":43,"aspiration:EmptySkull":0,"Shuriken":64,"MutagenicStrength":19,"Molten Egg 2":131,"infinitespire:EmpoweringShard":43,"infinitespire:PuzzleCube":104,"hubris:Reverence":14,"Darkstone Periapt":9,"Regal Pillow":94,"bronze:BronzeCore":0,"Torii":74,"SacredBark":34,"theForsaken:Lifeblossom":25,"Mango":77,"conspire:SpecialSausage":153,"Bag of Preparation":91,"Incense Burner":99,"Juzu Bracelet":142,"hubris:SlimyHat":6,"theForsaken:Gavel":26,"conspire:TopHat":9,"aspiration:StickyExplosives_weak":95,"hubris:BlackHole":102,"Frozen Eye":70,"Nunchaku":29,"hubris:Icosahedron":24,"theForsaken:Kindling":139,"Pantograph":106,"hubris:ScarierMask":17,"Tiny Chest":26,"hubris:CuriousFeather":6,"Red Mask":37,"aspiration:FutureDiary":68,"aspiration:VileToxins":146,"hubris:64BitClover":48,"Golden Idol":61,"aspiration:FetidBarrel":26,"Guardian:GemstoneGun":6,"conspire:RunicOctahedron":85,"The Courier":99,"Omamori":80,"infinitespire:Lucky Rock":59,"infinitespire:CheckeredPen":86,"Frozen Egg 2":36,"Orichalcum":69,"hubris:Towel":73,"MawBank":148,"Mercury Hourglass":40,"Calling Bell":99,"infinitespire:WardingShard":23,"infinitespire:Satchel":9,"Art of War":46,"Bag of Marbles":111,"Membership Card":0,"Runesmith:AutoHammer":14,"conspire:DeflatedDodgeball":12,"Toy Ornithopter":23,"hubris:BottledRain":60},{"Gremlin Horn":58,"hubris:VirtuousBlindfold":18,"Vajra":91,"hubris:MysteriousPyramids":93,"HollowMod:StagPassRelic":64,"aspiration:RitualStick":96,"Lizard Tail":96,"infinitespire:ShieldingShard":48,"aspiration:MobileForge":93,"hubris:DeckOfHolding":61,"aspiration:ArtOfWarUpgrade":76,"Fusion Hammer":119,"Kunai":3,"HollowMod:PaleOreRelic":88,"Toxic Egg 2":37,"aspiration:DSix":35,"Pear":5,"hubris:Teleporter":95,"Astrolabe":100,"Oddly Smooth Stone":73,"hubris:SphereOfDissonance":79,"Shade:YorickPolishedSkull":60,"Pen Nib":31,"energizedSpire:OgreHead":61,"Guardian:PocketSentry":109,"Letter Opener":97,"energizedSpire:StickyHand":52,"conspire:GiftBox":31,"aspiration:EmptySkull":9,"Shuriken":67,"MutagenicStrength":19,"Molten Egg 2":98,"infinitespire:EmpoweringShard":57,"infinitespire:PuzzleCube":85,"hubris:Reverence":42,"Darkstone Periapt":39,"Regal Pillow":80,"bronze:BronzeCore":0,"Torii":72,"SacredBark":27,"theForsaken:Lifeblossom":23,"Mango":73,"conspire:SpecialSausage":108,"Bag of Preparation":79,"Incense Burner":82,"Juzu Bracelet":104,"hubris:SlimyHat":114,"theForsaken:Gavel":47,"conspire:TopHat":115,"aspiration:StickyExplosives_weak":80,"hubris:BlackHole":83,"Frozen Eye":69,"Nunchaku":24,"hubris:Icosahedron":47,"theForsaken:Kindling":102,"Pantograph":85,"hubris:ScarierMask":43,"Tiny Chest":23,"hubris:CuriousFeather":39,"Red Mask":28,"aspiration:FutureDiary":68,"aspiration:VileToxins":105,"hubris:64BitClover":59,"Golden Idol":66,"aspiration:FetidBarrel":124,"Guardian:GemstoneGun":14,"conspire:RunicOctahedron":77,"The Courier":82,"Omamori":74,"infinitespire:Lucky Rock":66,"infinitespire:CheckeredPen":78,"Frozen Egg 2":28,"Orichalcum":69,"hubris:Towel":71,"MawBank":106,"Mercury Hourglass":56,"Calling Bell":82,"infinitespire:WardingShard":22,"infinitespire:Satchel":14,"Art of War":59,"Bag of Marbles":88,"Membership Card":9,"Runesmith:AutoHammer":17,"conspire:DeflatedDodgeball":15,"Toy Ornithopter":47,"hubris:BottledRain":66},{"Gremlin Horn":247,"hubris:VirtuousBlindfold":88,"Vajra":334,"hubris:MysteriousPyramids":337,"HollowMod:StagPassRelic":267,"aspiration:RitualStick":340,"Lizard Tail":340,"infinitespire:ShieldingShard":207,"aspiration:MobileForge":337,"hubris:DeckOfHolding":261,"aspiration:ArtOfWarUpgrade":304,"Fusion Hammer":428,"Kunai":10,"HollowMod:PaleOreRelic":331,"Toxic Egg 2":164,"aspiration:DSix":159,"Pear":18,"hubris:Teleporter":339,"Astrolabe":345,"Oddly Smooth Stone":297,"hubris:SphereOfDissonance":310,"Shade:YorickPolishedSkull":259,"Pen Nib":138,"energizedSpire:OgreHead":261,"Guardian:PocketSentry":371,"Letter Opener":341,"energizedSpire:StickyHand":224,"conspire:GiftBox":138,"aspiration:EmptySkull":39,"Shuriken":277,"MutagenicStrength":92,"Molten Egg 2":342,"infinitespire:EmpoweringShard":242,"infinitespire:PuzzleCube":326,"hubris:Reverence":183,"Darkstone Periapt":174,"Regal Pillow":311,"bronze:BronzeCore":0,"Torii":294,"SacredBark":122,"theForsaken:Lifeblossom":105,"Mango":297,"conspire:SpecialSausage":370,"Bag of Preparation":310,"Incense Burner":317,"Juzu Bracelet":351,"hubris:SlimyHat":396,"theForsaken:Gavel":204,"conspire:TopHat":400,"aspiration:StickyExplosives_weak":311,"hubris:BlackHole":323,"Frozen Eye":285,"Nunchaku":108,"hubris:Icosahedron":204,"theForsaken:Kindling":347,"Pantograph":326,"hubris:ScarierMask":190,"Tiny Chest":105,"hubris:CuriousFeather":174,"Red Mask":126,"aspiration:FutureDiary":282,"aspiration:VileToxins":352,"hubris:64BitClover":249,"Golden Idol":274,"aspiration:FetidBarrel":457,"Guardian:GemstoneGun":65,"conspire:RunicOctahedron":308,"The Courier":317,"Omamori":300,"infinitespire:Lucky Rock":274,"infinitespire:CheckeredPen":309,"Frozen Egg 2":126,"Orichalcum":285,"hubris:Towel":290,"MawBank":355,"Mercury Hourglass":239,"Calling Bell":317,"infinitespire:WardingShard":102,"infinitespire:Satchel":65,"Art of War":249,"Bag of Marbles":331,"Membership Card":39,"Runesmith:AutoHammer":79,"conspire:DeflatedDodgeball":69,"Toy Ornithopter":204,"hubris:BottledRain":274}]},"card_choices":[{"not_picked":["jesterMod:TrickyDodge","jesterMod:Contradiction"],"picked":"jesterMod:Mending","floor":1},{"not_picked":["jesterMod:Anticipation","jesterMod:TrickyDodge"],"picked":"jesterMod:Illness","floor":2},{"not_picked":["jesterMod:Illness","jesterMod:Talion"],"picked":"jesterMod:OblivionStrike","floor":3},{"not_picked":["jesterMod:Discretion","jesterMod:Patience"],"picked":"jesterMod:QuickStrike","floor":6},{"not_picked":["jesterMod:MudBall","jesterMod:Unleash"],"picked":"jesterMod:LightTheWick","floor":8},{"not_picked":["jesterMod:Anticipation","jesterMod:Feint"],"picked":"jesterMod:LightTheWick","floor":10},{"not_picked":["jesterMod:SelfMockery","jesterMod:Rebuff"],"picked":"jesterMod:Prankster","floor":11},{"not_picked":["jesterMod:OblivionStrike","jesterMod:TrickyDodge"],"picked":"jesterMod:JugglerBlade","floor":14},{"not_picked":["jesterMod:Encore","jesterMod:Juggle"],"picked":"jesterMod:Momentum","floor":16},{"not_picked":["jesterMod:DanceOfChaos+1","jesterMod:Discretion"],"picked":"jesterMod:Prankster","floor":18},{"not_picked":["jesterMod:Schizophrenia","jesterMod:RecklessStrike"],"picked":"jesterMod:SmokeScreen","floor":20},{"not_picked":["jesterMod:JackInTheBox","jesterMod:Feint+1"],"picked":"jesterMod:ButterKnife","floor":21},{"not_picked":["jesterMod:Prankster+1","jesterMod:DancingMad+1"],"picked":"jesterMod:Haste","floor":22},{"not_picked":["jesterMod:BouncingKnife","jesterMod:LaughingGas"],"picked":"jesterMod:LightTheWick+1","floor":24},{"not_picked":["jesterMod:PerfectDodge","jesterMod:FlameDance"],"picked":"jesterMod:Mending","floor":27}],"player_experience":802946,"relics_obtained":[{"floor":6,"key":"hubris:SlimyHat"},{"floor":9,"key":"conspire:TopHat"},{"floor":19,"key":"infinitespire:PuzzleCube"},{"floor":26,"key":"aspiration:FetidBarrel"}],"event_choices":[{"damage_healed":0,"gold_gain":0,"player_choice":"Bought 1 Potion","damage_taken":0,"max_hp_gain":0,"max_hp_loss":0,"event_name":"The Woman in Blue","floor":4,"gold_loss":0},{"damage_healed":0,"gold_gain":0,"player_choice":"Got Potions","damage_taken":0,"max_hp_gain":0,"max_hp_loss":0,"event_name":"Lab","floor":12,"gold_loss":0}],"is_beta":false,"boss_relics":[{"not_picked":["aspiration:MobileForge","Cursed Key"],"picked":"Fusion Hammer"}],"items_purged_floors":[],"is_endless":false,"potions_floor_spawned":[2,3,10,14,16,20,24,27],"killed_by":"Sentry and Sphere","ascension_level":0}}