{"host":"y76x98twjnyyxs83","time":1610989503,"event":{"mods":["BaseMod","Colored Powertips","Minty Spire (QoL Compilation)","Permanent Neow","Quick Restart","Rare Cards Sparkle","Relic Stats","StSLib"],"gold_per_floor":[115,135,135,153,166,195,195,221,246,276,304,304,322,335,335,335,335],"floor_reached":16,"language":"ENG","playtime":495,"items_purged":[],"score":244,"play_id":"944cce32-a1d3-4971-9ef1-787eb9270ae9","local_time":"20210119010503","is_ascension_mode":true,"campfire_choices":[{"data":"CrushJoints","floor":7.0,"key":"SMITH"},{"floor":12,"key":"REST"},{"data":"Wallop","floor":15,"key":"SMITH"}],"circlet_count":0,"master_deck":["AscendersBane","Strike_P","Strike_P","Strike_P","Defend_P","Defend_P","Defend_P","Defend_P","Eruption","Vigilance","Wallop","CarveReality","CrushJoints+1","Wallop+1","BowlingBash","Adaptation","FollowUp","CutThroughFate","FlurryOfBlows"],"relics":["Runic Dome","The Courier","Bronze Scales","Ancient Tea Set","Odd Mushroom","Damaru"],"acts_visited":["Exordium"],"potions_floor_usage":[8,11],"damage_taken":[{"damage":0.0,"enemies":"2 Louse","floor":1.0,"turns":2.0},{"damage":3.0,"enemies":"Small Slimes","floor":2.0,"turns":4.0},{"damage":0.0,"enemies":"Cultist","floor":4.0,"turns":2.0},{"damage":4.0,"enemies":"Blue Slaver","floor":5.0,"turns":4.0},{"damage":15.0,"enemies":"Lagavulin","floor":6.0,"turns":6.0},{"damage":3,"enemies":"Gremlin Nob","floor":8,"turns":3},{"damage":9,"enemies":"The Mushroom Lair","floor":10,"turns":4},{"damage":6,"enemies":"Lagavulin","floor":11,"turns":6},{"damage":8,"enemies":"Red Slaver","floor":13,"turns":4},{"damage":0,"enemies":"Exordium Wildlife","floor":14,"turns":1},{"damage":32,"enemies":"Hexaghost","floor":16,"turns":7}],"seed_played":"-5723450318916524122","potions_obtained":[{"floor":4.0,"key":"CultistPotion"},{"floor":8,"key":"SteroidPotion"},{"floor":10,"key":"EssenceOfSteel"},{"floor":14,"key":"Explosive Potion"}],"is_trial":false,"path_per_floor":["M","M","?","M","M","E","R","E","T","?","E","R","M","M","R","B"],"character_chosen":"WATCHER","items_purchased":[],"campfire_rested":1,"item_purchase_floors":[],"current_hp_per_floor":[61,58,51,51,47,32,32,29,29,20,14,34,26,26,26,0,0],"gold":335,"neow_bonus":"BOSS_RELIC","is_daily":false,"chose_seed":false,"campfire_upgraded":2,"win_rate":0.0,"timestamp":1610989503,"path_taken":["M","M","?","M","M","E","R","E","T","?","E","R","M","M","R","BOSS"],"items_purchased_type":[],"build_version":"2020-12-22","purchased_purges":0,"victory":false,"max_hp_per_floor":[68,68,68,68,68,68,68,68,68,68,68,68,68,68,68,68,68],"relic_stats":{"counters":[11,43],"Bronze Scales":[54],"obtain_stats":[{"Runic Dome":0,"Bronze Scales":8,"Damaru":11,"The Courier":6,"PureWater":0,"Odd Mushroom":10,"Ancient Tea Set":9},{"Runic Dome":0,"Bronze Scales":6,"Damaru":8,"The Courier":5,"PureWater":0,"Odd Mushroom":7,"Ancient Tea Set":6},{"Runic Dome":0,"Bronze Scales":21,"Damaru":31,"The Courier":18,"PureWater":0,"Odd Mushroom":25,"Ancient Tea Set":21}]},"card_choices":[{"not_picked":["Prostrate","FollowUp"],"picked":"Wallop","floor":1.0},{"not_picked":["Protect","LikeWater"],"picked":"CarveReality","floor":2.0},{"not_picked":["Collect","FlyingSleeves"],"picked":"CrushJoints","floor":4.0},{"not_picked":["FlyingSleeves","Evaluate","PathToVictory"],"picked":"SKIP","floor":5.0},{"not_picked":["LikeWater","Alpha"],"picked":"Wallop","floor":6.0},{"not_picked":["MasterReality","PathToVictory"],"picked":"BowlingBash","floor":8},{"not_picked":["CrushJoints","FlyingSleeves"],"picked":"Adaptation","floor":10},{"not_picked":["DeusExMachina","Prostrate"],"picked":"FollowUp","floor":11},{"not_picked":["FlyingSleeves","MentalFortress"],"picked":"CutThroughFate","floor":13},{"not_picked":["Prostrate","Crescendo"],"picked":"FlurryOfBlows","floor":14}],"player_experience":1157255,"relics_obtained":[{"floor":6.0,"key":"The Courier"},{"floor":8,"key":"Bronze Scales"},{"floor":9,"key":"Ancient Tea Set"},{"floor":10,"key":"Odd Mushroom"},{"floor":11,"key":"Damaru"}],"event_choices":[{"cards_removed":["Strike_P"],"damage_healed":0.0,"max_hp_gain":0.0,"max_hp_loss":0.0,"gold_gain":0.0,"event_name":"Golden Wing","player_choice":"Card Removal","floor":3.0,"gold_loss":0.0,"damage_taken":7.0},{"damage_healed":0,"gold_gain":0,"player_choice":"Fought Mushrooms","damage_taken":0,"max_hp_gain":0,"max_hp_loss":0,"event_name":"Mushrooms","floor":10,"gold_loss":0}],"is_beta":false,"boss_relics":[],"items_purged_floors":[],"is_endless":false,"potions_floor_spawned":[4,8,10,14],"killed_by":"Hexaghost","ascension_level":20}}