{"host":"vo81qpzluzbeezei","time":1610970880,"event":{"mods":["2.2 Compatiblity","AchievementEnabler","BaseMod","Better Note","Colored Map","Minty Spire (QoL Compilation)","Quick Restart","StSLib","SuperFastMode"],"gold_per_floor":[114,114,2,18,35,35,60,13,13,31,56,67,85,104,104,206,206,225,236,250,450,468,468,503,515,586,599,633,216,216,231,231,328,328,339,359,119,133,150,150,170,170,170,220,220,237,31,46,46,46],"floor_reached":51,"language":"KOR","playtime":3810,"items_purged":["Zap"],"score":871,"play_id":"6c54820b-a822-46b0-a970-5731367589e2","local_time":"20210118205440","is_ascension_mode":true,"campfire_choices":[{"data":"Defragment","floor":6.0,"key":"SMITH"},{"floor":15.0,"key":"REST"},{"floor":23.0,"key":"DIG"},{"data":"Amplify","floor":30,"key":"SMITH"},{"floor":32,"key":"DIG"},{"floor":40,"key":"DIG"},{"floor":42,"key":"DIG"},{"floor":45,"key":"DIG"},{"floor":49,"key":"DIG"}],"circlet_count":0,"master_deck":["Dualcast","Conserve Battery+1","Skim+1","Coolheaded+1","Turbo","Defragment+1","Amplify+1","Cold Snap","Loop+1","Go for the Eyes","Compile Driver","Doom and Gloom","Machine Learning+1","Core Surge","Glacier","Reboot","Thunder Strike","Machine Learning+1","Coolheaded","Biased Cognition+1","Chill+1","Heatsinks+1","Beam Cell+1","Static Discharge+1","Echo Form+1","Storm+1","Force Field","Sweeping Beam+1","Core Surge+1","Coolheaded+1","Echo Form+1","Hologram","Hologram","Rip and Tear+1"],"relics":["Astrolabe","Shovel","Frozen Egg 2","Singing Bowl","Mummified Hand","Pandora\u0027s Box","Kunai","Ancient Tea Set","Molten Egg 2","Anchor","Lee\u0027s Waffle","DataDisk","Cursed Key","Bottled Tornado","Happy Flower","White Beast Statue","Incense Burner","TungstenRod","Bronze Scales","Pear"],"acts_visited":["Exordium","TheCity","TheBeyond"],"potions_floor_usage":[48,50,50],"damage_taken":[{"damage":4.0,"enemies":"Jaw Worm","floor":1.0,"turns":5.0},{"damage":0.0,"enemies":"Small Slimes","floor":4.0,"turns":3.0},{"damage":0.0,"enemies":"Cultist","floor":5.0,"turns":4.0},{"damage":9.0,"enemies":"Lagavulin","floor":7.0,"turns":7.0},{"damage":2.0,"enemies":"Exordium Thugs","floor":10.0,"turns":5.0},{"damage":30.0,"enemies":"Gremlin Nob","floor":11.0,"turns":6.0},{"damage":7.0,"enemies":"Gremlin Gang","floor":12.0,"turns":4.0},{"damage":0.0,"enemies":"Looter","floor":13.0,"turns":3.0},{"damage":2.0,"enemies":"2 Fungi Beasts","floor":14.0,"turns":4.0},{"damage":0.0,"enemies":"The Guardian","floor":16.0,"turns":8.0},{"damage":6.0,"enemies":"Chosen","floor":18.0,"turns":3.0},{"damage":5.0,"enemies":"3 Byrds","floor":19.0,"turns":4.0},{"damage":0.0,"enemies":"3 Cultists","floor":20.0,"turns":5.0},{"damage":0.0,"enemies":"Centurion and Healer","floor":22.0,"turns":4.0},{"damage":0,"enemies":"Gremlin Leader","floor":24,"turns":5},{"damage":3,"enemies":"Chosen and Byrds","floor":25,"turns":4},{"damage":0,"enemies":"Sentry and Sphere","floor":27,"turns":4},{"damage":0,"enemies":"Book of Stabbing","floor":28,"turns":5},{"damage":0,"enemies":"Centurion and Healer","floor":31,"turns":4},{"damage":14,"enemies":"Automaton","floor":33,"turns":8},{"damage":0,"enemies":"3 Darklings","floor":35,"turns":3},{"damage":0,"enemies":"3 Shapes","floor":36,"turns":2},{"damage":0,"enemies":"Spire Growth","floor":38,"turns":3},{"damage":0,"enemies":"3 Darklings","floor":39,"turns":2},{"damage":2,"enemies":"Transient","floor":41,"turns":5},{"damage":6,"enemies":"Mind Bloom Boss Battle","floor":44,"turns":5},{"damage":1,"enemies":"Maw","floor":46,"turns":5},{"damage":0,"enemies":"Writhing Mass","floor":48,"turns":4},{"damage":4,"enemies":"Time Eater","floor":50,"turns":4}],"seed_played":"1282039483262938843","potions_obtained":[{"floor":5.0,"key":"EntropicBrew"},{"floor":11.0,"key":"SkillPotion"},{"floor":13.0,"key":"SmokeBomb"},{"floor":14.0,"key":"Regen Potion"},{"floor":18.0,"key":"Swift Potion"},{"floor":20.0,"key":"SkillPotion"},{"floor":22.0,"key":"CultistPotion"},{"floor":33,"key":"DuplicationPotion"},{"floor":41,"key":"ColorlessPotion"},{"floor":48,"key":"LiquidBronze"}],"is_trial":false,"path_per_floor":["M","?","?","M","M","R","E","$","T","M","E","M","M","M","R","B",null,"M","M","M","?","M","R","E","M","T","M","E","$","R","M","R","B",null,"M","M","$","M","M","R","M","R","T","?","R","M","$","M","R","B",null],"character_chosen":"DEFECT","items_purchased":["Cold Snap","Storm+1","Force Field","Lee\u0027s Waffle","Sweeping Beam+1","Bottled Tornado","Hologram","Bronze Scales"],"campfire_rested":1,"item_purchase_floors":[8,29,29,29,29,37,47,47],"current_hp_per_floor":[71,71,71,71,71,71,62,62,62,62,32,25,25,23,46,46,77,71,66,66,66,66,66,66,63,63,65,65,86,86,88,88,74,88,88,90,90,92,92,92,92,92,92,86,86,87,87,87,97,93],"gold":46,"neow_bonus":"BOSS_RELIC","is_daily":false,"chose_seed":false,"campfire_upgraded":2,"win_rate":0.0,"timestamp":1610970880,"path_taken":["M","?","?","?","M","R","E","$","T","M","E","M","M","M","R","BOSS","M","M","M","?","M","R","E","M","T","M","E","$","R","M","R","BOSS","M","M","$","M","?","R","M","R","T","?","R","M","$","M","R","BOSS"],"items_purchased_type":["Card","Card","Card","Relic","Card","Relic","Card","Relic"],"build_version":"2020-12-22","purchased_purges":1,"victory":true,"max_hp_per_floor":[75,75,75,75,75,75,75,75,75,77,77,77,77,77,77,77,77,77,77,77,77,77,77,77,77,77,79,79,86,86,88,88,88,88,88,90,90,92,92,92,94,94,94,94,94,96,96,96,106,106],"card_choices":[{"not_picked":["Redo","Reinforced Body"],"picked":"Turbo","floor":1.0},{"not_picked":["Tempest","Rebound","Redo"],"picked":"SKIP","floor":4.0},{"not_picked":["Steam","Barrage"],"picked":"Defragment","floor":5.0},{"not_picked":["Stack","Fusion"],"picked":"Amplify","floor":7.0},{"not_picked":["Turbo","Streamline","FTL"],"picked":"Singing Bowl","floor":10.0},{"not_picked":["Compile Driver","Hyperbeam"],"picked":"Loop+1","floor":11.0},{"not_picked":["Rip and Tear","Chaos"],"picked":"Go for the Eyes","floor":12.0},{"not_picked":["Hologram","Barrage"],"picked":"Compile Driver","floor":13.0},{"not_picked":["Aggregate","Gash"],"picked":"Doom and Gloom","floor":14.0},{"not_picked":["Rainbow","Amplify"],"picked":"Machine Learning+1","floor":16.0},{"not_picked":["Hologram","Go for the Eyes"],"picked":"Coolheaded","floor":18.0},{"not_picked":["Leap","Streamline"],"picked":"Biased Cognition+1","floor":19.0},{"not_picked":["Leap","Sweeping Beam"],"picked":"Chill+1","floor":20.0},{"not_picked":["Streamline+1","Compile Driver"],"picked":"Heatsinks+1","floor":22.0},{"not_picked":["Steam+1","Cold Snap"],"picked":"Beam Cell+1","floor":24},{"not_picked":["Redo","Hologram"],"picked":"Static Discharge+1","floor":25},{"not_picked":["Rip and Tear+1","Compile Driver+1","Reprogram+1"],"picked":"Singing Bowl","floor":27},{"not_picked":["Compile Driver+1","Stack"],"picked":"Echo Form+1","floor":28},{"not_picked":["Redo","Rip and Tear+1","Beam Cell+1"],"picked":"Singing Bowl","floor":31},{"not_picked":["Multi-Cast","Rainbow"],"picked":"Core Surge+1","floor":33},{"not_picked":["Auto Shields+1","Ball Lightning+1"],"picked":"Coolheaded+1","floor":35},{"not_picked":["Barrage+1","Reprogram","Stack"],"picked":"Singing Bowl","floor":36},{"not_picked":["Reprogram+1","Conserve Battery","Reinforced Body+1"],"picked":"Singing Bowl","floor":38},{"not_picked":["Beam Cell+1","Sweeping Beam+1"],"picked":"Echo Form+1","floor":39},{"not_picked":["Rebound+1","Steam+1","Barrage+1"],"picked":"Singing Bowl","floor":41},{"not_picked":["Beam Cell+1","Leap"],"picked":"Hologram","floor":44},{"not_picked":["Beam Cell+1","Redo","Lockon+1"],"picked":"Singing Bowl","floor":46},{"not_picked":["Rebound+1","Go for the Eyes+1"],"picked":"Rip and Tear+1","floor":48}],"player_experience":188785,"relics_obtained":[{"floor":7.0,"key":"Frozen Egg 2"},{"floor":9.0,"key":"Singing Bowl"},{"floor":11.0,"key":"Mummified Hand"},{"floor":23.0,"key":"Kunai"},{"floor":24,"key":"Ancient Tea Set"},{"floor":26,"key":"Molten Egg 2"},{"floor":28,"key":"Anchor"},{"floor":32,"key":"DataDisk"},{"floor":40,"key":"Happy Flower"},{"floor":42,"key":"White Beast Statue"},{"floor":44,"key":"Incense Burner"},{"floor":45,"key":"TungstenRod"},{"floor":49,"key":"Pear"}],"event_choices":[{"damage_healed":0.0,"max_hp_gain":0.0,"max_hp_loss":0.0,"gold_gain":0.0,"event_name":"Liars Game","player_choice":"Ignored","floor":2.0,"gold_loss":0.0,"damage_taken":0.0},{"damage_healed":0.0,"max_hp_gain":0.0,"max_hp_loss":0.0,"gold_gain":0.0,"event_name":"WeMeetAgain","player_choice":"Paid Gold","floor":3.0,"gold_loss":112.0,"damage_taken":0.0,"relics_obtained":["Shovel"]},{"damage_healed":0.0,"max_hp_gain":0.0,"max_hp_loss":0.0,"gold_gain":200.0,"event_name":"Wheel of Change","player_choice":"Gold","floor":21.0,"gold_loss":0.0,"damage_taken":0.0},{"damage_healed":0,"gold_gain":0,"player_choice":"Fight","damage_taken":0,"max_hp_gain":0,"max_hp_loss":0,"event_name":"MindBloom","floor":44,"gold_loss":0}],"is_beta":false,"boss_relics":[{"not_picked":["SlaversCollar","SacredBark"],"picked":"Pandora\u0027s Box"},{"not_picked":["Coffee Dripper","Runic Pyramid"],"picked":"Cursed Key"}],"items_purged_floors":[29],"is_endless":false,"potions_floor_spawned":[5,11,13,14,18,20,22,31,33,35,41,44,46,48],"ascension_level":1}}