{"host":"2hea6pl5vmah38iy","time":1610999090,"event":{"mods":["AchievementEnabler","BaseMod","Colored Map","DeckTracker","Keyboard Shortcuts","Minty Spire (QoL Compilation)","Rare Cards Sparkle","StSLib","SuperFastMode","everything is the same but u backflip on backflip"],"gold_per_floor":[13,30,46,64,79,79,123,168,192,29,83,158,158,184,184,184,184],"floor_reached":16,"language":"KOR","playtime":694,"items_purged":[],"score":232,"play_id":"4b9df767-12c0-461a-aa93-64fdb49f40f7","local_time":"20210119044450","is_ascension_mode":true,"campfire_choices":[{"data":"Eruption","floor":6,"key":"SMITH"},{"data":"Wish","floor":15,"key":"SMITH"}],"circlet_count":0,"master_deck":["AscendersBane","Strike_P","Strike_P","Strike_P","Defend_P","Defend_P","Eruption+1","Vigilance","Perseverance","FearNoEvil","Wish+1","CrushJoints","Wallop","Halt"],"relics":["PureWater","Happy Flower","Toy Ornithopter","Odd Mushroom","Dream Catcher"],"acts_visited":["Exordium"],"potions_floor_usage":[8,11,11,14],"damage_taken":[{"damage":1,"enemies":"Small Slimes","floor":1,"turns":6},{"damage":2,"enemies":"Cultist","floor":2,"turns":3},{"damage":0,"enemies":"2 Louse","floor":3,"turns":3},{"damage":7,"enemies":"2 Fungi Beasts","floor":4,"turns":4},{"damage":15,"enemies":"Exordium Wildlife","floor":5,"turns":4},{"damage":8,"enemies":"Blue Slaver","floor":7,"turns":4},{"damage":0,"enemies":"2 Fungi Beasts","floor":8,"turns":5},{"damage":7,"enemies":"The Mushroom Lair","floor":11,"turns":4},{"damage":0,"enemies":"Gremlin Nob","floor":14,"turns":3},{"damage":27,"enemies":"Hexaghost","floor":16,"turns":7}],"seed_played":"-9102818515981756215","potions_obtained":[{"floor":1,"key":"SpeedPotion"},{"floor":2,"key":"Swift Potion"},{"floor":5,"key":"EntropicBrew"}],"is_trial":false,"path_per_floor":["M","M","M","M","M","R","M","M","T","$","?","?","?","E","R","B"],"character_chosen":"WATCHER","items_purchased":["Toy Ornithopter"],"campfire_rested":0,"item_purchase_floors":[10],"current_hp_per_floor":[60,58,58,51,36,36,28,28,28,28,31,20,20,25,25,0,0],"gold":184,"neow_bonus":"REMOVE_TWO","is_daily":false,"chose_seed":false,"campfire_upgraded":2,"win_rate":0.0,"timestamp":1610999090,"path_taken":["M","M","M","M","M","R","M","M","T","$","?","?","?","E","R","BOSS"],"items_purchased_type":["Relic"],"build_version":"2020-12-22","purchased_purges":0,"victory":false,"max_hp_per_floor":[68,68,68,68,68,68,68,68,68,68,68,68,68,68,68,68,68],"card_choices":[{"not_picked":["Wireheading","PathToVictory"],"picked":"Perseverance","floor":1},{"not_picked":["Consecrate","SashWhip","CutThroughFate"],"picked":"SKIP","floor":2},{"not_picked":["EmptyBody","Conclude"],"picked":"FearNoEvil","floor":3},{"not_picked":["Wish","Prostrate","ThirdEye"],"picked":"SKIP","floor":4},{"not_picked":["Prostrate","ThirdEye"],"picked":"Wish","floor":4},{"not_picked":["ThirdEye","BowlingBash"],"picked":"CrushJoints","floor":5},{"not_picked":["Fasting2","ThirdEye","ClearTheMind"],"picked":"SKIP","floor":7},{"not_picked":["JustLucky","Fasting2"],"picked":"Wallop","floor":8},{"not_picked":["ThirdEye","WaveOfTheHand"],"picked":"Halt","floor":11},{"not_picked":["Consecrate","ForeignInfluence","Establishment"],"picked":"SKIP","floor":14}],"player_experience":496806,"relics_obtained":[{"floor":9,"key":"Happy Flower"},{"floor":11,"key":"Odd Mushroom"},{"floor":14,"key":"Dream Catcher"}],"event_choices":[{"damage_healed":0,"gold_gain":0,"player_choice":"Fought Mushrooms","damage_taken":0,"max_hp_gain":0,"max_hp_loss":0,"event_name":"Mushrooms","floor":11,"gold_loss":0},{"damage_healed":0,"gold_gain":75,"player_choice":"Gather Gold","damage_taken":11,"max_hp_gain":0,"max_hp_loss":0,"event_name":"World of Goop","floor":12,"gold_loss":0},{"cards_removed":["Defend_P"],"damage_healed":0,"gold_gain":0,"player_choice":"Offered Basic","damage_taken":0,"max_hp_gain":0,"max_hp_loss":0,"event_name":"Bonfire Elementals","floor":13,"gold_loss":0}],"is_beta":false,"boss_relics":[],"items_purged_floors":[],"is_endless":false,"potions_floor_spawned":[1,2,3,5],"killed_by":"Hexaghost","ascension_level":16}}