{"host":"Kdaddybrian","time":1610949898,"event":{"mods":["AchievementEnabler","BaseMod","Bestiary","Colored Powertips","Minty Spire (QoL Compilation)","Potion Indicator Mod","Quick Restart","Rare Cards Sparkle","Relic Stats","StSLib","Uncapped"],"gold_per_floor":[110,127,202,52,64,98,115,115,115,125,125,125,145,159,159,262,262,274,334,162,142,142,142],"floor_reached":22,"language":"ENG","playtime":1274,"items_purged":["Defend_P","Strike_P"],"score":207,"play_id":"c66d7901-bff3-4b11-a5de-9f9146daa8bf","local_time":"20210118010458","is_ascension_mode":true,"campfire_choices":[{"data":"LikeWater","floor":8,"key":"SMITH"},{"floor":11,"key":"REST"},{"data":"Eruption","floor":15,"key":"SMITH"}],"circlet_count":0,"master_deck":["Strike_P","Strike_P","Strike_P","Defend_P","Defend_P","Defend_P","Eruption+1","Vigilance","CutThroughFate","Consecrate","CutThroughFate","LikeWater+1","CutThroughFate","ClearTheMind","Conclude","CarveReality","Wish","Protect","Omniscience","Study"],"relics":["PureWater","Letter Opener","StoneCalendar","Busted Crown"],"acts_visited":["Exordium","TheCity"],"potions_floor_usage":[16,16,19,19,22],"damage_taken":[{"damage":3.0,"enemies":"Small Slimes","floor":1.0,"turns":4.0},{"damage":8,"enemies":"Jaw Worm","floor":2,"turns":4},{"damage":0,"enemies":"Cultist","floor":5,"turns":3},{"damage":16,"enemies":"3 Sentries","floor":6,"turns":9},{"damage":2,"enemies":"Looter","floor":7,"turns":3},{"damage":0,"enemies":"Exordium Wildlife","floor":10,"turns":3},{"damage":11,"enemies":"Exordium Thugs","floor":13,"turns":3},{"damage":5,"enemies":"Looter","floor":14,"turns":4},{"damage":19,"enemies":"Hexaghost","floor":16,"turns":7},{"damage":8,"enemies":"Shell Parasite","floor":18,"turns":7},{"damage":13,"enemies":"3 Byrds","floor":19,"turns":3},{"damage":56,"enemies":"Snecko","floor":22,"turns":5}],"seed_played":"-1103122463047426643","potions_obtained":[{"floor":2,"key":"Fire Potion"},{"floor":10,"key":"Explosive Potion"},{"floor":14,"key":"PowerPotion"},{"floor":16,"key":"ColorlessPotion"},{"floor":18,"key":"SkillPotion"},{"floor":21,"key":"SneckoOil"}],"is_trial":false,"path_per_floor":["M","M","?","$","M","E","M","R","T","M","R","?","M","M","R","B",null,"M","M","$","?","M"],"character_chosen":"WATCHER","items_purchased":["LikeWater","StancePotion"],"campfire_rested":1,"item_purchase_floors":[4,20],"current_hp_per_floor":[69,61,50,50,50,34,32,32,32,32,53,53,42,37,37,18,72,64,51,51,51,0,0],"gold":142,"neow_bonus":"THREE_CARDS","is_daily":false,"chose_seed":false,"campfire_upgraded":2,"win_rate":0.0,"timestamp":1610949898,"path_taken":["M","M","?","$","M","E","M","R","T","M","R","?","M","M","R","BOSS","M","M","$","?","?"],"items_purchased_type":["Card","Potion"],"build_version":"2020-12-18","purchased_purges":2,"victory":false,"max_hp_per_floor":[72,72,72,72,72,72,72,72,72,72,72,72,72,72,72,72,72,72,72,72,72,72,72],"relic_stats":{"Busted Crown":4,"counters":[12,55],"StoneCalendar":[46],"Letter Opener":[60],"obtain_stats":[{"Busted Crown":17,"StoneCalendar":9,"Letter Opener":6,"PureWater":0},{"Busted Crown":9,"StoneCalendar":5,"Letter Opener":4,"PureWater":0},{"Busted Crown":40,"StoneCalendar":23,"Letter Opener":20,"PureWater":0}]},"card_choices":[{"not_picked":["Worship","ThirdEye"],"picked":"CutThroughFate","floor":0.0},{"not_picked":["FlurryOfBlows","Vengeance"],"picked":"Consecrate","floor":1.0},{"not_picked":["ForeignInfluence","CrushJoints"],"picked":"CutThroughFate","floor":2},{"not_picked":["Crescendo","DeceiveReality"],"picked":"CutThroughFate","floor":5},{"not_picked":["Consecrate","ConjureBlade"],"picked":"ClearTheMind","floor":6},{"not_picked":["ThirdEye","Consecrate"],"picked":"Conclude","floor":7},{"not_picked":["Crescendo","SignatureMove"],"picked":"CarveReality","floor":10},{"not_picked":["Vengeance","DeceiveReality"],"picked":"Wish","floor":13},{"not_picked":["FlurryOfBlows","EmptyBody"],"picked":"Protect","floor":14},{"not_picked":["Brilliance","Establishment"],"picked":"Omniscience","floor":16},{"not_picked":[],"picked":"Study","floor":18},{"not_picked":["SashWhip"],"picked":"SKIP","floor":19}],"player_experience":2967820,"relics_obtained":[{"floor":6,"key":"Letter Opener"},{"floor":9,"key":"StoneCalendar"}],"event_choices":[{"damage_healed":0,"gold_gain":75,"player_choice":"Gather Gold","damage_taken":11,"max_hp_gain":0,"max_hp_loss":0,"event_name":"World of Goop","floor":3,"gold_loss":0},{"damage_healed":0,"gold_gain":0,"player_choice":"Ignored","damage_taken":0,"max_hp_gain":0,"max_hp_loss":0,"event_name":"Liars Game","floor":12,"gold_loss":0},{"damage_healed":0,"gold_gain":0,"player_choice":"Bought 1 Potion","damage_taken":0,"max_hp_gain":0,"max_hp_loss":0,"event_name":"The Woman in Blue","floor":21,"gold_loss":0}],"is_beta":true,"boss_relics":[{"not_picked":["Black Star","Pandora\u0027s Box"],"picked":"Busted Crown"}],"items_purged_floors":[4,20],"is_endless":false,"potions_floor_spawned":[2,10,14,16,18],"killed_by":"Snecko","ascension_level":2}}