{"host":"xen3g9xszuyodjyu","time":1610965497,"event":{"mods":["2.2 Compatiblity","AchievementEnabler","Arknights The Spire","BaseMod","Better Note","Colored Map","Colored Powertips","DeckTracker","Keyboard Shortcuts","Minty Spire (QoL Compilation)","Permanent Neow","Quick Restart","Rare Cards Sparkle","StSLib","SuperFastMode","everything is the same but u backflip on backflip"],"gold_per_floor":[5116,5116,5116,4625,4644,4671,4671,4691,4742,4035,4035,4035,4063,4086,4098,4207,4219,4241,4163,4175,4286,4298,4335,4365,4404,4492,4834,4859,4888,4900,4912,4924,5039,5051,5075,5087,5099,4732,4813,4844,4844,4878,4878,4910,0,33,33,43,43,43,43,43,1291,1323,1323],"floor_reached":56,"language":"KOR","playtime":2270,"items_purged":["ats:Defend","ats:Strike G","ats:Shell Defense+1"],"score":1795,"play_id":"8280a436-8f2f-47c9-a8d8-3b170d60312b","local_time":"20210118192457","is_ascension_mode":true,"campfire_choices":[{"data":"ats:Emotion Absorption","floor":7,"key":"SMITH"},{"floor":15,"key":"RECALL"},{"floor":30,"key":"DIG"},{"floor":32,"key":"DIG"},{"floor":41,"key":"DIG"},{"floor":47,"key":"DIG"},{"floor":49,"key":"DIG"},{"floor":52,"key":"DIG"}],"circlet_count":0,"master_deck":["ats:Armor Crushing Shot+1","ats:Emotion Absorption+1","ats:Ignite+1","ats:Ignite+1","ats:Mental Burst+1","ats:Emotion Absorption+1","ats:Emotion Absorption+1","ats:Apocalypse+1","ats:Assault Order+1","ats:Mental Burst+1","ats:Apocalypse+1","ats:Roar Of Ursus+1","ats:Childhood Dance+1","Madness+1","Madness+1","ats:Flame Of Heaven+1","ats:Mental Burst+1"],"relics":["Black Star","ats:Sanity Plus","Molten Egg 2","Frozen Egg 2","Toxic Egg 2","Ice Cream","Regal Pillow","ats:Industrial Water Cannon","Sundial","Vajra","ats:Originium","ats:Spiritual Recovery","Akabeko","Bag of Marbles","Juzu Bracelet","Orrery","FaceOfCleric","MawBank","ats:Lavender","Shovel","Pandora\u0027s Box","CaptainsWheel","Art of War","Bronze Scales","Toy Ornithopter","Old Coin","Tiny Chest","Nunchaku","Meat on the Bone","Letter Opener","ats:Omniscience","Boot","Medical Kit","Question Card","ats:Ability Aura","MealTicket","ats:Berate","Ginger","Oddly Smooth Stone","Kunai","Peace Pipe","Ancient Tea Set","Red Mask","Smiling Mask","Incense Burner","Omamori","Unceasing Top","Mummified Hand","ats:Bonebreaker","ats:Emergency Defibrillator","ats:Rhine Circuitry","DollysMirror","Centennial Puzzle"],"acts_visited":["Exordium","TheCity","TheBeyond","TheEnding"],"potions_floor_usage":[16,16,25,42,42,50,54,55,55],"damage_taken":[{"damage":11,"enemies":"Cultist","floor":1,"turns":4},{"damage":3,"enemies":"2 Louse","floor":5,"turns":4},{"damage":31,"enemies":"3 Sentries","floor":6,"turns":7},{"damage":1,"enemies":"Jaw Worm","floor":8,"turns":2},{"damage":0,"enemies":"Lagavulin","floor":13,"turns":2},{"damage":0,"enemies":"2 Fungi Beasts","floor":14,"turns":1},{"damage":21,"enemies":"The Guardian","floor":16,"turns":3},{"damage":18,"enemies":"3 Byrds","floor":18,"turns":2},{"damage":0,"enemies":"Gremlin Leader","floor":23,"turns":2},{"damage":0,"enemies":"Shell Parasite","floor":24,"turns":1},{"damage":12,"enemies":"Book of Stabbing","floor":25,"turns":2},{"damage":27,"enemies":"Gremlin Leader","floor":27,"turns":3},{"damage":0,"enemies":"Snake Plant","floor":28,"turns":1},{"damage":9,"enemies":"Centurion and Healer","floor":29,"turns":2},{"damage":14,"enemies":"Automaton","floor":33,"turns":4},{"damage":0,"enemies":"Orb Walker","floor":35,"turns":1},{"damage":6,"enemies":"Nemesis","floor":40,"turns":3},{"damage":0,"enemies":"Reptomancer","floor":42,"turns":3},{"damage":0,"enemies":"Giant Head","floor":44,"turns":4},{"damage":0,"enemies":"Nemesis","floor":46,"turns":1},{"damage":6,"enemies":"3 Darklings","floor":48,"turns":3},{"damage":0,"enemies":"Awakened One","floor":50,"turns":5},{"damage":6,"enemies":"Shield and Spear","floor":54,"turns":2},{"damage":34,"enemies":"The Heart","floor":55,"turns":3}],"seed_played":"-7042566088521948372","potions_obtained":[{"floor":5,"key":"Dexterity Potion"},{"floor":6,"key":"DuplicationPotion"},{"floor":24,"key":"Dexterity Potion"},{"floor":25,"key":"Fruit Juice"},{"floor":46,"key":"ats:Emergency Sanity Potion"}],"is_trial":false,"path_per_floor":["M","?","?","$","M","E","R","M","T","$","?","?","E","M","R","B",null,"M","?","$","?","?","E","M","E","T","E","M","M","R","T","R","B",null,"M","?","?","$","T","E","R","E","T","E","?","E","R","M","R","B",null,"R","$","E","B",null],"character_chosen":"DOCTOR_CLASS","items_purchased":["Regal Pillow","ats:Industrial Water Cannon","Bag of Marbles","Juzu Bracelet","Energy Potion","Block Potion","ats:Assault Order+1","Orrery","Boot","Medical Kit","ats:Top Emergency Sanity Potion","SpeedPotion","SteroidPotion","ats:Emergency Defibrillator","ats:Rhine Circuitry","DollysMirror"],"campfire_rested":0,"item_purchase_floors":[4,4,10,10,10,10,10,10,38,38,38,53,53,53,53,53],"current_hp_per_floor":[111,111,111,111,108,80,80,79,79,79,84,84,90,91,91,78,125,119,119,119,119,119,122,123,128,128,108,109,112,112,112,112,124,138,139,122,122,122,122,129,129,141,141,142,142,143,143,138,138,145,145,145,145,144,137],"gold":1323,"neow_bonus":"BOSS_RELIC","is_daily":false,"chose_seed":false,"campfire_upgraded":1,"win_rate":0.0,"timestamp":1610965497,"path_taken":["M","?","?","$","M","E","R","M","T","$","?","?","E","M","R","BOSS","M","?","$","?","?","E","M","E","T","E","M","M","R","?","R","BOSS","M","?","?","$","?","E","R","E","T","E","?","E","R","M","R","BOSS","R","$","E","BOSS"],"items_purchased_type":["Relic","Relic","Relic","Relic","Potion","Potion","Card","Relic","Relic","Relic","Potion","Potion","Potion","Relic","Relic","Relic"],"build_version":"2020-12-22","purchased_purges":3,"victory":true,"max_hp_per_floor":[122,122,122,122,122,122,122,122,122,122,122,122,123,124,124,125,125,126,126,126,126,126,127,128,134,134,135,136,137,137,137,137,138,138,139,139,139,139,139,140,140,141,141,142,142,143,143,144,144,145,145,145,145,146,147],"card_choices":[{"not_picked":["ats:Hammer On+1","ats:Collapsing Strike+1"],"picked":"ats:Shell Defense+1","floor":1},{"not_picked":["ats:Leaping Hammer+1","ats:Automatic Cover+1","ats:LN2 Cannon+1"],"picked":"SKIP","floor":5},{"not_picked":["ats:Demon Strength+1","ats:Fractured Body+1"],"picked":"ats:Mental Burst+1","floor":6},{"not_picked":["ats:Healing Strengthening+1","ats:Flame Of Heaven+1"],"picked":"ats:Apocalypse+1","floor":8},{"not_picked":["ats:Explosion Area Strengthen+1","ats:Apocalypse+1"],"picked":"ats:Shell Defense+1","floor":13},{"not_picked":["ats:Song Of Battle+1","ats:Healing Drone+1"],"picked":"ats:Mental Burst+1","floor":14},{"not_picked":["ats:LN2 Cannon+1","ats:Automatic Cover+1","ats:Explosion Area Strengthen+1"],"picked":"SKIP","floor":18},{"not_picked":["ats:Assault Order+1","ats:Healing Strengthening+1","ats:Powerful Strike+1"],"picked":"SKIP","floor":23},{"not_picked":["ats:Apocalypse+1","ats:Consecutive Shot Auto+1","ats:Healing Strengthening+1"],"picked":"SKIP","floor":24},{"not_picked":["ats:Thermite Blade+1","ats:Song Of Battle+1","ats:Neurotoxin+1"],"picked":"SKIP","floor":25},{"not_picked":["ats:Poison Spread+1","ats:Assault Order+1"],"picked":"ats:Roar Of Ursus+1","floor":27},{"not_picked":["ats:Revitalization+1","ats:Shell Defense+1","ats:Sunburst+1"],"picked":"SKIP","floor":28},{"not_picked":["ats:Poison Spread+1","ats:Revitalization+1","ats:Encircling Forest+1"],"picked":"SKIP","floor":29},{"not_picked":["ats:Powerful Strike+1","ats:Hammer On+1"],"picked":"ats:Childhood Dance+1","floor":35},{"not_picked":["ats:Shell Defense+1","ats:Explosion Area Strengthen+1","ats:Leaping Hammer+1","ats:Ignite+1"],"picked":"SKIP","floor":40},{"not_picked":["ats:Assault Order+1","ats:Cat Scratch+1","ats:Explosion Area Strengthen+1","ats:Ignite+1"],"picked":"SKIP","floor":42},{"not_picked":["ats:Thorns+1","ats:Automatic Cover+1","ats:Revitalization+1","ats:Powerful Strike+1"],"picked":"SKIP","floor":44},{"not_picked":["ats:Flexible Camouflage+1","ats:Sunburst+1","ats:Overload+1","ats:Consecutive Shot Auto+1"],"picked":"SKIP","floor":46},{"not_picked":["ats:Explosion Area Strengthen+1","ats:Shell Defense+1","ats:Flexible Camouflage+1"],"picked":"ats:Flame Of Heaven+1","floor":48},{"not_picked":["ats:Explosion Area Strengthen+1","ats:Wolf Pack+1","ats:Consecutive Shot Auto+1","ats:Cat Scratch+1"],"picked":"SKIP","floor":54}],"player_experience":51517,"relics_obtained":[{"floor":6,"key":"Vajra"},{"floor":6,"key":"ats:Originium"},{"floor":6,"key":"ats:Spiritual Recovery"},{"floor":9,"key":"Akabeko"},{"floor":13,"key":"ats:Originium"},{"floor":13,"key":"MawBank"},{"floor":13,"key":"ats:Lavender"},{"floor":23,"key":"ats:Originium"},{"floor":23,"key":"CaptainsWheel"},{"floor":23,"key":"Art of War"},{"floor":25,"key":"ats:Originium"},{"floor":25,"key":"Bronze Scales"},{"floor":25,"key":"Toy Ornithopter"},{"floor":27,"key":"Old Coin"},{"floor":27,"key":"Tiny Chest"},{"floor":30,"key":"Nunchaku"},{"floor":31,"key":"Meat on the Bone"},{"floor":32,"key":"Letter Opener"},{"floor":39,"key":"Question Card"},{"floor":40,"key":"ats:Ability Aura"},{"floor":40,"key":"MealTicket"},{"floor":41,"key":"ats:Berate"},{"floor":42,"key":"Ginger"},{"floor":42,"key":"Oddly Smooth Stone"},{"floor":43,"key":"Kunai"},{"floor":44,"key":"Peace Pipe"},{"floor":44,"key":"Ancient Tea Set"},{"floor":46,"key":"Smiling Mask"},{"floor":46,"key":"Incense Burner"},{"floor":47,"key":"Omamori"},{"floor":49,"key":"Mummified Hand"},{"floor":52,"key":"ats:Bonebreaker"},{"floor":54,"key":"Centennial Puzzle"}],"event_choices":[{"damage_healed":0,"gold_gain":0,"player_choice":"Ignored","damage_taken":0,"max_hp_gain":0,"max_hp_loss":0,"event_name":"Liars Game","floor":2,"gold_loss":0},{"cards_removed":["ats:Strike V"],"damage_healed":0,"gold_gain":0,"player_choice":"Purged","damage_taken":0,"max_hp_gain":0,"max_hp_loss":0,"event_name":"Purifier","floor":3,"gold_loss":0},{"cards_removed":["ats:Shell Defense"],"damage_healed":5,"gold_gain":0,"player_choice":"Offered Common","damage_taken":0,"max_hp_gain":0,"max_hp_loss":0,"event_name":"Bonfire Elementals","floor":11,"gold_loss":0},{"cards_removed":["ats:Shell Defense"],"damage_healed":5,"gold_gain":0,"player_choice":"Offered Special","damage_taken":0,"max_hp_gain":0,"max_hp_loss":0,"event_name":"Bonfire Elementals","floor":11,"gold_loss":0},{"damage_healed":0,"gold_gain":0,"player_choice":"Trade","damage_taken":0,"relics_obtained":["FaceOfCleric"],"max_hp_gain":0,"max_hp_loss":0,"event_name":"FaceTrader","floor":12,"gold_loss":0},{"cards_removed":["ats:Dogmatic Field"],"damage_healed":0,"gold_gain":0,"player_choice":"Upgrade and Remove","damage_taken":0,"max_hp_gain":0,"max_hp_loss":0,"event_name":"Designer","floor":19,"gold_loss":90,"cards_upgraded":["ats:Armor Crushing Shot"]},{"damage_healed":0,"gold_gain":99,"player_choice":"Stole From Cult","damage_taken":0,"max_hp_gain":0,"max_hp_loss":0,"event_name":"Nest","floor":21,"gold_loss":0},{"cards_removed":["ats:Emotion Absorption"],"damage_healed":0,"gold_gain":0,"player_choice":"Elegance","damage_taken":0,"max_hp_gain":0,"max_hp_loss":0,"event_name":"Back to Basics","floor":22,"gold_loss":0},{"damage_healed":0,"gold_gain":0,"player_choice":"Embrace Madness","damage_taken":17,"max_hp_gain":0,"max_hp_loss":0,"event_name":"Winding Halls","floor":36,"gold_loss":0,"cards_obtained":["Madness","Madness"]},{"cards_removed":["ats:Composite Medical Shells"],"damage_healed":0,"gold_gain":0,"player_choice":"Removed Power","damage_taken":0,"max_hp_gain":0,"max_hp_loss":0,"event_name":"Falling","floor":37,"gold_loss":0},{"damage_healed":0,"gold_gain":0,"player_choice":"Paid","damage_taken":0,"relics_obtained":["Red Mask"],"max_hp_gain":0,"max_hp_loss":0,"event_name":"Tomb of Lord Red Mask","floor":45,"gold_loss":4910}],"is_beta":false,"boss_relics":[{"not_picked":["Snecko Eye","Busted Crown"],"picked":"Pandora\u0027s Box"},{"not_picked":["SacredBark","Runic Pyramid"],"picked":"ats:Omniscience"}],"items_purged_floors":[4,10,53],"is_endless":false,"potions_floor_spawned":[5,6,13,16,18,24,25,35,46,48],"ascension_level":2}}