{"host":"9kesdg97wkrx2bva","time":1610932537,"event":{"mods":["AchievementEnabler","BaseMod","Colored Map","GifTheSpireLib","Infinite Spire","Minty Spire (QoL Compilation)","Replay The Spire","StSLib"],"gold_per_floor":[113,38,38,48,237,237,249,266,266,266,32,65,65,65,65,143,143,163,183,183,198,218,218,232,282,282,282,282,282,26,26,40,57,57,57,57],"floor_reached":35,"language":"ENG","playtime":674,"items_purged":["Strike_B","Pain","Strike_B"],"score":475,"play_id":"97e6199d-f567-45e4-8497-a140af849c55","local_time":"20210117191537","is_ascension_mode":true,"campfire_choices":[{"data":"Zap","floor":6,"key":"SMITH"},{"data":"Dualcast","floor":10,"key":"SMITH"},{"data":"1","floor":15,"key":"LIFT"},{"floor":23,"key":"REST"},{"floor":29,"key":"REST"},{"data":"2","floor":31,"key":"LIFT"},{"floor":34,"key":"REST"}],"circlet_count":0,"master_deck":["AscendersBane","Defend_B","Defend_B","Defend_B","Zap+1","Dualcast+1","Gash","infinitespire:DeathsTouch","Ball Lightning","Beam Cell","Gash","Ball Lightning","Go for the Eyes","Crystallizer","Chaos","Electrodynamics","White Noise","Rebound","Core Surge","Self Repair","Force Field","Loop"],"relics":["Cracked Core","Garlic","Girya","Empty Cage","Raider\u0027s Mask","Bottled Tornado","Runic Capacitor"],"acts_visited":["Exordium","TheCity"],"potions_floor_usage":[8,21,32,33],"damage_taken":[{"damage":1,"enemies":"2 Louse","floor":1,"turns":2},{"damage":5,"enemies":"Small Slimes","floor":4,"turns":2},{"damage":2,"enemies":"Cultist","floor":7,"turns":2},{"damage":3,"enemies":"Large Slime","floor":8,"turns":4},{"damage":10,"enemies":"Gremlin Nob","floor":12,"turns":3},{"damage":21,"enemies":"Slime Boss","floor":16,"turns":5},{"damage":0,"enemies":"Chosen","floor":18,"turns":3},{"damage":3,"enemies":"3 Byrds","floor":19,"turns":3},{"damage":24,"enemies":"Cultist and Chosen","floor":21,"turns":5},{"damage":22,"enemies":"Centurion and Healer","floor":22,"turns":3},{"damage":22,"enemies":"Chosen and Byrds","floor":24,"turns":5},{"damage":12,"enemies":"Snake Plant","floor":32,"turns":3},{"damage":6,"enemies":"Centurion and Healer","floor":33,"turns":2},{"damage":24,"enemies":"Collector","floor":35,"turns":3}],"seed_played":"4914270319521554218","potions_obtained":[{"floor":1,"key":"Swift Potion"},{"floor":19,"key":"Block Potion"},{"floor":24,"key":"FearPotion"},{"floor":32,"key":"Adrenaline Potion"}],"is_trial":false,"path_per_floor":["M","$","?","M","?","R","M","M","T","R","$","E","?","?","R","B",null,"M","M","AVR","M","M","R","M","?","PTL","PTL","T","R","$","R","M","M","R","B"],"character_chosen":"DEFECT","items_purchased":["Go for the Eyes","Crystallizer","Runic Capacitor","Self Repair"],"campfire_rested":3,"item_purchase_floors":[11,11,30,30],"current_hp_per_floor":[45,45,28,23,23,23,21,18,18,18,18,8,8,25,25,4,52,52,49,49,25,3,23,1,1,1,1,1,21,21,21,9,3,23,0,0],"gold":57,"neow_bonus":"REMOVE_TWO","is_daily":false,"chose_seed":false,"campfire_upgraded":2,"win_rate":0.0,"timestamp":1610932537,"path_taken":["M","$","?","M","?","R","?","M","T","R","$","E","?","?","R","BOSS","M","M","AVR","M","M","R","M","?","PTL","PTL","T","R","$","R","M","M","R","BOSS"],"items_purchased_type":["Card","Card","Relic","Card"],"build_version":"2020-12-22","purchased_purges":3,"victory":false,"max_hp_per_floor":[71,71,71,71,71,71,71,71,71,71,71,71,71,71,71,71,68,68,68,68,68,68,68,68,68,68,68,68,68,68,68,68,68,68,68,68],"card_choices":[{"not_picked":["Conserve Battery","Crystallizer"],"picked":"Gash","floor":1},{"not_picked":["ReplayTheSpireMod:Chaos Vortex","infinitespire:UltimateForm"],"picked":"infinitespire:DeathsTouch","floor":3},{"not_picked":["Cold Snap","FTL"],"picked":"Ball Lightning","floor":4},{"not_picked":["Sweeping Beam","FIFO Queue"],"picked":"Beam Cell","floor":5},{"not_picked":["Lockon","Panic Button"],"picked":"Gash","floor":7},{"not_picked":["Conserve Battery","Compile Driver"],"picked":"Ball Lightning","floor":8},{"not_picked":["Thunder Strike","Doom and Gloom"],"picked":"Chaos","floor":12},{"not_picked":["Creative AI","ReplayTheSpireMod:Omega Cannon"],"picked":"Electrodynamics","floor":16},{"not_picked":["Steam","Beam Cell"],"picked":"White Noise","floor":18},{"not_picked":["Sunder","Cold Snap","Compile Driver"],"picked":"SKIP","floor":19},{"not_picked":["Chill","Glacier"],"picked":"Rebound","floor":21},{"not_picked":["Turbo","Barrage","Sweeping Beam"],"picked":"SKIP","floor":22},{"not_picked":["Redo","Stack"],"picked":"Core Surge","floor":24},{"not_picked":["White Noise","Darkness"],"picked":"Force Field","floor":32},{"not_picked":["Doom and Gloom+1","Stack"],"picked":"Loop","floor":33}],"player_experience":935252,"relics_obtained":[{"floor":9,"key":"Garlic"},{"floor":12,"key":"Girya"},{"floor":28,"key":"Bottled Tornado"}],"event_choices":[{"damage_healed":0,"gold_gain":0,"player_choice":"Ignored","damage_taken":0,"max_hp_gain":0,"max_hp_loss":0,"event_name":"Liars Game","floor":13,"gold_loss":0},{"damage_healed":17,"gold_gain":0,"player_choice":"Healed and dodged fight","damage_taken":0,"max_hp_gain":0,"max_hp_loss":0,"event_name":"Mushrooms","floor":14,"gold_loss":0,"cards_obtained":["Parasite"]},{"damage_healed":0,"gold_gain":50,"player_choice":"Stole From Cult","damage_taken":0,"max_hp_gain":0,"max_hp_loss":0,"event_name":"Nest","floor":25,"gold_loss":0}],"is_beta":false,"boss_relics":[{"not_picked":["ReplayTheSpireMod:DimensionalGlitch","Painkiller Herb"],"picked":"Empty Cage"}],"items_purged_floors":[2,11,20],"is_endless":false,"potions_floor_spawned":[1,19,24,32],"killed_by":"Collector","ascension_level":17}}