{"host":"9jj9tzo2iym4bpat","time":1610953850,"event":{"mods":["Act Like it!","BaseMod","CapriCore","Colored Map","Dark Map","Luminous","Minty Spire (QoL Compilation)","Permanent Neow","StSLib","Td1madao Mod","The Animator","The Immortal","The Marked","The Servant 0.9.4","Yakumo Yukari mod"],"gold_per_floor":[116,116,131,156,34,34,63,63,63,63,142,89,106,106,118,227,289,318,350,362,374,386,398,59,59,59,86,86,86,86,86,86],"floor_reached":31,"language":"ENG","playtime":911,"items_purged":["animator:Curse_Nutcracker"],"score":319,"play_id":"31254b91-6b6f-4cc9-bbb5-326e80f8d03d","local_time":"20210118011050","is_ascension_mode":true,"campfire_choices":[{"data":"Infinite Blades","floor":6,"key":"SMITH"},{"floor":8,"key":"REST"},{"data":"Cloak And Dagger","floor":10,"key":"SMITH"},{"floor":15,"key":"REST"},{"data":"Blade Dance","floor":23,"key":"SMITH"}],"circlet_count":0,"master_deck":["Strike_G","Strike_G","Strike_G","Defend_G","Defend_G","Defend_G+1","Defend_G+1","Survivor","Neutralize","Underhanded Strike","Blade Dance+1","Infinite Blades+1","Cloak And Dagger+1","Outmaneuver","Deflect+1","After Image","Infinite Blades","RitualDagger","Slice","Deflect+1"],"relics":["Ring of the Snake","FaceOfCleric","Lantern","Bottled Lightning","Juzu Bracelet","MawBank","Tiny House","War Paint","Pen Nib","PureWater","Mercury Hourglass","Bag of Marbles","Toy Ornithopter"],"acts_visited":["Exordium","TheCity"],"potions_floor_usage":[16,27],"damage_taken":[{"damage":10,"enemies":"Small Slimes","floor":1,"turns":5},{"damage":0,"enemies":"Cultist","floor":3,"turns":5},{"damage":13,"enemies":"3 Sentries","floor":7,"turns":7},{"damage":4,"enemies":"2 Louse","floor":13,"turns":3},{"damage":53,"enemies":"The Guardian","floor":16,"turns":13},{"damage":9,"enemies":"Spheric Guardian","floor":18,"turns":6},{"damage":9,"enemies":"Shell Parasite","floor":19,"turns":8},{"damage":34,"enemies":"Slavers","floor":27,"turns":6},{"damage":10,"enemies":"Snake Plant","floor":31,"turns":1}],"seed_played":"-906687864618575753","potions_obtained":[{"floor":13,"key":"EssenceOfSteel"},{"floor":17,"key":"DuplicationPotion"},{"floor":19,"key":"Explosive Potion"}],"is_trial":false,"path_per_floor":["M","?","M","T","$","R","E","R","T","R","?","$","M","?","R","B",null,"M","M","?","?","$","R","$","?","T","E","?","?","?","M"],"character_chosen":"THE_SILENT","items_purchased":["Cloak And Dagger","Outmaneuver","War Paint","Pen Nib","Slice"],"campfire_rested":2,"item_purchase_floors":[5,12,24,24,24],"current_hp_per_floor":[60,60,61,61,61,61,49,70,70,70,70,70,67,64,73,21,79,71,63,57,57,57,57,57,57,57,24,24,8,8,0,0],"gold":86,"neow_bonus":"TRANSFORM_TWO_CARDS","is_daily":false,"chose_seed":false,"campfire_upgraded":3,"win_rate":0.0,"timestamp":1610953850,"path_taken":["M","?","?","?","$","R","E","R","T","R","?","?","M","?","R","BOSS","M","M","?","?","$","R","$","?","T","E","?","?","?","M"],"items_purchased_type":["Card","Card","Relic","Relic","Card"],"build_version":"2020-12-22","purchased_purges":1,"victory":false,"max_hp_per_floor":[70,70,71,71,71,71,72,72,72,72,72,72,73,73,73,74,79,80,81,81,81,81,81,81,81,81,82,82,87,87,87,87],"card_choices":[{"not_picked":["Flying Knee","Cloak And Dagger"],"picked":"Blade Dance","floor":1},{"not_picked":["Underhanded Strike","Crippling Poison"],"picked":"Infinite Blades","floor":3},{"not_picked":["Die Die Die","Backstab","Well Laid Plans"],"picked":"SKIP","floor":7},{"not_picked":["Dodge and Roll","Setup"],"picked":"Deflect","floor":13},{"not_picked":["Glass Knife","Storm of Steel"],"picked":"After Image","floor":16},{"not_picked":["Bouncing Flask+1","Reflex","Dodge and Roll"],"picked":"SKIP","floor":18},{"not_picked":["Riddle With Holes","Bouncing Flask+1"],"picked":"Infinite Blades","floor":19},{"not_picked":["Catalyst","Predator"],"picked":"Deflect+1","floor":27}],"player_experience":276687,"relics_obtained":[{"floor":4,"key":"Lantern"},{"floor":7,"key":"Bottled Lightning"},{"floor":9,"key":"Juzu Bracelet"},{"floor":26,"key":"Mercury Hourglass"},{"floor":27,"key":"Bag of Marbles"}],"event_choices":[{"damage_healed":0,"gold_gain":0,"player_choice":"Trade","damage_taken":0,"relics_obtained":["FaceOfCleric"],"max_hp_gain":0,"max_hp_loss":0,"event_name":"FaceTrader","floor":2,"gold_loss":0},{"damage_healed":0,"gold_gain":79,"player_choice":"Gained Gold","damage_taken":0,"max_hp_gain":0,"max_hp_loss":0,"event_name":"Golden Wing","floor":11,"gold_loss":0},{"damage_healed":0,"gold_gain":0,"player_choice":"Success","damage_taken":3,"relics_obtained":["MawBank"],"max_hp_gain":0,"max_hp_loss":0,"event_name":"Scrap Ooze","floor":14,"gold_loss":0},{"damage_healed":0,"gold_gain":0,"player_choice":"Joined the Cult","damage_taken":6,"max_hp_gain":0,"max_hp_loss":0,"event_name":"Nest","floor":20,"gold_loss":0,"cards_obtained":["RitualDagger"]},{"cards_removed":["Defend_G"],"damage_healed":0,"gold_gain":0,"player_choice":"Purged","damage_taken":0,"max_hp_gain":0,"max_hp_loss":0,"event_name":"Purifier","floor":21,"gold_loss":0},{"cards_removed":["Noxious Fumes"],"damage_healed":0,"gold_gain":0,"player_choice":"Gave Card","damage_taken":0,"relics_obtained":["Toy Ornithopter"],"max_hp_gain":0,"max_hp_loss":0,"event_name":"WeMeetAgain","floor":28,"gold_loss":0},{"damage_healed":0,"gold_gain":0,"player_choice":"Shed Blood","damage_taken":21,"max_hp_gain":5,"max_hp_loss":0,"event_name":"Forgotten Altar","floor":29,"gold_loss":0},{"damage_healed":0,"gold_gain":0,"player_choice":"Ignored","damage_taken":0,"max_hp_gain":0,"max_hp_loss":0,"event_name":"Beggar","floor":30,"gold_loss":0}],"is_beta":false,"boss_relics":[{"not_picked":["SlaversCollar","Philosopher\u0027s Stone"],"picked":"Tiny House"}],"items_purged_floors":[5],"is_endless":false,"potions_floor_spawned":[13,19],"killed_by":"Snake Plant","ascension_level":4}}