{"host":"baymyijz6sxaqj5s","time":1610994874,"event":{"mods":["AchievementEnabler","BaseMod","Colored Map","Colored Powertips","DeckTracker","Highlight Path","KOR Keyword Fix","Keyboard Shortcuts","Minty Spire (QoL Compilation)","StSLib","SuperFastMode","everything is the same but u backflip on backflip"],"gold_per_floor":[109,128,128,128,143,143,143,163,163,180,180,199,85,95,95,95,95],"floor_reached":16,"language":"KOR","playtime":342,"items_purged":[],"score":108,"play_id":"f70d99f1-d5b9-4fc9-8075-176b7b3ec094","local_time":"20210119033434","is_ascension_mode":true,"campfire_choices":[{"data":"Survivor","floor":6,"key":"SMITH"},{"floor":11,"key":"REST"},{"floor":15,"key":"REST"}],"circlet_count":0,"master_deck":["Strike_G","Strike_G","Strike_G","Strike_G","Defend_G","Defend_G","Defend_G","Defend_G","Defend_G","Survivor+1","Neutralize","Outmaneuver","Deflect","Leg Sweep","Dash","Blur"],"relics":["Ring of the Snake","Turnip","Question Card"],"acts_visited":["Exordium"],"potions_floor_usage":[12],"damage_taken":[{"damage":8,"enemies":"Cultist","floor":1,"turns":6},{"damage":1,"enemies":"Small Slimes","floor":2,"turns":4},{"damage":0,"enemies":"2 Louse","floor":5,"turns":4},{"damage":14,"enemies":"Exordium Thugs","floor":8,"turns":9},{"damage":13,"enemies":"Lots of Slimes","floor":10,"turns":9},{"damage":3,"enemies":"3 Louse","floor":12,"turns":4},{"damage":0,"enemies":"2 Fungi Beasts","floor":14,"turns":5},{"damage":0,"enemies":"Slime Boss","floor":16,"turns":1}],"seed_played":"8192260168944767846","potions_obtained":[{"floor":2,"key":"LiquidBronze"},{"floor":12,"key":"Energy Potion"},{"floor":14,"key":"GamblersBrew"}],"is_trial":false,"path_per_floor":["M","M","T","?","M","R","?","M","T","M","R","M","$","M","R","B"],"character_chosen":"THE_SILENT","items_purchased":["Dash","Blur"],"campfire_rested":2,"item_purchase_floors":[13,13],"current_hp_per_floor":[69,68,68,73,73,73,66,52,52,39,63,60,60,60,82,82,82],"gold":95,"neow_bonus":"TEN_PERCENT_HP_BONUS","is_daily":false,"chose_seed":false,"campfire_upgraded":1,"win_rate":0.0,"timestamp":1610994874,"path_taken":["M","M","?","?","M","R","?","M","T","M","R","M","$","M","R","BOSS"],"items_purchased_type":["Card","Card"],"build_version":"2020-12-22","purchased_purges":0,"victory":false,"max_hp_per_floor":[77,77,77,82,82,82,82,82,82,82,82,82,82,82,82,82,82],"card_choices":[{"not_picked":["Dagger Throw","Eviscerate"],"picked":"Outmaneuver","floor":1},{"not_picked":["Dagger Spray","Choke","PiercingWail"],"picked":"SKIP","floor":2},{"not_picked":["Acrobatics","Flying Knee"],"picked":"Deflect","floor":5},{"not_picked":["Deflect","Heel Hook"],"picked":"Leg Sweep","floor":8},{"not_picked":["Calculated Gamble","Dagger Throw","Slice","Setup"],"picked":"SKIP","floor":10},{"not_picked":["Quick Slash","Predator","Cloak And Dagger","Grand Finale"],"picked":"SKIP","floor":12},{"not_picked":["Dodge and Roll","Cloak And Dagger","Dagger Spray","Blade Dance"],"picked":"SKIP","floor":14}],"player_experience":58786,"relics_obtained":[{"floor":3,"key":"Turnip"},{"floor":9,"key":"Question Card"}],"event_choices":[{"damage_healed":0,"gold_gain":0,"player_choice":"Donut","damage_taken":0,"max_hp_gain":5,"max_hp_loss":0,"event_name":"Big Fish","floor":4,"gold_loss":0},{"cards_removed":["Strike_G"],"damage_healed":0,"gold_gain":0,"player_choice":"Card Removal","damage_taken":7,"max_hp_gain":0,"max_hp_loss":0,"event_name":"Golden Wing","floor":7,"gold_loss":0}],"is_beta":false,"boss_relics":[],"items_purged_floors":[],"is_endless":false,"potions_floor_spawned":[2,12,14],"killed_by":"Slime Boss","ascension_level":3}}