{"host":"5ty8fyb0ngp9gspj","time":1610978864,"event":{"mods":["2.2 Compatiblity","AchievementEnabler","Act Like it!","BaseMod","Colored Map","Downfall","Hubris","Minty Spire (QoL Compilation)","Rare Cards Sparkle","Relic Stats","StSLib","The Jungle","slay the spire mod where everything is the same but ironclad has a cowboy hat"],"gold_per_floor":[99,109,109,109,128,138,187,203,283,183,183,71,71,84,99,99,99],"floor_reached":16,"language":"ENG","playtime":578,"items_purged":["bronze:Strike"],"score":117,"play_id":"d48d2751-2f80-44e4-bf54-7b78a699192f","local_time":"20210119010744","is_ascension_mode":false,"campfire_choices":[{"data":"bronze:Replicate","floor":1,"key":"SMITH"},{"data":"bronze:Overload","floor":10,"key":"SMITH"},{"floor":13,"key":"RECALL"}],"circlet_count":0,"master_deck":["bronze:Strike","bronze:Strike","bronze:Strike","bronze:Defend","bronze:Defend","bronze:Defend","bronze:Defend","bronze:Replicate+1","bronze:Goto","bronze:Fortify","bronze:DelayedGuard","bronze:Overload+1","bronze:BronzeOrb","bronze:Flail","bronze:Iterate","bronze:Repair","bronze:CloningBeam"],"relics":["bronze:BronzeCore","Smiling Mask","downfall:HeartBlessingBlue"],"acts_visited":["Exordium"],"potions_floor_usage":[11,16,16,16],"damage_taken":[{"damage":0,"enemies":"2 Louse","floor":2,"turns":3},{"damage":6,"enemies":"Jaw Worm","floor":5,"turns":4},{"damage":0,"enemies":"Small Slimes","floor":6,"turns":3},{"damage":3,"enemies":"Red Slaver","floor":8,"turns":4},{"damage":0,"enemies":"downfall:FleeingMerchant","floor":12,"turns":4},{"damage":1,"enemies":"Blue Slaver","floor":14,"turns":3},{"damage":10,"enemies":"Lots of Slimes","floor":15,"turns":4},{"damage":88,"enemies":"SI_SHIV_ARCHETYPE","floor":16,"turns":10}],"seed_played":"-8452391997377153817","potions_obtained":[{"floor":5,"key":"champ:CounterPotion"},{"floor":8,"key":"PowerPotion"},{"floor":11,"key":"Fruit Juice"},{"floor":11,"key":"Energy Potion"}],"is_trial":false,"path_per_floor":["R","M","?","?","M","M","T","M","T","R","?","$","R","M","M","B"],"character_chosen":"THE_AUTOMATON","items_purchased":["bronze:Iterate"],"campfire_rested":0,"item_purchase_floors":[12],"current_hp_per_floor":[77,77,77,77,71,71,71,68,68,78,83,83,83,82,79,0,0],"gold":99,"neow_bonus":"TEN_PERCENT_HP_BONUS","is_daily":false,"chose_seed":false,"campfire_upgraded":2,"win_rate":0.0,"timestamp":1610978864,"path_taken":["R","M","?","?","M","M","T","M","?","R","?","$","R","M","M","BOSS"],"items_purchased_type":["Card"],"build_version":"2020-12-22","purchased_purges":1,"victory":false,"max_hp_per_floor":[77,77,77,77,77,77,77,77,77,87,92,92,92,92,92,92,92],"relic_stats":{"counters":[8,35],"Smiling Mask":25,"obtain_stats":[{"bronze:BronzeCore":0,"downfall:HeartBlessingBlue":10,"Smiling Mask":7},{"bronze:BronzeCore":0,"downfall:HeartBlessingBlue":4,"Smiling Mask":3},{"bronze:BronzeCore":0,"downfall:HeartBlessingBlue":14,"Smiling Mask":10}]},"card_choices":[{"not_picked":["bronze:WildBeam","bronze:Iterate"],"picked":"bronze:Fortify","floor":2},{"not_picked":["bronze:Iterate","bronze:DelayedSlice"],"picked":"bronze:DelayedGuard","floor":5},{"not_picked":["bronze:BugBarrage","bronze:DelayedSlice"],"picked":"bronze:Overload","floor":6},{"not_picked":["bronze:CloningBeam","bronze:NullPointer"],"picked":"bronze:BronzeOrb","floor":8},{"not_picked":["bronze:HyperBeam","bronze:WhirlingStrike"],"picked":"bronze:Flail","floor":12},{"not_picked":["bronze:MaxOutput","bronze:ChildClass"],"picked":"bronze:Repair","floor":14},{"not_picked":["bronze:Shield","bronze:BronzeOrb"],"picked":"bronze:CloningBeam","floor":15}],"player_experience":396740,"relics_obtained":[{"floor":7,"key":"Smiling Mask"}],"event_choices":[{"damage_healed":0,"gold_gain":0,"player_choice":"Got Potions","damage_taken":0,"max_hp_gain":0,"max_hp_loss":0,"event_name":"Lab","floor":11,"gold_loss":0}],"is_beta":false,"boss_relics":[],"items_purged_floors":[12],"is_endless":false,"potions_floor_spawned":[5,8,15],"killed_by":"SI_SHIV_ARCHETYPE","ascension_level":0}}