{"host":"z9mq1tf06lkrncmk","time":1610949444,"event":{"mods":["BaseMod","Downfall","Minty Spire (QoL Compilation)","StSLib"],"gold_per_floor":[99,111,129,44,55,55,110,143,159,172,200,200,200,219,230,329,379,379,396,408,427,427,427,427,377,377,396,396,413,413,430,430,430,430],"floor_reached":32,"language":"ENG","playtime":1425,"items_purged":[],"score":282,"play_id":"281fb6c2-5180-4be7-b38d-d57c0bfa22e5","local_time":"20210118005724","is_ascension_mode":true,"campfire_choices":[{"floor":1,"key":"RECALL"},{"data":"hexamod:HeatCrush","floor":6,"key":"SMITH"},{"data":"hexamod:SearingWound","floor":18,"key":"SMITH"},{"floor":23,"key":"REST"},{"data":"hexamod:ExtraCrispy","floor":26,"key":"SMITH"},{"floor":30,"key":"REST"}],"circlet_count":0,"master_deck":["hexamod:Strike","hexamod:Strike","hexamod:Strike","hexamod:Strike","hexamod:Defend","hexamod:Defend","hexamod:Defend+1","hexamod:Defend","hexamod:Sear+1","hexamod:Float","hexamod:SoulSteal","hexamod:BurningTouch","hexamod:FlamesFromBeyond","hexamod:HeatCrush+1","hexamod:SearingWound+1","hexamod:BurningTouch","hexamod:InspiringFlames","hexamod:Toasty","hexamod:ThermalTransfer","hexamod:SuperheatedStrike+1","hexamod:ExtraCrispy+1","hexamod:ThermalTransfer"],"relics":["hexamod:SpiritBrand","Juzu Bracelet","InkBottle","Bottled Flame","Tiny House"],"acts_visited":["Exordium","TheCity"],"potions_floor_usage":[5,8,15,16,27,29],"damage_taken":[{"damage":0,"enemies":"Cultist","floor":2,"turns":3},{"damage":2,"enemies":"Jaw Worm","floor":3,"turns":3},{"damage":0,"enemies":"downfall:FleeingMerchant","floor":4,"turns":4},{"damage":6,"enemies":"2 Louse","floor":5,"turns":3},{"damage":9,"enemies":"Gremlin Nob","floor":8,"turns":3},{"damage":6,"enemies":"2 Fungi Beasts","floor":9,"turns":4},{"damage":3,"enemies":"Blue Slaver","floor":10,"turns":3},{"damage":21,"enemies":"Lagavulin","floor":11,"turns":6},{"damage":2,"enemies":"Large Slime","floor":14,"turns":3},{"damage":13,"enemies":"Exordium Wildlife","floor":15,"turns":3},{"damage":15,"enemies":"SI_SHIV_ARCHETYPE","floor":16,"turns":5},{"damage":9,"enemies":"Shell Parasite","floor":19,"turns":3},{"damage":15,"enemies":"3 Byrds","floor":20,"turns":3},{"damage":16,"enemies":"Snake Plant","floor":21,"turns":3},{"damage":8,"enemies":"Chosen and Byrds","floor":27,"turns":4},{"damage":23,"enemies":"Cultist and Chosen","floor":29,"turns":5},{"damage":37,"enemies":"Shelled Parasite and Fungi","floor":31,"turns":4},{"damage":28,"enemies":"Snake Plant","floor":32,"turns":4}],"seed_played":"633537838892082228","potions_obtained":[{"floor":3,"key":"Regen Potion"},{"floor":5,"key":"Fruit Juice"},{"floor":10,"key":"bronze:BurnAndBuffPotion"},{"floor":11,"key":"hexamod:EctoCoolerPotion"},{"floor":14,"key":"SkillPotion"},{"floor":16,"key":"Fire Potion"},{"floor":17,"key":"Slimebound:ThreeZeroPotion"},{"floor":27,"key":"ColorlessPotion"}],"is_trial":false,"path_per_floor":["R","M","M","$","M","R","T","E","M","M","E","?","?","M","M","B",null,"R","M","M","M","?","R","T","?","R","M","?","M","R","M","M"],"character_chosen":"THE_SPIRIT","items_purchased":["hexamod:HeatCrush"],"campfire_rested":2,"item_purchase_floors":[4],"current_hp_per_floor":[70,70,68,68,67,67,67,69,63,60,39,39,39,37,24,9,80,80,71,56,40,40,64,64,80,80,72,80,57,80,43,15,15,15],"gold":430,"neow_bonus":"UPGRADE_CARD","is_daily":false,"chose_seed":false,"campfire_upgraded":3,"win_rate":0.0,"timestamp":1610949444,"path_taken":["R","M","M","$","M","R","T","E","M","M","E","?","?","M","M","BOSS","R","M","M","M","?","R","T","?","R","M","?","M","R","M","M"],"items_purchased_type":["Card"],"build_version":"2020-12-22","purchased_purges":0,"victory":false,"max_hp_per_floor":[70,70,70,70,75,75,75,75,75,75,75,75,75,75,75,75,80,80,80,80,80,80,80,80,80,80,80,80,80,80,80,80,80,80],"card_choices":[{"not_picked":["hexamod:GhostLash","hexamod:HeatMetal"],"picked":"hexamod:SoulSteal","floor":2},{"not_picked":["hexamod:PhantomCloak","hexamod:SwordOfDarkness"],"picked":"hexamod:BurningTouch","floor":3},{"not_picked":["hexamod:PhantomFireball","hexamod:GhostOfSpirePast"],"picked":"hexamod:FlamesFromBeyond","floor":4},{"not_picked":["hexamod:Rewind","hexamod:AdvancingGuard","hexamod:FlamesFromBeyond"],"picked":"SKIP","floor":5},{"not_picked":["hexamod:PowerFromBeyond","hexamod:SwordOfDarkness"],"picked":"hexamod:SearingWound","floor":8},{"not_picked":["hexamod:Again","hexamod:HeatCrush","hexamod:NightmareStrike"],"picked":"SKIP","floor":9},{"not_picked":["hexamod:GhostShield","hexamod:BacktrackSmack","hexamod:FlamesFromBeyond"],"picked":"SKIP","floor":10},{"not_picked":["hexamod:AdvancingGuard","hexamod:SixthSeal"],"picked":"hexamod:BurningTouch","floor":11},{"not_picked":["hexamod:BurningTouch","hexamod:SecondSeal","hexamod:GhostLash"],"picked":"SKIP","floor":14},{"not_picked":["hexamod:BurningTouch","hexamod:Hexaguard"],"picked":"hexamod:InspiringFlames","floor":15},{"not_picked":["hexamod:UnlimitedPower","hexamod:ParanormalForm"],"picked":"hexamod:Toasty","floor":16},{"not_picked":["hexamod:EmpoweredFlame","hexamod:SkipABeat"],"picked":"hexamod:ThermalTransfer","floor":17},{"not_picked":["hexamod:GhostLash","hexamod:Firestarter"],"picked":"hexamod:SuperheatedStrike+1","floor":19},{"not_picked":["hexamod:HeatMetal","hexamod:NightmareGuise+1","hexamod:RetreatToShadows"],"picked":"SKIP","floor":20},{"not_picked":["hexamod:Again","hexamod:SuperheatedStrike"],"picked":"hexamod:ExtraCrispy","floor":21},{"not_picked":["hexamod:PhantomCloak","hexamod:FirstSeal","hexamod:ShieldOfDarkness"],"picked":"SKIP","floor":27},{"not_picked":["hexamod:NightmareStrike","hexamod:FlamesFromBeyond"],"picked":"hexamod:ThermalTransfer","floor":29},{"not_picked":["hexamod:ShieldOfDarkness","hexamod:HeatMetal","hexamod:SpectersWail"],"picked":"SKIP","floor":31}],"player_experience":363506,"relics_obtained":[{"floor":7,"key":"Juzu Bracelet"},{"floor":8,"key":"InkBottle"},{"floor":11,"key":"Bottled Flame"}],"event_choices":[{"damage_healed":26,"gold_gain":0,"player_choice":"Heal","damage_taken":0,"max_hp_gain":0,"max_hp_loss":0,"event_name":"The Library","floor":28,"gold_loss":0}],"is_beta":false,"boss_relics":[{"not_picked":["Busted Crown","Runic Pyramid"],"picked":"Tiny House"}],"items_purged_floors":[],"is_endless":false,"potions_floor_spawned":[3,5,10,11,14,16,19,21,27],"killed_by":"Snake Plant","ascension_level":2}}