{"host":"xp5rvh2jwe2ejyfm","time":1610982129,"event":{"mods":["BaseMod","Hermit","Minty Spire (QoL Compilation)","Replay The Spire","StSLib","The Construct","The Cursed","The Disciple","The Hierophant","The Necromancer","The Runesmith"],"gold_per_floor":[113,213,228,239,258,258,274,274,298,314,346,393,393,410,410,506,506,516,516,516,297,312,312,331,331,331,25,43,54,65,80,80,177,177,193,193,39,54,65,65,82,113,137,137,137,150,168,168,168],"floor_reached":48,"language":"ENG","playtime":2326,"items_purged":[],"score":522,"play_id":"21ee75f4-505f-4599-9637-cb83fe375eee","local_time":"20210118100209","is_ascension_mode":false,"campfire_choices":[{"data":"TheCursedMod:FleshFromBone","floor":6,"key":"SMITH"},{"data":"TheCursedMod:CursedWand","floor":8,"key":"SMITH"},{"floor":15,"key":"REST"},{"data":"TheCursedMod:OutForBlood","floor":23,"key":"SMITH"},{"floor":25,"key":"REST"},{"floor":32,"key":"REST"},{"floor":40,"key":"REST"},{"floor":45,"key":"REST"}],"circlet_count":0,"master_deck":["TheCursedMod:Strike_TheCursed","TheCursedMod:Strike_TheCursed","TheCursedMod:Strike_TheCursed","TheCursedMod:Strike_TheCursed","TheCursedMod:Defend_TheCursed","TheCursedMod:Defend_TheCursed","TheCursedMod:Defend_TheCursed","TheCursedMod:Defend_TheCursed","TheCursedMod:CursedWand+1","TheCursedMod:CleanUpWorkshop","TheCursedMod:Dregs","TheCursedMod:Hemoplague","TheCursedMod:SmokeScreen","TheCursedMod:Stigma","TheCursedMod:FleshFromBone+1","TheCursedMod:StingEye","TheCursedMod:SoulReap","TheCursedMod:EmpowerCircles","TheCursedMod:CircleOfCorruption","TheCursedMod:OutForBlood+1","TheCursedMod:CursedMace+1","Looming Evil","Jack Of All Trades","TheCursedMod:EmpowerCircles","TheCursedMod:TroublousMinions","TheCursedMod:Hemoplague","TheCursedMod:SpitefulStrike+1","TheCursedMod:CircleOfFlame","TheCursedMod:CircleOfFlame+1","TheCursedMod:CursedShiv","TheCursedMod:Stigma","TheCursedMod:CursedStaff+1","TheCursedMod:Hemoplague","TheCursedMod:OutForBlood","TheCursedMod:Obscuration+1","TheCursedMod:ForbiddenAlchemy","TheCursedMod:CursedStaff+1","Madness","Madness","TheCursedMod:SpitefulStrike+1","TheCursedMod:Obscuration","TheCursedMod:DemonicPact","TheCursedMod:WearCloak+1","TheCursedMod:SpreadPlague","TheCursedMod:ReleasedStrength","TheCursedMod:AbyssShockwave+1"],"relics":["TheCursedMod:BlackMagic101","NeowsBlessing","Bronze Scales","Simple Rune","ChewingGum","Ring of Searing","Orrery","Chameleon Ring","StoneCalendar","SlaversCollar","Bag of Marbles","Orichalcum","Bag of Preparation"],"acts_visited":["Exordium","TheCity","TheBeyond"],"potions_floor_usage":[11,16,24,24,33,33,39,39,42,42,42,42,44,44,47],"damage_taken":[{"damage":0,"enemies":"Small Slimes","floor":1,"turns":1},{"damage":0,"enemies":"Cultist","floor":3,"turns":1},{"damage":0,"enemies":"Jaw Worm","floor":4,"turns":1},{"damage":4,"enemies":"Looter","floor":5,"turns":4},{"damage":4,"enemies":"Red Slaver","floor":7,"turns":4},{"damage":2,"enemies":"Exordium Wildlife","floor":10,"turns":2},{"damage":19,"enemies":"Gremlin Nob","floor":11,"turns":5},{"damage":8,"enemies":"Looter","floor":14,"turns":4},{"damage":45,"enemies":"Fading Forest","floor":16,"turns":11},{"damage":22,"enemies":"Chosen","floor":18,"turns":5},{"damage":10,"enemies":"Spheric Guardian","floor":22,"turns":4},{"damage":7,"enemies":"Centurion and Healer","floor":24,"turns":6},{"damage":15,"enemies":"Snake Plant","floor":28,"turns":3},{"damage":0,"enemies":"Snecko","floor":29,"turns":3},{"damage":10,"enemies":"Cultist and Chosen","floor":30,"turns":4},{"damage":39,"enemies":"Snake Plant","floor":31,"turns":3},{"damage":22,"enemies":"Collector","floor":33,"turns":10},{"damage":20,"enemies":"3 Shapes","floor":35,"turns":5},{"damage":21,"enemies":"Orb Walker","floor":38,"turns":3},{"damage":11,"enemies":"Jaw Worm Horde","floor":39,"turns":5},{"damage":10,"enemies":"Transient","floor":41,"turns":5},{"damage":29,"enemies":"Nemesis","floor":42,"turns":5},{"damage":15,"enemies":"4 Shapes","floor":44,"turns":3},{"damage":14,"enemies":"Jaw Worm Horde","floor":46,"turns":4},{"damage":13,"enemies":"Maw","floor":47,"turns":6},{"damage":10,"enemies":"Sphere and 2 Shapes","floor":48,"turns":3}],"seed_played":"-5433550147514722437","potions_obtained":[{"floor":1,"key":"TheCursedMod:DregsPotion"},{"floor":4,"key":"Swift Potion"},{"floor":5,"key":"Weak Potion"},{"floor":11,"key":"FearPotion"},{"floor":16,"key":"Weak Potion"},{"floor":22,"key":"AttackPotion"},{"floor":24,"key":"SpeedPotion"},{"floor":31,"key":"Strength Potion"},{"floor":41,"key":"Adrenaline Potion"},{"floor":46,"key":"ColorlessPotion"}],"is_trial":false,"path_per_floor":["M","?","M","M","M","R","M","R","T","M","E","T","?","M","R","B",null,"M","?","?","$","M","R","M","R","T","$","M","M","M","M","R","B",null,"M","?","$","M","M","R","M","E","T","M","R","M","M","M"],"character_chosen":"THE_CURSED","items_purchased":["TheCursedMod:EmpowerCircles","Orrery","StoneCalendar","Bag of Marbles"],"campfire_rested":5,"item_purchase_floors":[21,21,27,37],"current_hp_per_floor":[75,75,75,75,71,71,67,67,67,65,51,51,51,43,65,20,75,58,58,46,46,40,40,38,60,60,60,45,50,45,6,28,11,75,55,46,46,32,26,48,43,14,14,6,28,19,6,0,0],"gold":168,"neow_bonus":"THREE_ENEMY_KILL","is_daily":false,"chose_seed":false,"campfire_upgraded":3,"win_rate":0.0,"timestamp":1610982129,"path_taken":["M","?","M","?","M","R","M","R","T","M","E","?","?","M","R","BOSS","M","?","?","$","M","R","M","R","T","$","M","M","M","M","R","BOSS","M","?","$","M","M","R","M","E","T","M","R","M","M","M"],"items_purchased_type":["Card","Relic","Relic","Relic"],"build_version":"2020-12-22","purchased_purges":0,"victory":false,"max_hp_per_floor":[75,75,75,75,75,75,75,75,75,75,75,75,75,75,75,75,75,75,75,75,75,75,75,75,75,75,75,75,75,75,75,75,75,75,75,75,75,75,75,75,75,75,75,75,75,75,75,75,75],"card_choices":[{"not_picked":["TheCursedMod:RavingStaff","TheCursedMod:WearCloak"],"picked":"TheCursedMod:Hemoplague","floor":1},{"not_picked":["TheCursedMod:SoulCrush","TheCursedMod:BlessingInDisguise"],"picked":"TheCursedMod:SmokeScreen","floor":3},{"not_picked":["TheCursedMod:RapidMovement","TheCursedMod:SmokeScreen"],"picked":"TheCursedMod:Stigma","floor":4},{"not_picked":["TheCursedMod:CircleOfWindfury","TheCursedMod:PrepareRite"],"picked":"TheCursedMod:FleshFromBone","floor":5},{"not_picked":["TheCursedMod:BlessingInDisguise","TheCursedMod:ReleasedKnowledge"],"picked":"TheCursedMod:StingEye","floor":7},{"not_picked":["TheCursedMod:CursedAmulet","TheCursedMod:RavingStaff"],"picked":"TheCursedMod:SoulReap","floor":10},{"not_picked":["TheCursedMod:CursedShiv","TheCursedMod:CursedAmulet"],"picked":"TheCursedMod:EmpowerCircles","floor":11},{"not_picked":["TheCursedMod:SoulReap","TheCursedMod:CursedArmor"],"picked":"TheCursedMod:CircleOfCorruption","floor":14},{"not_picked":["TheCursedMod:CursedRelics","TheCursedMod:ShockAndAwe"],"picked":"TheCursedMod:OutForBlood","floor":16},{"not_picked":["TheCursedMod:CursedAmulet+1","TheCursedMod:Obscuration"],"picked":"TheCursedMod:CursedMace+1","floor":18},{"not_picked":["TheCursedMod:Stretching","TheCursedMod:RavingStaff"],"picked":"TheCursedMod:TroublousMinions","floor":21},{"not_picked":["TheCursedMod:SoulCrush+1","TheCursedMod:Wield"],"picked":"TheCursedMod:Hemoplague","floor":21},{"not_picked":["TheCursedMod:FleshFromBone","TheCursedMod:SmokeScreen+1"],"picked":"TheCursedMod:SpitefulStrike+1","floor":21},{"not_picked":["TheCursedMod:CircleOfCorruption","TheCursedMod:StunningStrike"],"picked":"TheCursedMod:CircleOfFlame","floor":21},{"not_picked":["TheCursedMod:VitalStrike","TheCursedMod:Stigma"],"picked":"TheCursedMod:CircleOfFlame+1","floor":21},{"not_picked":["TheCursedMod:SmokeScreen","TheCursedMod:Evocation+1"],"picked":"TheCursedMod:CursedShiv","floor":22},{"not_picked":["TheCursedMod:FleshFromBone","TheCursedMod:RapidMovement"],"picked":"TheCursedMod:Stigma","floor":24},{"not_picked":["TheCursedMod:CursedArmor","TheCursedMod:CursedBoomerang"],"picked":"TheCursedMod:CursedStaff+1","floor":28},{"not_picked":["TheCursedMod:Torture","TheCursedMod:HellsGateOpen"],"picked":"TheCursedMod:Hemoplague","floor":29},{"not_picked":["TheCursedMod:FleshFromBone+1","TheCursedMod:SoulCrush"],"picked":"TheCursedMod:OutForBlood","floor":30},{"not_picked":["TheCursedMod:SoulCrush","TheCursedMod:CursedMace"],"picked":"TheCursedMod:Obscuration+1","floor":31},{"not_picked":["TheCursedMod:DarkBarrier","TheCursedMod:OutForBlood"],"picked":"TheCursedMod:ForbiddenAlchemy","floor":33},{"not_picked":["TheCursedMod:FleshFromBone","TheCursedMod:PrepareRite"],"picked":"TheCursedMod:CursedStaff+1","floor":35},{"not_picked":["TheCursedMod:Torture","TheCursedMod:SmokeScreen+1"],"picked":"TheCursedMod:SpitefulStrike+1","floor":38},{"not_picked":["TheCursedMod:FleshFromBone","TheCursedMod:Torture"],"picked":"TheCursedMod:Obscuration","floor":39},{"not_picked":["TheCursedMod:Stigma+1","TheCursedMod:WearCloak+1"],"picked":"TheCursedMod:DemonicPact","floor":41},{"not_picked":["TheCursedMod:CursedShiv","TheCursedMod:Stretching"],"picked":"TheCursedMod:WearCloak+1","floor":42},{"not_picked":["TheCursedMod:SoulCrush+1","TheCursedMod:FuryStrike"],"picked":"TheCursedMod:SpreadPlague","floor":44},{"not_picked":["TheCursedMod:SpitefulPray","TheCursedMod:CircleOfBlood"],"picked":"TheCursedMod:ReleasedStrength","floor":46},{"not_picked":["TheCursedMod:CircleOfWindfury+1","TheCursedMod:CursedMace"],"picked":"TheCursedMod:AbyssShockwave+1","floor":47}],"player_experience":217419,"relics_obtained":[{"floor":9,"key":"Bronze Scales"},{"floor":11,"key":"Simple Rune"},{"floor":19,"key":"Ring of Searing"},{"floor":26,"key":"Chameleon Ring"},{"floor":42,"key":"Orichalcum"},{"floor":43,"key":"Bag of Preparation"}],"event_choices":[{"damage_healed":0,"gold_gain":100,"player_choice":"Pray","damage_taken":0,"max_hp_gain":0,"max_hp_loss":0,"event_name":"Golden Shrine","floor":2,"gold_loss":0},{"damage_healed":0,"gold_gain":0,"player_choice":"Searched \u00270\u0027 times","damage_taken":0,"max_hp_gain":0,"max_hp_loss":0,"event_name":"Dead Adventurer","floor":13,"gold_loss":0},{"damage_healed":0,"gold_gain":0,"player_choice":"CARD ","damage_taken":12,"max_hp_gain":0,"max_hp_loss":0,"event_name":"Knowing Skull","floor":20,"potions_obtained":[],"gold_loss":0,"cards_obtained":["Jack Of All Trades"]},{"damage_healed":0,"gold_gain":0,"player_choice":"Embrace Madness","damage_taken":9,"max_hp_gain":0,"max_hp_loss":0,"event_name":"Winding Halls","floor":36,"gold_loss":0,"cards_obtained":["Madness","Madness"]}],"is_beta":false,"boss_relics":[{"not_picked":["Kintsugi","Snecko Eye"],"picked":"ChewingGum"},{"not_picked":["Astrolabe","Replay:Drink Me"],"picked":"SlaversCollar"}],"items_purged_floors":[],"is_endless":false,"potions_floor_spawned":[1,4,5,11,16,18,22,24,31,41,46],"killed_by":"Sphere and 2 Shapes","ascension_level":0}}