{"host":"ojme7g6xlqwffsso","time":1610949915,"event":{"mods":["BaseMod","Downfall","Lobotomy","Minty Spire (QoL Compilation)","StSLib"],"gold_per_floor":[115,115,115,115,53,85,101,101,170,244,30,30,65,87,99,215,227,257,281,293,315,28,39,39,39,39],"floor_reached":25,"language":"ENG","playtime":943,"items_purged":[],"score":234,"play_id":"7c755a33-9760-4844-8cbc-bba4c860ef35","local_time":"20210118150515","is_ascension_mode":false,"campfire_choices":[{"data":"Zap","floor":8,"key":"SMITH"},{"data":"Coolheaded","floor":12,"key":"SMITH"},{"data":"Dualcast","floor":15,"key":"SMITH"},{"floor":24,"key":"REST"}],"circlet_count":0,"master_deck":["Strike_B","Strike_B","Defend_B","Defend_B","Defend_B","Zap+1","Dualcast+1","Coolheaded+1","UniverseFragment","Core Surge","Sunder","Loop","CherryBlossoms","Static Discharge","MeatLantern","Capacitor","Skim","Streamline","Scorched","Cold Snap","All For One","Reinforced Body+1","Go for the Eyes+1","Cold Snap+1","Ball Lightning","GalaxyChild","Bloodbath","FTL","OSAHOGD","Gash+1","Defragment","Creative AI","Defragment","Hello World","Cold Snap","VoidDream"],"relics":["Cracked Core","CogitoBucket","Calling Bell","Oddly Smooth Stone","The Courier","Unceasing Top","Mummified Hand","FossilizedHelix","Blue Candle","OrangePellets","MawBank","Astrolabe","Theresia"],"acts_visited":["Exordium","TheCity"],"potions_floor_usage":[],"damage_taken":[{"damage":5,"enemies":"Small Slimes","floor":1,"turns":2},{"damage":16,"enemies":"3 Sentries","floor":6,"turns":11},{"damage":0,"enemies":"Jaw Worm","floor":7,"turns":4},{"damage":11,"enemies":"Lagavulin","floor":13,"turns":8},{"damage":0,"enemies":"2 Louse","floor":14,"turns":2},{"damage":31,"enemies":"Slime Boss","floor":16,"turns":10},{"damage":8,"enemies":"3 Byrds","floor":18,"turns":4},{"damage":0,"enemies":"Chosen","floor":19,"turns":1},{"damage":0,"enemies":"Chosen","floor":19,"turns":1},{"damage":0,"enemies":"Sentry and Sphere","floor":21,"turns":3},{"damage":0,"enemies":"Snecko","floor":23,"turns":4},{"damage":35,"enemies":"Gremlin Leader","floor":25,"turns":3}],"seed_played":"-1583983426917543049","potions_obtained":[{"floor":14,"key":"Swift Potion"},{"floor":16,"key":"PowerPotion"},{"floor":18,"key":"Fire Potion"}],"is_trial":false,"path_per_floor":["M","?","?","T","$","E","M","R","T","?","$","R","E","M","R","B",null,"M","M","?","M","$","M","R","E"],"character_chosen":"DEFECT","items_purchased":["Sunder","Capacitor","OrangePellets","Skim","Defragment","Creative AI","Defragment","Hello World"],"campfire_rested":1,"item_purchase_floors":[5,11,11,11,22,22,22,22],"current_hp_per_floor":[70,70,70,70,70,54,54,54,54,54,54,54,43,43,43,12,75,67,8,8,8,8,9,31,0,0],"gold":39,"neow_bonus":"","is_daily":false,"chose_seed":false,"campfire_upgraded":3,"win_rate":0.0,"timestamp":1610949915,"path_taken":["M","?","?","?","$","E","M","R","T","?","?","R","E","M","R","BOSS","M","M","?","?","$","M","R","E"],"items_purchased_type":["Card","Card","Relic","Card","Card","Card","Card","Card"],"build_version":"2020-12-22","purchased_purges":0,"victory":false,"max_hp_per_floor":[75,75,75,75,75,75,75,75,75,75,75,75,75,75,75,75,75,75,75,75,75,75,75,75,75,75],"card_choices":[{"not_picked":["Stack","Barrage"],"picked":"Coolheaded","floor":1},{"not_picked":["BeautyBeast","CrumblingArmor"],"picked":"UniverseFragment","floor":1},{"not_picked":["Gash","Lockon"],"picked":"Loop","floor":6},{"not_picked":["Porccubus","ShyLook"],"picked":"CherryBlossoms","floor":6},{"not_picked":["Darkness","Coolheaded"],"picked":"Static Discharge","floor":7},{"not_picked":["BeautyBeast","ShyLook"],"picked":"MeatLantern","floor":7},{"not_picked":["Coolheaded","Fusion"],"picked":"Streamline","floor":13},{"not_picked":["BeautyBeast","VoidDream"],"picked":"Scorched","floor":13},{"not_picked":["SpiderBud","QueenOfHatred"],"picked":"Yin","floor":14},{"not_picked":["Lockon","Hologram"],"picked":"Cold Snap","floor":14},{"not_picked":["Seek","Multi-Cast"],"picked":"All For One","floor":16},{"not_picked":["Steam","Streamline"],"picked":"Ball Lightning","floor":18},{"not_picked":["Freischutz","QueenBee"],"picked":"GalaxyChild","floor":18},{"not_picked":["NakedNest","OldLady"],"picked":"Bloodbath","floor":19},{"not_picked":["Lockon","Rebound"],"picked":"FTL","floor":19},{"not_picked":["FieryBird","Scarecrow"],"picked":"OSAHOGD","floor":21},{"not_picked":["Rebound","Darkness+1"],"picked":"Gash+1","floor":21},{"not_picked":["Hello World","Loop"],"picked":"Cold Snap","floor":23},{"not_picked":["FairyFestival","CrumblingArmor"],"picked":"VoidDream","floor":23}],"player_experience":882711,"relics_obtained":[{"floor":2,"key":"Oddly Smooth Stone"},{"floor":2,"key":"The Courier"},{"floor":2,"key":"Unceasing Top"},{"floor":4,"key":"Mummified Hand"},{"floor":6,"key":"FossilizedHelix"},{"floor":9,"key":"Blue Candle"},{"floor":13,"key":"MawBank"}],"event_choices":[{"cards_removed":["Shame"],"damage_healed":0,"gold_gain":0,"player_choice":"Forget","damage_taken":0,"max_hp_gain":0,"max_hp_loss":0,"event_name":"Living Wall","floor":3,"gold_loss":0},{"damage_healed":0,"gold_gain":74,"player_choice":"Gained Gold","damage_taken":0,"max_hp_gain":0,"max_hp_loss":0,"event_name":"Golden Wing","floor":10,"gold_loss":0},{"cards_removed":["Clumsy"],"damage_healed":0,"gold_gain":0,"player_choice":"Removed Curses","damage_taken":0,"max_hp_gain":0,"max_hp_loss":0,"event_name":"Fountain of Cleansing","floor":20,"gold_loss":0}],"is_beta":false,"boss_relics":[{"not_picked":["Pandora\u0027s Box","Fusion Hammer"],"picked":"Astrolabe"}],"items_purged_floors":[],"is_endless":false,"potions_floor_spawned":[14,16,18,23],"killed_by":"Gremlin Leader","ascension_level":0}}