{"host":"j9l1rwahbyzerpwa","time":1610966072,"event":{"mods":["100% Spire Juice","ATMod(°¢èªMod)","Arknights The Spire","BaseMod","Downfall","Energized Spire","KomeijiMod","Minty Spire (QoL Compilation)","MostiFishMod","Relic Stats","Spicy Shops","StSLib","The Dragon Tamer","The Marked","[IsaacMod]ÒÔÈö¼âËþ","¡¾ÒÅÎï¿¨ÅÆ¡¿REMEMod"],"gold_per_floor":[116,116,116,116,130,156,156,156,156,176,33,43,59,59,59,154,154,172,192,205,205,205,230,243,261,285,302,227,261,261,296,296,391,391,405,405,405,405,16,43,55,83,83,0,50,65,65,92,92,92,92,92,92,123,123],"floor_reached":56,"language":"ZHS","playtime":3346,"items_purged":["Confused"],"score":1743,"play_id":"aa97fba9-c1c9-439b-954b-51a5ca8a4c8b","local_time":"20210118183432","is_ascension_mode":false,"metric_token":1047,"campfire_choices":[{"data":"DTMod:SwitchingTactic","floor":7.0,"key":"SMITH"},{"data":"DTMod:ComboAttack","floor":15.0,"key":"SMITH"},{"data":"DTMod:Inferno","floor":32.0,"key":"SMITH"},{"floor":49,"key":"RECALL"},{"floor":52,"key":"REST"}],"dtmod_dragon_data":[9,50,1,-1,8,0],"circlet_count":0,"master_deck":["DTMod:Strike+1","DTMod:Strike+1","DTMod:Strike+1","DTMod:Strike+1","DTMod:DoubleHit+1","DTMod:TargetDefense+1","DTMod:TargetDefense+1","DTMod:SwitchingTactic+1","Unload+1","DTMod:HeatWave+1","DTMod:Prediction+1","DTMod:ComboAttack+1","DTMod:MaximumCharge+1","DTMod:OpeningTactic+1","DTMod:ComboAttack+1","hexamod:Strike+1","DTMod:Inferno+1","DTMod:BurningEnergy+1","DTMod:Inferno+1","DTMod:Training+1","DTMod:SealedStrike+5","DTMod:FierySynthesis+1","DTMod:HeadStart+1","DTMod:BreakAttack+1","DTMod:ComboAttack+1"],"relics":["DTMod:PactStone","HushsDoor","KeepersGift","AT_ATBox","DaveBox","REME_ComplimentaryCards","ExusiaiGun","SynthV:TestCard","Ornamental Fan","AT_BladeRuinedKing","energizedSpire:DeadBattery","Nloth\u0027s Gift","BelialBook","BookOfRevelations","Sundial","Nunchaku","Pear","RhineSuit","Mark of the Bloom","Membership Card","StrikeDummy","DTMod:BasicTextbook","Smiling Mask","AT_SilvercatRing","Guardian:GemstoneGun","Red Mask","ShirouKen","Unceasing Top","TheBible"],"acts_visited":["Exordium","TheCity","TheBeyond","TheEnding"],"potions_floor_usage":[],"damage_taken":[{"damage":0.0,"enemies":"Cultist","floor":1.0,"turns":1.0},{"damage":0.0,"enemies":"Jaw Worm","floor":5.0,"turns":1.0},{"damage":0.0,"enemies":"3 Sentries","floor":6.0,"turns":2.0},{"damage":0.0,"enemies":"Small Slimes","floor":10.0,"turns":1.0},{"damage":0.0,"enemies":"Looter","floor":12.0,"turns":1.0},{"damage":0.0,"enemies":"Large Slime","floor":13.0,"turns":1.0},{"damage":1.0,"enemies":"The Guardian","floor":16.0,"turns":2.0},{"damage":0.0,"enemies":"Spheric Guardian","floor":18.0,"turns":1.0},{"damage":0.0,"enemies":"Shell Parasite","floor":19.0,"turns":1.0},{"damage":0.0,"enemies":"3 Cultists","floor":20.0,"turns":1.0},{"damage":0.0,"enemies":"Book of Stabbing","floor":23.0,"turns":1.0},{"damage":0.0,"enemies":"Snake Plant","floor":24.0,"turns":2.0},{"damage":0.0,"enemies":"Cultist and Chosen","floor":25.0,"turns":1.0},{"damage":0.0,"enemies":"Centurion and Healer","floor":27.0,"turns":1.0},{"damage":0.0,"enemies":"REME_1_Revenger","floor":29.0,"turns":1.0},{"damage":0.0,"enemies":"Slavers","floor":31.0,"turns":1.0},{"damage":0.0,"enemies":"Champ","floor":33.0,"turns":2.0},{"damage":0.0,"enemies":"Orb Walker","floor":35.0,"turns":1.0},{"damage":0.0,"enemies":"Giant Head","floor":40.0,"turns":1.0},{"damage":0.0,"enemies":"3 Shapes","floor":41.0,"turns":1.0},{"damage":0.0,"enemies":"Nemesis","floor":42.0,"turns":1.0},{"damage":0.0,"enemies":"2 Orb Walkers","floor":45.0,"turns":1.0},{"damage":0,"enemies":"Spire Growth","floor":46,"turns":1},{"damage":0,"enemies":"Giant Head","floor":48,"turns":1},{"damage":0,"enemies":"Time Eater","floor":50,"turns":1},{"damage":0,"enemies":"Shield and Spear","floor":54,"turns":1},{"damage":0,"enemies":"The Heart","floor":55,"turns":3}],"seed_played":"-2573765152313213224","potions_obtained":[{"floor":6.0,"key":"Block Potion"},{"floor":10.0,"key":"Guardian:BlockOnCardUsePotion"},{"floor":18.0,"key":"Block Potion"},{"floor":31.0,"key":"DistilledChaos"},{"floor":40.0,"key":"FearPotion"},{"floor":46,"key":"EssenceOfSteel"}],"is_trial":false,"path_per_floor":["M","?","?","$","M","E","R","?","T","M","$","M","M","?","R","B",null,"M","M","M","?","?","E","M","M","T","M","?","E","T","E","R","B",null,"M","?","?","?","$","E","M","E","T","?","?","M","?","E","R","B",null,"R","$","E","B",null],"character_chosen":"THE_DT","items_purchased":["AT_BladeRuinedKing","Membership Card","StrikeDummy","DTMod:BasicTextbook"],"campfire_rested":1,"item_purchase_floors":[11,39,39,39],"current_hp_per_floor":[45,45,45,45,45,45,45,45,45,45,45,45,45,45,45,44,45,45,45,45,45,45,45,45,45,45,45,45,45,45,55,55,55,55,55,55,55,55,55,55,55,55,55,55,55,55,55,55,55,55,55,55,55,55,55],"gold":123,"neow_bonus":"THREE_ENEMY_KILL","is_daily":false,"chose_seed":false,"campfire_upgraded":3,"win_rate":0.0,"timestamp":1610966072,"path_taken":["M","?","?","$","M","E","R","?","T","M","?","M","M","?","R","BOSS","M","M","?","?","?","E","?","M","T","M","?","E","?","E","R","BOSS","M","?","?","?","$","E","?","E","T","?","?","?","?","E","R","BOSS","R","$","E","BOSS"],"items_purchased_type":["Relic","Relic","Relic","Relic"],"build_version":"2020-12-22","purchased_purges":1,"victory":true,"max_hp_per_floor":[45,45,45,45,45,45,45,45,45,45,45,45,45,45,45,45,45,45,45,45,45,45,45,45,45,45,45,45,45,45,55,55,55,55,55,55,55,55,55,55,55,55,55,55,55,55,55,55,55,55,55,55,55,55,55],"relic_stats":{"Nunchaku":[12],"Mark of the Bloom":71,"counters":[27,33],"Ornamental Fan":[248],"Sundial":[0],"Nloth\u0027s Gift":11,"Smiling Mask":0,"obtain_stats":[{"Mark of the Bloom":38,"AT_ATBox":0,"ShirouKen":45,"DaveBox":0,"RhineSuit":34,"ExusiaiGun":0,"Smiling Mask":40,"Nunchaku":30,"Sundial":29,"Red Mask":44,"KeepersGift":0,"Pear":31,"NeowsBlessing":0,"Guardian:GemstoneGun":43,"BelialBook":23,"BookOfRevelations":26,"AT_BladeRuinedKing":11,"AT_SilvercatRing":42,"energizedSpire:DeadBattery":17,"SynthV:TestCard":1,"DTMod:PactStone":0,"TheBible":54,"Ornamental Fan":6,"DTMod:BasicTextbook":39,"Nloth\u0027s Gift":22,"Membership Card":39,"HushsDoor":0,"StrikeDummy":39,"Unceasing Top":48,"REME_ComplimentaryCards":0},{"Mark of the Bloom":18,"AT_ATBox":0,"ShirouKen":22,"DaveBox":0,"RhineSuit":17,"ExusiaiGun":0,"Smiling Mask":19,"Nunchaku":15,"Sundial":15,"Red Mask":21,"KeepersGift":0,"Pear":16,"NeowsBlessing":0,"Guardian:GemstoneGun":21,"BelialBook":11,"BookOfRevelations":13,"AT_BladeRuinedKing":4,"AT_SilvercatRing":21,"energizedSpire:DeadBattery":7,"SynthV:TestCard":1,"DTMod:PactStone":0,"TheBible":26,"Ornamental Fan":3,"DTMod:BasicTextbook":18,"Nloth\u0027s Gift":10,"Membership Card":18,"HushsDoor":0,"StrikeDummy":18,"Unceasing Top":24,"REME_ComplimentaryCards":0},{"Mark of the Bloom":22,"AT_ATBox":0,"ShirouKen":26,"DaveBox":0,"RhineSuit":21,"ExusiaiGun":0,"Smiling Mask":23,"Nunchaku":18,"Sundial":18,"Red Mask":25,"KeepersGift":0,"Pear":19,"NeowsBlessing":0,"Guardian:GemstoneGun":25,"BelialBook":13,"BookOfRevelations":16,"AT_BladeRuinedKing":5,"AT_SilvercatRing":25,"energizedSpire:DeadBattery":9,"SynthV:TestCard":1,"DTMod:PactStone":0,"TheBible":30,"Ornamental Fan":4,"DTMod:BasicTextbook":22,"Nloth\u0027s Gift":12,"Membership Card":22,"HushsDoor":0,"StrikeDummy":22,"Unceasing Top":28,"REME_ComplimentaryCards":0}],"Unceasing Top":[0]},"card_choices":[{"not_picked":["DTMod:Dissolve","DTMod:MasterPlan"],"picked":"DTMod:Harmonize","floor":1.0},{"not_picked":["DTMod:BlueScale","DTMod:BreakAttack","DTMod:Weaken","DTMod:Punisher","DTMod:BlazingStrike"],"picked":"SKIP","floor":5.0},{"not_picked":["DTMod:MasterPlan","DTMod:ForkedFire","DTMod:RecklessFlurry","DTMod:MagicField"],"picked":"DTMod:HeatWave","floor":6.0},{"not_picked":["DTMod:QuickFly","DTMod:Overwhelm","DTMod:BlazingStrike","DTMod:MagicField"],"picked":"DTMod:Prediction","floor":10.0},{"not_picked":["DTMod:DeepFocus","DTMod:Hide","DTMod:Weaken","DTMod:BizarreTactic"],"picked":"DTMod:ComboAttack","floor":12.0},{"not_picked":["DTMod:Weaken","DTMod:RunningTactic","DTMod:RecklessFlurry","DTMod:Feint"],"picked":"DTMod:MaximumCharge","floor":13.0},{"not_picked":["DTMod:EchoTactic","DTMod:Safeguard","DTMod:ShadowImage","DTMod:GearUp"],"picked":"DTMod:OpeningTactic","floor":16.0},{"not_picked":["DTMod:MasterPlan","DTMod:BlazingStrike+1","DTMod:Feint+1","DTMod:BurningEnergy+1"],"picked":"DTMod:ComboAttack","floor":18.0},{"not_picked":["DTMod:Haste+1","DTMod:BreakAttack","DTMod:Cover+1","DTMod:Weaken","DTMod:BizarreTactic"],"picked":"SKIP","floor":19.0},{"not_picked":["DTMod:CleansingStrike+1","DTMod:QuickFly","DTMod:MasterPlan+1","DTMod:ShieldDrain","DTMod:ForkedFire"],"picked":"SKIP","floor":20.0},{"not_picked":["DTMod:EchoTactic","DTMod:ComboAttack","DTMod:BizarreTactic","DTMod:Prediction"],"picked":"DTMod:Inferno","floor":23.0},{"not_picked":["DTMod:Hide","DTMod:BuildUp","DTMod:BalancedStrike","DTMod:Punisher+1"],"picked":"DTMod:BurningEnergy+1","floor":24.0},{"not_picked":["DTMod:FlameSlash+1","DTMod:BalancedStrike","DTMod:BlazingStrike","DTMod:Punisher"],"picked":"DTMod:Inferno","floor":25.0},{"not_picked":["DTMod:QuickFly","DTMod:BizarreTactic","DTMod:BlazingStrike","DTMod:ShadowImage"],"picked":"DTMod:Training+1","floor":27.0},{"not_picked":["DTMod:PurifyingFlame+1","DTMod:DeepFocus+1","DTMod:ComboAttack","DTMod:GhostSkin+1","DTMod:QuickFly"],"picked":"SKIP","floor":29.0},{"not_picked":["DTMod:ShieldDrain+1","DTMod:CleansingStrike","DTMod:LowKick","DTMod:Adaptation"],"picked":"DTMod:SealedStrike","floor":31.0},{"not_picked":["DTMod:GearUp","DTMod:SealedStrike","DTMod:RepeatStrike","DTMod:Prediction"],"picked":"DTMod:FierySynthesis","floor":33.0},{"not_picked":["DTMod:RecklessFlurry+1","DTMod:BizarreTactic","DTMod:BlazingStrike","DTMod:MasterPlan+1","DTMod:PurifyingFlame"],"picked":"SKIP","floor":35.0},{"not_picked":["DTMod:Safeguard","DTMod:Outburst","DTMod:Haste","DTMod:BurningEnergy","DTMod:Overwhelm"],"picked":"SKIP","floor":40.0},{"not_picked":["DTMod:FlameSlash","DTMod:CleansingStrike+1","DTMod:BlueScale+1","DTMod:HeatWave"],"picked":"DTMod:HeadStart","floor":41.0},{"not_picked":["DTMod:PurifyingFlame","DTMod:Dissolve+1","DTMod:BlazingStrike","DTMod:BuildUp+1"],"picked":"DTMod:BreakAttack","floor":42.0},{"not_picked":["DTMod:MagicField","DTMod:Feint","DTMod:Training","DTMod:RunningTactic"],"picked":"DTMod:ComboAttack","floor":46},{"not_picked":["DTMod:OpeningTactic","DTMod:TauntingStrike+1","DTMod:TriAttack","DTMod:Punisher","DTMod:InvisibleFlame"],"picked":"SKIP","floor":48},{"not_picked":["DTMod:MasterPlan+1","DTMod:BlueScale+1","DTMod:TriAttack","DTMod:GhostSkin","DTMod:QuickFly"],"picked":"SKIP","floor":54}],"player_experience":279815,"relics_obtained":[{"floor":1.0,"key":"SynthV:TestCard"},{"floor":6.0,"key":"Ornamental Fan"},{"floor":23.0,"key":"BelialBook"},{"floor":26.0,"key":"BookOfRevelations"},{"floor":29.0,"key":"Sundial"},{"floor":30.0,"key":"Nunchaku"},{"floor":31.0,"key":"Pear"},{"floor":40.0,"key":"Smiling Mask"},{"floor":42.0,"key":"AT_SilvercatRing"},{"floor":43.0,"key":"Guardian:GemstoneGun"},{"floor":45.0,"key":"ShirouKen"},{"floor":48,"key":"Unceasing Top"},{"floor":54,"key":"TheBible"}],"event_choices":[{"damage_healed":0.0,"max_hp_gain":0.0,"max_hp_loss":0.0,"gold_gain":0.0,"event_name":"The Cleric","player_choice":"Leave","floor":2.0,"gold_loss":0.0,"damage_taken":0.0},{"cards_removed":["DTMod:TargetDefense"],"damage_healed":0.0,"max_hp_gain":0.0,"max_hp_loss":0.0,"gold_gain":0.0,"event_name":"NoteForYourself","player_choice":"Took Card","floor":21.0,"gold_loss":0.0,"damage_taken":0.0,"cards_obtained":["hexamod:Strike"]},{"damage_healed":0.0,"max_hp_gain":0.0,"max_hp_loss":0.0,"gold_gain":0.0,"event_name":"N\u0027loth","player_choice":"Traded Relic","floor":22.0,"relics_lost":["NeowsBlessing"],"gold_loss":0.0,"damage_taken":0.0,"relics_obtained":["Nloth\u0027s Gift"]},{"cards_removed":["DTMod:TargetDefense"],"damage_healed":0.0,"max_hp_gain":0.0,"max_hp_loss":0.0,"gold_gain":0.0,"event_name":"Beggar","player_choice":"Gave Gold","floor":28.0,"gold_loss":75.0,"damage_taken":0.0},{"cards_removed":["DTMod:Harmonize"],"damage_healed":0.0,"max_hp_gain":0.0,"max_hp_loss":0.0,"gold_gain":0.0,"event_name":"Falling","player_choice":"Removed Power","floor":37.0,"gold_loss":0.0,"damage_taken":0.0},{"damage_healed":0.0,"max_hp_gain":0.0,"max_hp_loss":0.0,"gold_gain":0.0,"event_name":"MindBloom","player_choice":"Upgrade","floor":38.0,"gold_loss":0.0,"damage_taken":0.0,"cards_upgraded":["DTMod:Strike","DTMod:Strike","DTMod:Strike","DTMod:Strike","DTMod:DoubleHit","DTMod:TargetDefense","DTMod:TargetDefense","Unload","DTMod:HeatWave","DTMod:Prediction","DTMod:MaximumCharge","DTMod:OpeningTactic","DTMod:ComboAttack","hexamod:Strike","DTMod:Inferno","DTMod:SealedStrike","DTMod:FierySynthesis"],"relics_obtained":["Mark of the Bloom"]},{"damage_healed":0.0,"max_hp_gain":0.0,"max_hp_loss":0.0,"gold_gain":0.0,"event_name":"Tomb of Lord Red Mask","player_choice":"Paid","floor":44.0,"gold_loss":83.0,"damage_taken":0.0,"relics_obtained":["Red Mask"]},{"damage_healed":0.0,"max_hp_gain":0.0,"max_hp_loss":0.0,"gold_gain":0.0,"event_name":"Mysterious Sphere","player_choice":"Fight","floor":45.0,"gold_loss":0.0,"damage_taken":0.0},{"damage_healed":0,"gold_gain":0,"player_choice":"Forge","damage_taken":0,"max_hp_gain":0,"max_hp_loss":0,"event_name":"Accursed Blacksmith","floor":47,"gold_loss":0,"cards_upgraded":["DTMod:ComboAttack"]}],"is_beta":false,"boss_relics":[{"not_picked":["Runic Pyramid","SacredBark"],"picked":"energizedSpire:DeadBattery"},{"not_picked":[]},{"not_picked":["REME_DemonsWealth","REME_DuelDisc"],"picked":"RhineSuit"},{"not_picked":[]}],"items_purged_floors":[39],"is_endless":false,"potions_floor_spawned":[6,10,18,24,27,29,31,40,46,48],"ascension_level":0}}