{"host":"qgrlfjrqk9z96gfi","time":1610933337,"event":{"mods":["BaseMod","Block Reminder","Colored Map","Custom Start","DeckTracker","Minty Spire (QoL Compilation)"],"gold_per_floor":[118,193,193,217,217,260,276,276,300,631,631,651,62,62,62,155,155,178,211,211,10,35,35,58,91,117,117,148,148,23,67,67,162,162,176,60,124,457,457,486,514,360,360,17,17,52,52,65,65,65,65,65],"floor_reached":51,"language":"ENG","playtime":2238,"items_purged":["Strike_G","Strike_G","Strike_G"],"score":1811,"play_id":"69e89d26-6a78-49df-90a3-fc422763534e","local_time":"20210117152857","is_ascension_mode":true,"campfire_choices":[{"data":"Poisoned Stab","floor":8.0,"key":"SMITH"},{"data":"Adrenaline","floor":11.0,"key":"SMITH"},{"data":"Accuracy","floor":15.0,"key":"SMITH"},{"floor":23.0,"key":"REST"},{"floor":29.0,"key":"REST"},{"floor":32.0,"key":"REST"},{"floor":45.0,"key":"RECALL"},{"floor":47.0,"key":"REST"},{"floor":49.0,"key":"REST"}],"circlet_count":0,"master_deck":["AscendersBane","Defend_G","Defend_G","Defend_G","Defend_G","Defend_G","Survivor","Neutralize","Blade Dance","Slice","Burst","Poisoned Stab+1","PiercingWail","Adrenaline+1","Accuracy+1","Blade Dance","Infinite Blades","Deflect+1","Die Die Die","Backstab","Finisher","Backflip+1","Outmaneuver+1","Acrobatics+1","Wraith Form v2","PiercingWail+1","Endless Agony+1","Concentrate+1","Bullet Time+1","Cloak And Dagger+1","Blade Dance+1","Finisher","Blur+1","Venomology+1","Footwork"],"relics":["Ring of the Snake","NeowsBlessing","Art of War","MealTicket","Old Coin","Toxic Egg 2","Fusion Hammer","Red Mask","Anchor","Oddly Smooth Stone","FossilizedHelix","Ninja Scroll","Empty Cage","WingedGreaves","Letter Opener","Darkstone Periapt","Molten Egg 2","Du-Vu Doll","Akabeko"],"acts_visited":["Exordium","TheCity","TheBeyond"],"potions_floor_usage":[50,50,51],"damage_taken":[{"damage":0.0,"enemies":"Small Slimes","floor":1.0,"turns":1.0},{"damage":0.0,"enemies":"Cultist","floor":4.0,"turns":1.0},{"damage":0.0,"enemies":"Lagavulin","floor":6.0,"turns":1.0},{"damage":2.0,"enemies":"Jaw Worm","floor":7.0,"turns":5.0},{"damage":0.0,"enemies":"Gremlin Nob","floor":10.0,"turns":3.0},{"damage":11.0,"enemies":"Exordium Thugs","floor":12.0,"turns":6.0},{"damage":21.0,"enemies":"Hexaghost","floor":16.0,"turns":8.0},{"damage":22.0,"enemies":"Shell Parasite","floor":18.0,"turns":5.0},{"damage":34.0,"enemies":"Masked Bandits","floor":19.0,"turns":4.0},{"damage":0.0,"enemies":"Chosen","floor":22.0,"turns":4.0},{"damage":18.0,"enemies":"3 Cultists","floor":24.0,"turns":4.0},{"damage":11.0,"enemies":"Slavers","floor":25.0,"turns":5.0},{"damage":13.0,"enemies":"Gremlin Leader","floor":28.0,"turns":4.0},{"damage":0.0,"enemies":"Slavers","floor":31.0,"turns":5.0},{"damage":42.0,"enemies":"Champ","floor":33.0,"turns":12.0},{"damage":7.0,"enemies":"3 Shapes","floor":35.0,"turns":8.0},{"damage":9.0,"enemies":"2 Orb Walkers","floor":37.0,"turns":5.0},{"damage":0.0,"enemies":"Reptomancer","floor":40.0,"turns":4.0},{"damage":0.0,"enemies":"Giant Head","floor":41.0,"turns":6.0},{"damage":24.0,"enemies":"Nemesis","floor":46.0,"turns":5.0},{"damage":0.0,"enemies":"3 Darklings","floor":48.0,"turns":4.0},{"damage":19,"enemies":"Donu and Deca","floor":50,"turns":9},{"damage":47,"enemies":"Time Eater","floor":51,"turns":4}],"seed_played":"-86157028335005494","potions_obtained":[{"floor":6.0,"key":"Poison Potion"},{"floor":16.0,"key":"LiquidBronze"},{"floor":22.0,"key":"LiquidBronze"},{"floor":25.0,"key":"BlessingOfTheForge"},{"floor":27.0,"key":"FearPotion"},{"floor":31.0,"key":"Dexterity Potion"},{"floor":33.0,"key":"Block Potion"},{"floor":37.0,"key":"EntropicBrew"},{"floor":40.0,"key":"CunningPotion"},{"floor":48.0,"key":"SteroidPotion"}],"is_trial":false,"path_per_floor":["M","?","?","M","?","E","M","R","T","E","R","M","$","?","R","B",null,"M","?","?","$","M","R","M","E","T","?","E","R","$","E","R","B",null,"M","$","?","?","?","E","E","$","T","$","R","E","R","M","R","B","B"],"character_chosen":"THE_SILENT","items_purchased":["Blade Dance","Infinite Blades","Toxic Egg 2","PowerPotion","Deflect+1","Backflip+1","Outmaneuver+1","CultistPotion","Venomology+1","Du-Vu Doll"],"campfire_rested":5,"item_purchase_floors":[13,13,13,13,13,21,21,36,42,44],"current_hp_per_floor":[59,48,48,48,48,48,46,46,46,46,46,35,50,55,55,34,57,35,1,14,29,29,48,30,19,19,19,6,25,40,40,59,17,53,46,61,52,52,52,52,52,62,62,62,62,38,56,56,62,43,0,0],"gold":65,"neow_bonus":"THREE_ENEMY_KILL","is_daily":false,"chose_seed":false,"campfire_upgraded":3,"win_rate":0.0,"timestamp":1610933337,"path_taken":["M","?","?","M","?","E","?","R","T","E","R","M","?","?","R","BOSS","M","?","?","$","?","R","M","E","T","?","E","R","$","E","R","BOSS","M","$","?","?","?","E","E","$","T","?","R","E","R","?","R","BOSS","BOSS"],"items_purchased_type":["Card","Card","Relic","Potion","Card","Card","Card","Potion","Card","Relic"],"build_version":"2020-12-22","purchased_purges":3,"victory":false,"max_hp_per_floor":[66,66,60,60,60,60,60,60,60,60,60,60,60,65,65,65,65,65,65,65,65,65,65,65,65,65,65,65,65,65,65,65,65,65,65,65,65,65,62,62,62,62,62,62,62,62,62,62,62,62,62,62],"card_choices":[{"not_picked":["Flying Knee","Dash"],"picked":"Blade Dance","floor":1.0},{"not_picked":["Dagger Throw","Sucker Punch"],"picked":"Slice","floor":4.0},{"not_picked":["Flying Knee","Quick Slash"],"picked":"Poisoned Stab","floor":6.0},{"not_picked":["Well Laid Plans","Outmaneuver"],"picked":"PiercingWail","floor":7.0},{"not_picked":["Poisoned Stab","Cloak And Dagger"],"picked":"Adrenaline","floor":10.0},{"not_picked":["Quick Slash","Noxious Fumes"],"picked":"Accuracy","floor":12.0},{"not_picked":["Grand Finale","Malaise+1"],"picked":"Die Die Die","floor":16.0},{"not_picked":["Sucker Punch","Deflect+1"],"picked":"Backstab","floor":18.0},{"not_picked":["Prepared+1","Cloak And Dagger+1"],"picked":"Finisher","floor":19.0},{"not_picked":["Quick Slash","Underhanded Strike"],"picked":"Acrobatics+1","floor":22.0},{"not_picked":["Heel Hook+1","Poisoned Stab"],"picked":"Wraith Form v2","floor":24.0},{"not_picked":["Dodge and Roll+1","Flying Knee"],"picked":"PiercingWail+1","floor":25.0},{"not_picked":["Expertise+1","Finisher"],"picked":"Endless Agony+1","floor":28.0},{"not_picked":["Underhanded Strike","Escape Plan+1"],"picked":"Concentrate+1","floor":31.0},{"not_picked":["Die Die Die","Doppelganger+1"],"picked":"Bullet Time+1","floor":33.0},{"not_picked":["Blade Dance+1","Sucker Punch"],"picked":"Cloak And Dagger+1","floor":35.0},{"not_picked":["Prepared+1","Endless Agony"],"picked":"Blade Dance+1","floor":37.0},{"not_picked":["Backflip+1","Setup+1"],"picked":"Finisher","floor":40.0},{"not_picked":["Catalyst+1","Adrenaline+1"],"picked":"Blur+1","floor":41.0},{"not_picked":["Leg Sweep+1","Dodge and Roll+1"],"picked":"Footwork","floor":46.0},{"not_picked":["Dagger Spray+1","Catalyst+1","Heel Hook+1"],"picked":"SKIP","floor":48.0}],"player_experience":1021146,"relics_obtained":[{"floor":6.0,"key":"Art of War"},{"floor":9.0,"key":"MealTicket"},{"floor":10.0,"key":"Old Coin"},{"floor":19.0,"key":"Red Mask"},{"floor":25.0,"key":"Anchor"},{"floor":26.0,"key":"Oddly Smooth Stone"},{"floor":28.0,"key":"FossilizedHelix"},{"floor":31.0,"key":"Ninja Scroll"},{"floor":37.0,"key":"WingedGreaves"},{"floor":40.0,"key":"Letter Opener"},{"floor":41.0,"key":"Darkstone Periapt"},{"floor":43.0,"key":"Molten Egg 2"},{"floor":46.0,"key":"Akabeko"}],"event_choices":[{"damage_healed":0.0,"max_hp_gain":0.0,"max_hp_loss":0.0,"gold_gain":75.0,"event_name":"World of Goop","player_choice":"Gather Gold","floor":2.0,"gold_loss":0.0,"damage_taken":11.0},{"damage_healed":0.0,"max_hp_gain":0.0,"max_hp_loss":6.0,"gold_gain":0.0,"event_name":"Golden Idol","player_choice":"Lose Max HP","floor":3.0,"gold_loss":0.0,"damage_taken":0.0,"relics_obtained":["Golden Idol"]},{"damage_healed":0.0,"max_hp_gain":0.0,"max_hp_loss":0.0,"gold_gain":0.0,"event_name":"Match and Keep!","player_choice":"1 cards matched","floor":5.0,"gold_loss":0.0,"damage_taken":0.0,"cards_obtained":["Burst"]},{"damage_healed":0.0,"max_hp_gain":5.0,"max_hp_loss":0.0,"gold_gain":0.0,"event_name":"Big Fish","player_choice":"Donut","floor":14.0,"gold_loss":0.0,"damage_taken":0.0},{"damage_healed":0.0,"max_hp_gain":0.0,"max_hp_loss":0.0,"gold_gain":0.0,"event_name":"Masked Bandits","player_choice":"Fought Bandits","floor":19.0,"gold_loss":0.0,"damage_taken":0.0},{"damage_healed":13.0,"max_hp_gain":0.0,"max_hp_loss":0.0,"gold_gain":0.0,"event_name":"The Library","player_choice":"Heal","floor":20.0,"gold_loss":0.0,"damage_taken":0.0},{"damage_healed":0.0,"max_hp_gain":0.0,"max_hp_loss":0.0,"gold_gain":0.0,"event_name":"Lab","player_choice":"Got Potions","floor":27.0,"gold_loss":0.0,"damage_taken":0.0},{"damage_healed":0.0,"max_hp_gain":0.0,"max_hp_loss":0.0,"gold_gain":0.0,"event_name":"Mysterious Sphere","player_choice":"Fight","floor":37.0,"gold_loss":0.0,"damage_taken":0.0},{"damage_healed":0.0,"max_hp_gain":0.0,"max_hp_loss":0.0,"gold_gain":333.0,"event_name":"The Moai Head","player_choice":"Gave Idol","floor":38.0,"relics_lost":["Golden Idol"],"gold_loss":0.0,"damage_taken":0.0},{"damage_healed":0.0,"max_hp_gain":0.0,"max_hp_loss":3.0,"gold_gain":0.0,"event_name":"Winding Halls","player_choice":"Max HP","floor":39.0,"gold_loss":0.0,"damage_taken":0.0}],"is_beta":false,"boss_relics":[{"not_picked":["Busted Crown","Snecko Eye"],"picked":"Fusion Hammer"},{"not_picked":["Tiny House","Black Star"],"picked":"Empty Cage"}],"items_purged_floors":[13,21,30],"is_endless":false,"potions_floor_spawned":[6,16,22,24,25,31,33,37,40,48],"killed_by":"Time Eater","ascension_level":20}}