{"host":"jt62yzdgnrkmwwqv","time":1610961306,"event":{"mods":["AchievementEnabler","Arknights The Spire","BaseMod","CapriCore","Colored Map","Colored Powertips","GungeonMod","Lobotomy","LobotomyExtend","Minty Spire (QoL Compilation)","Replay The Spire","StSLib","SuperFastMode","The Dragon Tamer"],"gold_per_floor":[113,133,57,68,153,153,180,180,258,276,327,304,337,189,189,289,289,305,305,62,81,81,81,81],"floor_reached":23,"language":"KOR","playtime":703,"items_purged":["ats:Strike C","ats:Strike S"],"score":197,"play_id":"a1203cbe-a0f0-43e1-9769-da1731104ed8","local_time":"20210118181506","is_ascension_mode":false,"campfire_choices":[{"floor":6,"key":"REST"},{"floor":15,"key":"REST"}],"circlet_count":0,"master_deck":["ats:Armor Crushing Shot","ats:Defend","ats:Defend","ats:Assault Order","ats:Blood Oath","ats:Blood Oath","ats:Leaping Hammer","ats:Assault Order","ats:Automatic Cover","ats:Hammer On","ats:Hammer On","ats:Demon Strength","Flash of Steel","ats:Disruption Kick","ats:Collapsing Strike+1","ats:Blood Oath","ats:Calcification","ats:Shell Defense","ats:Calcification"],"relics":["ats:Sanity Plus","LetterFromLob","ats:Originium","ats:Spiritual Recovery","DemoMod:DecoyRelic","Smiling Mask","Blue Doll"],"acts_visited":["Exordium","TheCity"],"potions_floor_usage":[16,16,23],"damage_taken":[{"damage":7,"enemies":"Jaw Worm","floor":1,"turns":4},{"damage":0,"enemies":"2 Louse","floor":2,"turns":3},{"damage":0,"enemies":"Small Slimes","floor":4,"turns":3},{"damage":49,"enemies":"Lagavulin","floor":7,"turns":7},{"damage":24,"enemies":"Gremlin Gang","floor":10,"turns":5},{"damage":29,"enemies":"3 Sentries","floor":13,"turns":7},{"damage":39,"enemies":"The Guardian","floor":16,"turns":8},{"damage":3,"enemies":"3 Byrds","floor":18,"turns":5},{"damage":34,"enemies":"2 Thieves","floor":21,"turns":4},{"damage":63,"enemies":"Gremlin Leader","floor":23,"turns":4}],"seed_played":"7964274397294046867","potions_obtained":[{"floor":1,"key":"FearPotion"},{"floor":2,"key":"SpeedPotion"},{"floor":7,"key":"SteroidPotion"},{"floor":21,"key":"Block Potion"}],"is_trial":false,"path_per_floor":["M","M","$","M","?","R","E","?","T","M","?","?","E","$","R","B",null,"M","M","$","M","?","E"],"character_chosen":"DOCTOR_CLASS","items_purchased":["ats:Blood Oath","Flash of Steel","Blue Doll","ats:Blood Oath"],"campfire_rested":2,"item_purchase_floors":[3,14,20,20],"current_hp_per_floor":[65,65,65,71,43,64,27,47,47,35,35,35,18,18,39,15,72,72,72,72,47,47,0,0],"gold":81,"neow_bonus":"ONE_RANDOM_RARE_CARD","is_daily":false,"chose_seed":false,"campfire_upgraded":0,"win_rate":0.0,"timestamp":1610961306,"path_taken":["M","M","$","M","?","R","E","?","T","M","?","?","E","$","R","BOSS","M","M","$","M","?","E"],"items_purchased_type":["Card","Card","Relic","Card"],"build_version":"2020-12-22","purchased_purges":2,"victory":false,"max_hp_per_floor":[72,72,72,72,72,72,72,72,72,72,72,72,72,72,72,72,72,72,72,72,72,72,72,72],"card_choices":[{"not_picked":["ats:Guardian Obelisk","ats:Poison Spread"],"picked":"ats:Assault Order","floor":1},{"not_picked":["ats:Hook Shot","ats:Song Of Battle"],"picked":"ats:Blood Oath","floor":2},{"not_picked":["ats:Childhood Dance","ats:Consecutive Shot Auto"],"picked":"ats:Leaping Hammer","floor":4},{"not_picked":["ats:Curse Doll","ats:Childhood Dance"],"picked":"ats:Assault Order","floor":5},{"not_picked":["ats:Directed Diagnosis","ats:Rat Pack"],"picked":"ats:Automatic Cover","floor":5},{"not_picked":["ats:Cat Scratch","ats:Childhood Dance"],"picked":"ats:Hammer On","floor":5},{"not_picked":["ats:Consecutive Shot Auto","ats:Counter Healing Mode","ats:Ambush"],"picked":"SKIP","floor":7},{"not_picked":["ats:Shadow Raid","ats:Consecutive Shot Auto"],"picked":"ats:Hammer On","floor":10},{"not_picked":["ats:Ignite","ats:Hook Shot"],"picked":"ats:Demon Strength","floor":13},{"not_picked":["ats:Ambush","ats:Dogmatic Field"],"picked":"ats:Disruption Kick","floor":16},{"not_picked":["ats:Revitalization+1","ats:Shell Defense"],"picked":"ats:Collapsing Strike+1","floor":18},{"not_picked":["ats:Poison Spread","ats:Directed Diagnosis+1"],"picked":"ats:Calcification","floor":21}],"player_experience":177909,"relics_obtained":[{"floor":1,"key":"LetterFromLob"},{"floor":7,"key":"ats:Originium"},{"floor":7,"key":"ats:Spiritual Recovery"},{"floor":9,"key":"DemoMod:DecoyRelic"},{"floor":13,"key":"ats:Originium"},{"floor":13,"key":"Smiling Mask"}],"event_choices":[{"damage_healed":0,"gold_gain":51,"player_choice":"Gained Gold","damage_taken":0,"max_hp_gain":0,"max_hp_loss":0,"event_name":"Golden Wing","floor":11,"gold_loss":0},{"damage_healed":0,"gold_gain":0,"player_choice":"Left Gold","damage_taken":0,"max_hp_gain":0,"max_hp_loss":0,"event_name":"World of Goop","floor":12,"gold_loss":23},{"damage_healed":0,"gold_gain":0,"player_choice":"2 cards matched","damage_taken":0,"max_hp_gain":0,"max_hp_loss":0,"event_name":"Match and Keep!","floor":22,"gold_loss":0,"cards_obtained":["ats:Shell Defense","ats:Calcification"]}],"is_beta":false,"boss_relics":[{"not_picked":["ReplayTheSpireMod:DimensionalGlitch","Ring of Chaos"],"picked":"ats:Sanity Plus"}],"items_purged_floors":[14,20],"is_endless":false,"potions_floor_spawned":[1,2,7,21],"killed_by":"Gremlin Leader","ascension_level":0}}