{"host":"aqym1xxr3lb31d9m","time":1610950752,"event":{"mods":["BaseMod","Block Reminder","Colored Map","Colored Powertips","DeckTracker","Highlight Path","Minty Spire (QoL Compilation)","Quick Restart","Random Character Button","StSLib","SuperFastMode","UnlockEverythingMod"],"gold_per_floor":[117,136,49,199,199,199,227,246,246,246,266,276,276,309,309,385,385,396,429,444,444,444,444,444],"floor_reached":23,"language":"JPN","playtime":6264,"items_purged":[],"score":398,"play_id":"94bd2dfc-95b8-4691-aff3-3986981a9267","local_time":"20210118151912","is_ascension_mode":true,"campfire_choices":[{"data":"All Out Attack","floor":6.0,"key":"SMITH"},{"data":"Deadly Poison","floor":10,"key":"SMITH"},{"data":"Neutralize","floor":13,"key":"SMITH"},{"floor":15,"key":"REST"}],"circlet_count":0,"master_deck":["AscendersBane","Strike_G","Strike_G","Strike_G","Strike_G","Defend_G","Defend_G","Defend_G","Defend_G","Survivor","Neutralize+1","Underhanded Strike","Setup","All Out Attack+1","Deadly Poison+1","Noxious Fumes","Backstab","Deadly Poison","Backflip","Bouncing Flask","After Image","Backstab","Poisoned Stab+1","Leg Sweep+1","Ghostly","Ghostly","Ghostly"],"relics":["Ring of the Snake","Art of War","Dead Branch","HoveringKite","Red Mask"],"acts_visited":["Exordium","TheCity"],"potions_floor_usage":[14,16,20],"damage_taken":[{"damage":0.0,"enemies":"2 Louse","floor":1.0,"turns":5.0},{"damage":7.0,"enemies":"Small Slimes","floor":2.0,"turns":3.0},{"damage":10.0,"enemies":"3 Sentries","floor":7.0,"turns":5.0},{"damage":0.0,"enemies":"Cultist","floor":8.0,"turns":2.0},{"damage":0,"enemies":"Exordium Wildlife","floor":11,"turns":2},{"damage":12,"enemies":"3 Louse","floor":12,"turns":3},{"damage":28,"enemies":"Gremlin Nob","floor":14,"turns":4},{"damage":15,"enemies":"The Guardian","floor":16,"turns":8},{"damage":2,"enemies":"Chosen","floor":18,"turns":5},{"damage":33,"enemies":"Masked Bandits","floor":19,"turns":4},{"damage":10,"enemies":"Shell Parasite","floor":20,"turns":6},{"damage":16,"enemies":"Book of Stabbing","floor":23,"turns":5}],"seed_played":"-5120805762178787615","potions_obtained":[{"floor":1.0,"key":"PowerPotion"},{"floor":2.0,"key":"Weak Potion"},{"floor":11,"key":"AttackPotion"},{"floor":14,"key":"SneckoOil"},{"floor":18,"key":"Regen Potion"}],"is_trial":false,"path_per_floor":["M","M","$","?","?","R","E","M","T","R","M","M","R","E","R","B",null,"M","?","M","?","?","E"],"character_chosen":"THE_SILENT","items_purchased":["Noxious Fumes"],"campfire_rested":1,"item_purchase_floors":[3],"current_hp_per_floor":[59,52,52,52,52,52,42,42,42,42,42,30,30,2,20,5,46,44,11,16,16,16,0,0],"gold":444,"neow_bonus":"TRANSFORM_TWO_CARDS","is_daily":false,"chose_seed":false,"campfire_upgraded":3,"win_rate":0.0,"timestamp":1610950752,"path_taken":["M","M","$","?","?","R","E","M","T","R","M","?","R","E","R","BOSS","M","?","M","?","?","E"],"items_purchased_type":["Card"],"build_version":"2020-12-22","purchased_purges":0,"victory":false,"max_hp_per_floor":[60,60,60,60,60,60,60,60,60,60,60,60,60,60,60,60,60,60,60,60,60,30,30,30],"card_choices":[{"not_picked":["Reflex","Backflip"],"picked":"All Out Attack","floor":1.0},{"not_picked":["Quick Slash","Blade Dance"],"picked":"Deadly Poison","floor":2.0},{"not_picked":["Outmaneuver","Quick Slash"],"picked":"Backstab","floor":7.0},{"not_picked":["Expertise","Backflip"],"picked":"Deadly Poison","floor":8.0},{"not_picked":["Underhanded Strike","Dodge and Roll","Blade Dance"],"picked":"SKIP","floor":11},{"not_picked":["Flying Knee","Dodge and Roll"],"picked":"Backflip","floor":12},{"not_picked":["Night Terror","Heel Hook"],"picked":"Bouncing Flask","floor":14},{"not_picked":["Doppelganger","Malaise"],"picked":"After Image","floor":16},{"not_picked":["Flying Knee+1","Deflect"],"picked":"Backstab","floor":18},{"not_picked":["Dagger Spray","Bane"],"picked":"Poisoned Stab+1","floor":19},{"not_picked":["Skewer","Blade Dance"],"picked":"Leg Sweep+1","floor":20}],"player_experience":3930689,"relics_obtained":[{"floor":7.0,"key":"Art of War"},{"floor":14,"key":"Dead Branch"},{"floor":19,"key":"Red Mask"}],"event_choices":[{"damage_healed":0.0,"max_hp_gain":0.0,"max_hp_loss":0.0,"gold_gain":150.0,"event_name":"Liars Game","player_choice":"AGREE","floor":4.0,"gold_loss":0.0,"damage_taken":0.0,"cards_obtained":["Doubt"]},{"cards_removed":["Doubt"],"damage_healed":0.0,"max_hp_gain":0.0,"max_hp_loss":0.0,"gold_gain":0.0,"event_name":"Purifier","player_choice":"Purged","floor":5.0,"gold_loss":0.0,"damage_taken":0.0},{"damage_healed":0,"gold_gain":0,"player_choice":"Fought Bandits","damage_taken":0,"max_hp_gain":0,"max_hp_loss":0,"event_name":"Masked Bandits","floor":19,"gold_loss":0},{"damage_healed":0,"gold_gain":0,"player_choice":"Ignored","damage_taken":0,"max_hp_gain":0,"max_hp_loss":0,"event_name":"Vampires","floor":21,"gold_loss":0},{"damage_healed":0,"gold_gain":0,"player_choice":"Became a Ghost","damage_taken":0,"max_hp_gain":0,"max_hp_loss":30,"event_name":"Ghosts","floor":22,"gold_loss":0,"cards_obtained":["Ghostly","Ghostly","Ghostly"]}],"is_beta":false,"boss_relics":[{"not_picked":["SlaversCollar","Velvet Choker"],"picked":"HoveringKite"}],"items_purged_floors":[],"is_endless":false,"potions_floor_spawned":[1,2,11,12,14,18],"killed_by":"Book of Stabbing","ascension_level":20}}