{"host":"fevvm7bbzuh4s1jc","time":1610930414,"event":{"mods":["BaseMod","Highlight Path","Minty Spire (QoL Compilation)","Relic Stats"],"gold_per_floor":[12,12,36,52,72,103,103,116,168,187,223,223,263,284,284,382,382,407,425,450,473,473,517,517,560,560,581,581,43,63,63,63,159,159,179,243,256,256,589,619,639,653,653,314,345,345,356,391,391,391,391,391,391,3,32,32],"floor_reached":57,"language":"ENG","playtime":5449,"items_purged":["Doubt","Strike_P"],"score":3787,"play_id":"b85120ab-d921-438d-9d67-34b117e3ce64","local_time":"20210117194014","is_ascension_mode":true,"campfire_choices":[{"data":"EmptyFist","floor":7.0,"key":"SMITH"},{"data":"Vault","floor":15.0,"key":"SMITH"},{"data":"Tantrum","floor":24.0,"key":"SMITH"},{"data":"Omniscience","floor":28.0,"key":"SMITH"},{"data":"WaveOfTheHand","floor":32.0,"key":"SMITH"},{"floor":46.0,"key":"RECALL"},{"data":"CutThroughFate","floor":49.0,"key":"SMITH"},{"data":"Study","floor":53.0,"key":"SMITH"}],"circlet_count":0,"master_deck":["AscendersBane","Strike_P","Strike_P","Defend_P","Defend_P+1","Defend_P","Defend_P","Eruption","Vigilance","EmptyFist+1","Prostrate+1","JustLucky","BattleHymn","Vault+1","BowlingBash","Tantrum+1","Prostrate","EmptyBody","DevaForm","EmptyMind","InnerPeace+1","Study+1","MentalFortress+1","Omniscience+1","Adaptation+1","Omniscience+1","Wallop","CutThroughFate+1","WaveOfTheHand+1","Devotion+1","Wallop","Fasting2+1","Sanctity+1"],"relics":["PureWater","Thread and Needle","TeardropLocket","Damaru","Bottled Flame","War Paint","Cursed Key","MutagenicStrength","Frozen Egg 2","HornCleat","Bag of Preparation","DollysMirror","SlaversCollar","Bird Faced Urn","PreservedInsect","Sling","MealTicket","Sundial","OrangePellets","Centennial Puzzle","Toy Ornithopter"],"acts_visited":["TheCity","TheBeyond","TheEnding"],"potions_floor_usage":[56,56],"damage_taken":[{"damage":0.0,"enemies":"Small Slimes","floor":1.0,"turns":3.0},{"damage":0.0,"enemies":"2 Louse","floor":3.0,"turns":3.0},{"damage":3.0,"enemies":"Jaw Worm","floor":4.0,"turns":3.0},{"damage":1.0,"enemies":"Large Slime","floor":5.0,"turns":5.0},{"damage":1.0,"enemies":"3 Sentries","floor":6.0,"turns":5.0},{"damage":7.0,"enemies":"Exordium Wildlife","floor":8.0,"turns":4.0},{"damage":0.0,"enemies":"Blue Slaver","floor":10.0,"turns":2.0},{"damage":0.0,"enemies":"Lagavulin","floor":11.0,"turns":5.0},{"damage":0.0,"enemies":"Gremlin Nob","floor":13.0,"turns":2.0},{"damage":0.0,"enemies":"3 Louse","floor":14.0,"turns":2.0},{"damage":0.0,"enemies":"The Guardian","floor":16.0,"turns":6.0},{"damage":4.0,"enemies":"Shell Parasite","floor":18.0,"turns":5.0},{"damage":0.0,"enemies":"Chosen","floor":19.0,"turns":3.0},{"damage":0.0,"enemies":"Centurion and Healer","floor":20.0,"turns":5.0},{"damage":22.0,"enemies":"Snake Plant","floor":21.0,"turns":5.0},{"damage":8.0,"enemies":"Gremlin Leader","floor":23.0,"turns":5.0},{"damage":5.0,"enemies":"Slavers","floor":25.0,"turns":5.0},{"damage":4.0,"enemies":"Cultist and Chosen","floor":27.0,"turns":4.0},{"damage":0.0,"enemies":"3 Cultists","floor":30.0,"turns":1.0},{"damage":0.0,"enemies":"Champ","floor":33.0,"turns":7.0},{"damage":0.0,"enemies":"Orb Walker","floor":35.0,"turns":2.0},{"damage":0.0,"enemies":"2 Orb Walkers","floor":36.0,"turns":1.0},{"damage":0.0,"enemies":"3 Darklings","floor":37.0,"turns":3.0},{"damage":0.0,"enemies":"Giant Head","floor":40.0,"turns":6.0},{"damage":0.0,"enemies":"Transient","floor":41.0,"turns":6.0},{"damage":0.0,"enemies":"Spire Growth","floor":42.0,"turns":3.0},{"damage":11.0,"enemies":"Reptomancer","floor":45.0,"turns":5.0},{"damage":0.0,"enemies":"Jaw Worm Horde","floor":47.0,"turns":4.0},{"damage":0.0,"enemies":"Nemesis","floor":48.0,"turns":6.0},{"damage":2.0,"enemies":"Time Eater","floor":50.0,"turns":8.0},{"damage":35.0,"enemies":"Awakened One","floor":51.0,"turns":9.0},{"damage":0.0,"enemies":"Shield and Spear","floor":55.0,"turns":4.0},{"damage":60,"enemies":"The Heart","floor":56,"turns":7}],"seed_played":"-7726640134489506219","potions_obtained":[{"floor":4.0,"key":"FearPotion"},{"floor":6.0,"key":"SteroidPotion"},{"floor":11.0,"key":"Regen Potion"},{"floor":14.0,"key":"BottledMiracle"},{"floor":16.0,"key":"EssenceOfSteel"},{"floor":19.0,"key":"Block Potion"},{"floor":21.0,"key":"Dexterity Potion"},{"floor":27.0,"key":"DuplicationPotion"},{"floor":41.0,"key":"ColorlessPotion"}],"is_trial":false,"path_per_floor":["M","?","M","M","M","E","R","M","T","M","E","?","E","M","R","B",null,"M","M","M","M","?","E","R","E","T","M","R","$","M","?","R","B",null,"M","?","M","?","?","E","M","M","T","$","E","R","M","E","R","B","B",null,"R","$","E","B",null],"character_chosen":"WATCHER","items_purchased":["Bag of Preparation","DollysMirror","Wallop","CutThroughFate","Sling","Ancient Potion","OrangePellets","Centennial Puzzle","SpeedPotion"],"campfire_rested":0,"item_purchase_floors":[29,29,29,29,44,44,54,54,54],"current_hp_per_floor":[61,61,61,58,57,56,56,49,49,49,49,49,49,49,49,49,59,55,55,55,47,47,39,39,34,34,30,30,30,30,30,30,30,54,54,54,58,58,58,59,59,59,59,59,58,58,59,59,59,59,30,52,52,59,59,9],"gold":32,"neow_bonus":"ONE_RARE_RELIC","is_daily":false,"chose_seed":false,"campfire_upgraded":7,"win_rate":0.0,"timestamp":1610930414,"path_taken":["M","?","M","M","M","E","R","M","T","M","E","?","E","M","R","BOSS","M","M","M","M","?","E","R","E","T","M","R","$","M","?","R","BOSS","M","?","M","?","?","E","M","M","T","$","E","R","M","E","R","BOSS","BOSS","R","$","E","BOSS"],"items_purchased_type":["Relic","Relic","Card","Card","Relic","Potion","Relic","Relic","Potion"],"build_version":"2020-12-22","purchased_purges":2,"victory":true,"max_hp_per_floor":[68,62,62,62,62,62,62,62,62,62,62,62,62,62,62,62,62,62,62,62,62,62,62,62,62,62,62,62,62,62,62,62,62,62,62,62,62,59,59,59,59,59,59,59,59,59,59,59,59,59,59,59,59,59,59,59],"relic_stats":{"OrangePellets":[7],"Centennial Puzzle":[3],"counters":[33,144],"Sundial":[2],"Bird Faced Urn":[34],"MealTicket":7,"PreservedInsect":189,"Bag of Preparation":[30],"War Paint":["Defend_P","Prostrate"],"Cursed Key":1,"obtain_stats":[{"Golden Idol":2,"Damaru":9,"Thread and Needle":0,"PreservedInsect":40,"Bag of Preparation":29,"TeardropLocket":6,"War Paint":13,"Frozen Egg 2":23,"Cursed Key":17,"Sling":44,"SlaversCollar":34,"OrangePellets":54,"Bottled Flame":11,"Centennial Puzzle":54,"HornCleat":25,"DollysMirror":29,"Sundial":48,"MutagenicStrength":22,"Bird Faced Urn":36,"MealTicket":45,"PureWater":0,"Toy Ornithopter":55},{"Golden Idol":1,"Damaru":6,"Thread and Needle":0,"PreservedInsect":24,"Bag of Preparation":18,"TeardropLocket":5,"War Paint":9,"Frozen Egg 2":16,"Cursed Key":11,"Sling":26,"SlaversCollar":20,"OrangePellets":31,"Bottled Flame":8,"Centennial Puzzle":31,"HornCleat":17,"DollysMirror":18,"Sundial":29,"MutagenicStrength":15,"Bird Faced Urn":22,"MealTicket":27,"PureWater":0,"Toy Ornithopter":32},{"Golden Idol":3,"Damaru":23,"Thread and Needle":0,"PreservedInsect":92,"Bag of Preparation":72,"TeardropLocket":19,"War Paint":32,"Frozen Egg 2":63,"Cursed Key":40,"Sling":101,"SlaversCollar":80,"OrangePellets":133,"Bottled Flame":30,"Centennial Puzzle":133,"HornCleat":68,"DollysMirror":72,"Sundial":116,"MutagenicStrength":58,"Bird Faced Urn":83,"MealTicket":106,"PureWater":0,"Toy Ornithopter":137}],"Toy Ornithopter":0},"card_choices":[{"not_picked":["SandsOfTime","WindmillStrike"],"picked":"EmptyFist","floor":1.0},{"not_picked":["Fasting2","Pray"],"picked":"Prostrate","floor":3.0},{"not_picked":["ThirdEye","Study"],"picked":"JustLucky","floor":4.0},{"not_picked":["EmptyBody","WaveOfTheHand"],"picked":"BattleHymn","floor":5.0},{"not_picked":["WaveOfTheHand","ForeignInfluence"],"picked":"Vault","floor":6.0},{"not_picked":["Halt","EmptyFist","CrushJoints"],"picked":"SKIP","floor":8.0},{"not_picked":["WindmillStrike","EmptyBody"],"picked":"BowlingBash","floor":10.0},{"not_picked":["CutThroughFate","WindmillStrike"],"picked":"Tantrum","floor":11.0},{"not_picked":["Pray","Evaluate"],"picked":"Prostrate","floor":13.0},{"not_picked":["Brilliance","FlyingSleeves"],"picked":"EmptyBody","floor":14.0},{"not_picked":["SpiritShield","Alpha"],"picked":"DevaForm","floor":16.0},{"not_picked":["FlurryOfBlows","EmptyFist"],"picked":"EmptyMind","floor":18.0},{"not_picked":["Swivel","Tantrum","FlurryOfBlows"],"picked":"SKIP","floor":19.0},{"not_picked":["Swivel","Tantrum","FlurryOfBlows"],"picked":"SKIP","floor":19.0},{"not_picked":["Crescendo","CarveReality"],"picked":"InnerPeace+1","floor":20.0},{"not_picked":["Tantrum","Prostrate"],"picked":"Study","floor":21.0},{"not_picked":["BowlingBash","EmptyBody"],"picked":"MentalFortress+1","floor":23.0},{"not_picked":["FlyingSleeves","SignatureMove+1"],"picked":"Omniscience","floor":25.0},{"not_picked":["ClearTheMind","SandsOfTime"],"picked":"Adaptation+1","floor":27.0},{"not_picked":["Consecrate","Worship"],"picked":"WaveOfTheHand","floor":30.0},{"not_picked":["Blasphemy","DevaForm+1"],"picked":"Devotion+1","floor":33.0},{"not_picked":["Perseverance","FlurryOfBlows","Crescendo"],"picked":"SKIP","floor":35.0},{"not_picked":["SashWhip+1","Protect","Nirvana+1"],"picked":"SKIP","floor":37.0},{"not_picked":["Tantrum","PathToVictory","Crescendo+1"],"picked":"SKIP","floor":40.0},{"not_picked":["ClearTheMind","BowlingBash"],"picked":"Wallop","floor":41.0},{"not_picked":["EmptyFist","SashWhip","ClearTheMind"],"picked":"SKIP","floor":42.0},{"not_picked":["Study+1","Protect","CarveReality"],"picked":"SKIP","floor":45.0},{"not_picked":["Wireheading+1","Scrawl"],"picked":"Fasting2+1","floor":47.0},{"not_picked":["Indignation","Worship","Swivel"],"picked":"SKIP","floor":48.0},{"not_picked":["Evaluate","Crescendo"],"picked":"Sanctity+1","floor":55.0}],"player_experience":2696152,"relics_obtained":[{"floor":6.0,"key":"TeardropLocket"},{"floor":9.0,"key":"Damaru"},{"floor":11.0,"key":"Bottled Flame"},{"floor":13.0,"key":"War Paint"},{"floor":23.0,"key":"Frozen Egg 2"},{"floor":25.0,"key":"HornCleat"},{"floor":36.0,"key":"Bird Faced Urn"},{"floor":40.0,"key":"PreservedInsect"},{"floor":45.0,"key":"MealTicket"},{"floor":48.0,"key":"Sundial"},{"floor":55.0,"key":"Toy Ornithopter"}],"event_choices":[{"damage_healed":0.0,"max_hp_gain":0.0,"max_hp_loss":6.0,"gold_gain":0.0,"event_name":"Golden Idol","player_choice":"Lose Max HP","floor":2.0,"gold_loss":0.0,"damage_taken":0.0,"relics_obtained":["Golden Idol"]},{"cards_removed":["Strike_P"],"damage_healed":0.0,"max_hp_gain":0.0,"max_hp_loss":0.0,"gold_gain":0.0,"event_name":"Living Wall","player_choice":"Forget","floor":12.0,"gold_loss":0.0,"damage_taken":0.0},{"damage_healed":0.0,"max_hp_gain":0.0,"max_hp_loss":0.0,"gold_gain":0.0,"event_name":"Drug Dealer","player_choice":"Inject Mutagens","floor":22.0,"gold_loss":0.0,"damage_taken":0.0,"relics_obtained":["MutagenicStrength"]},{"damage_healed":0.0,"max_hp_gain":0.0,"max_hp_loss":0.0,"gold_gain":0.0,"event_name":"Mysterious Sphere","player_choice":"Fight","floor":36.0,"gold_loss":0.0,"damage_taken":0.0},{"damage_healed":0.0,"max_hp_gain":0.0,"max_hp_loss":3.0,"gold_gain":0.0,"event_name":"Winding Halls","player_choice":"Max HP","floor":38.0,"gold_loss":0.0,"damage_taken":0.0},{"damage_healed":0.0,"max_hp_gain":0.0,"max_hp_loss":0.0,"gold_gain":333.0,"event_name":"The Moai Head","player_choice":"Gave Idol","floor":39.0,"relics_lost":["Golden Idol"],"gold_loss":0.0,"damage_taken":0.0}],"is_beta":false,"boss_relics":[{"not_picked":["Ectoplasm","SacredBark"],"picked":"Cursed Key"},{"not_picked":["Philosopher\u0027s Stone","Busted Crown"],"picked":"SlaversCollar"}],"items_purged_floors":[29,44],"is_endless":false,"potions_floor_spawned":[4,6,8,11,14,16,19,21,27,33,36,37,41,48],"ascension_level":20}}