{"host":"9j3ghh26vbket12t","time":1610959773,"event":{"mods":["AchievementEnabler","BaseMod","Colored Powertips","Hermit","Marisa????????","Minty Spire (QoL Compilation)","StSLib","The Servant 0.9.4"],"gold_per_floor":[119,133,133,133,58,58,86,96,96,96,127,127,27,47,47,150,150,163,163,85,97,25,55,55,55,55,55,69,81,116,116,116,215,215,228,228,84,138,152,152,184,184,184,184,215,215,246,276,288,300,312,324,7,36,36,36],"floor_reached":55,"language":"ENG","playtime":5548,"items_purged":["Strike_R","Strike_R"],"score":874,"play_id":"b357bfaa-7ec2-43d5-ab3b-6a9dd5afd81b","local_time":"20210118034933","is_ascension_mode":true,"campfire_choices":[{"floor":6.0,"key":"RECALL"},{"data":"Inflame","floor":10.0,"key":"SMITH"},{"data":"Flex","floor":12.0,"key":"SMITH"},{"data":"Sword Boomerang","floor":15.0,"key":"SMITH"},{"data":"Limit Break","floor":27.0,"key":"SMITH"},{"floor":32.0,"key":"REST"},{"floor":40.0,"key":"REST"},{"data":"Double Tap","floor":42.0,"key":"SMITH"},{"floor":44.0,"key":"REST"},{"data":"Limit Break","floor":46.0,"key":"SMITH"},{"floor":49.0,"key":"REST"},{"data":"Clothesline","floor":52.0,"key":"SMITH"}],"circlet_count":0,"master_deck":["Defend_R","Bash","Clothesline+1","Warcry","Flame Barrier","Sword Boomerang+1","Inflame+1","Flex+1","Limit Break+1","Shrug It Off","Dropkick","Inflame","Double Tap+1","Battle Trance","Pommel Strike+1","Bite","Bite","Bite","Bite","Limit Break+1","Twin Strike+1","Rupture+1","Panache+1","Metallicize+1","Whirlwind+1","Ghostly Armor","Headbutt+1"],"relics":["Burning Blood","NeowsBlessing","Meat on the Bone","Bottled Lightning","Mark of Pain","Nilry\u0027s Codex","Omamori","PreservedInsect","Astrolabe","Medical Kit","Ice Cream","Bottled Tornado","Bag of Preparation","Vajra","MawBank","Kunai","Gremlin Horn"],"acts_visited":["Exordium","TheCity","TheBeyond","TheEnding"],"potions_floor_usage":[55],"damage_taken":[{"damage":0.0,"enemies":"Cultist","floor":1.0,"turns":1.0},{"damage":0.0,"enemies":"2 Louse","floor":2.0,"turns":1.0},{"damage":0.0,"enemies":"3 Sentries","floor":7.0,"turns":2.0},{"damage":10.0,"enemies":"Small Slimes","floor":8.0,"turns":3.0},{"damage":9.0,"enemies":"Lagavulin","floor":11.0,"turns":5.0},{"damage":6.0,"enemies":"Looter","floor":14.0,"turns":2.0},{"damage":35.0,"enemies":"Hexaghost","floor":16.0,"turns":7.0},{"damage":0.0,"enemies":"Chosen","floor":18.0,"turns":4.0},{"damage":24.0,"enemies":"3 Byrds","floor":21.0,"turns":3.0},{"damage":9.0,"enemies":"Book of Stabbing","floor":23.0,"turns":4.0},{"damage":15.0,"enemies":"3 Cultists","floor":28.0,"turns":5.0},{"damage":0.0,"enemies":"Cultist and Chosen","floor":29.0,"turns":4.0},{"damage":40.0,"enemies":"Gremlin Leader","floor":30.0,"turns":6.0},{"damage":65.0,"enemies":"Collector","floor":33.0,"turns":7.0},{"damage":37.0,"enemies":"3 Shapes","floor":35.0,"turns":7.0},{"damage":51.0,"enemies":"2 Orb Walkers","floor":38.0,"turns":3.0},{"damage":21.0,"enemies":"3 Darklings","floor":39.0,"turns":3.0},{"damage":9.0,"enemies":"Giant Head","floor":41.0,"turns":4.0},{"damage":25.0,"enemies":"Nemesis","floor":45.0,"turns":3.0},{"damage":22.0,"enemies":"Giant Head","floor":47.0,"turns":5.0},{"damage":17.0,"enemies":"Maw","floor":48.0,"turns":5.0},{"damage":57.0,"enemies":"Donu and Deca","floor":50.0,"turns":6.0},{"damage":50.0,"enemies":"Shield and Spear","floor":54.0,"turns":3.0},{"damage":81,"enemies":"The Heart","floor":55,"turns":3}],"seed_played":"5286191335429201899","potions_obtained":[{"floor":2.0,"key":"FearPotion"},{"floor":7.0,"key":"ColorlessPotion"},{"floor":11.0,"key":"Explosive Potion"},{"floor":21.0,"key":"SneckoOil"},{"floor":28.0,"key":"Explosive Potion"},{"floor":30.0,"key":"Ancient Potion"},{"floor":35.0,"key":"BlessingOfTheForge"},{"floor":39.0,"key":"Weak Potion"},{"floor":45.0,"key":"GamblersBrew"},{"floor":48.0,"key":"SpeedPotion"},{"floor":54.0,"key":"DuplicationPotion"}],"is_trial":false,"path_per_floor":["M","M","?","?","$","R","E","M","T","R","E","R","$","M","R","B",null,"M","?","$","M","$","E","?","$","T","R","M","M","E","?","R","B",null,"M","?","$","?","M","R","E","R","T","R","E","R","E","M","R","B",null,"R","$","E","B"],"character_chosen":"IRONCLAD","items_purchased":["Dropkick","Double Tap","Medical Kit","Kunai","Ghostly Armor"],"campfire_rested":4,"item_purchase_floors":[20,22,37,53,53],"current_hp_per_floor":[80,80,80,80,80,80,80,76,76,76,73,73,73,73,73,56,80,80,64,64,58,58,55,55,55,55,55,48,56,36,36,60,19,80,57,57,57,26,31,55,60,60,60,80,63,63,53,54,78,42,80,80,80,50,0,0],"gold":36,"neow_bonus":"THREE_ENEMY_KILL","is_daily":false,"chose_seed":false,"campfire_upgraded":7,"win_rate":0.0,"timestamp":1610959773,"path_taken":["M","M","?","?","$","R","E","M","T","R","E","R","$","?","R","BOSS","M","?","$","M","$","E","?","$","T","R","M","M","E","?","R","BOSS","M","?","$","?","M","R","E","R","T","R","E","R","E","M","R","BOSS","R","$","E","BOSS"],"items_purchased_type":["Card","Card","Relic","Relic","Card"],"build_version":"2020-12-22","purchased_purges":2,"victory":false,"max_hp_per_floor":[80,80,80,80,80,80,80,80,80,80,80,80,80,80,80,80,80,80,80,80,80,80,80,80,80,80,80,80,80,80,80,80,80,80,80,80,80,80,80,80,80,80,80,80,80,80,80,80,80,80,80,80,80,80,80,80],"card_choices":[{"not_picked":["Flex","Intimidate"],"picked":"Clothesline","floor":1.0},{"not_picked":["Flame Barrier","Iron Wave"],"picked":"Warcry","floor":2.0},{"not_picked":["Fire Breathing","Sentinel"],"picked":"Sword Boomerang","floor":7.0},{"not_picked":["Burning Pact","Power Through"],"picked":"Inflame","floor":8.0},{"not_picked":["Combust","Anger"],"picked":"Flex","floor":11.0},{"not_picked":["Carnage","Clothesline","Body Slam"],"picked":"SKIP","floor":14.0},{"not_picked":["Bludgeon","Brutality"],"picked":"Limit Break","floor":16.0},{"not_picked":["Anger","True Grit"],"picked":"Shrug It Off","floor":18.0},{"not_picked":["True Grit","Iron Wave+1"],"picked":"Inflame","floor":21.0},{"not_picked":["Wild Strike","Shrug It Off"],"picked":"Battle Trance","floor":23.0},{"not_picked":["Wild Strike+1","Hemokinesis+1","Clash"],"picked":"SKIP","floor":28.0},{"not_picked":["Combust","Wild Strike","Juggernaut"],"picked":"SKIP","floor":29.0},{"not_picked":["Sever Soul","Cleave"],"picked":"Pommel Strike+1","floor":30.0},{"not_picked":["Exhume","Juggernaut"],"picked":"Limit Break","floor":33.0},{"not_picked":["Headbutt","Thunderclap+1","Feel No Pain+1"],"picked":"SKIP","floor":35.0},{"not_picked":["Sentinel+1","Infernal Blade","Flex+1"],"picked":"SKIP","floor":39.0},{"not_picked":["Entrench","Wild Strike+1","Perfected Strike+1"],"picked":"SKIP","floor":41.0},{"not_picked":["True Grit","Carnage+1","Shrug It Off"],"picked":"SKIP","floor":45.0},{"not_picked":["True Grit","Carnage+1","Shrug It Off"],"picked":"SKIP","floor":45.0},{"not_picked":["Iron Wave","Intimidate+1"],"picked":"Metallicize+1","floor":47.0},{"not_picked":["Sword Boomerang","Seeing Red"],"picked":"Whirlwind+1","floor":48.0},{"not_picked":["Immolate","Rupture+1"],"picked":"Headbutt+1","floor":54.0}],"player_experience":76737,"relics_obtained":[{"floor":7.0,"key":"Meat on the Bone"},{"floor":11.0,"key":"Bottled Lightning"},{"floor":19.0,"key":"Nilry\u0027s Codex"},{"floor":23.0,"key":"Omamori"},{"floor":26.0,"key":"Blood Vial"},{"floor":30.0,"key":"PreservedInsect"},{"floor":38.0,"key":"Ice Cream"},{"floor":41.0,"key":"Bottled Tornado"},{"floor":43.0,"key":"Bag of Preparation"},{"floor":45.0,"key":"Vajra"},{"floor":47.0,"key":"MawBank"},{"floor":54.0,"key":"Gremlin Horn"}],"event_choices":[{"cards_removed":["Strike_R"],"damage_healed":0.0,"max_hp_gain":0.0,"max_hp_loss":0.0,"gold_gain":0.0,"event_name":"Living Wall","player_choice":"Forget","floor":3.0,"gold_loss":0.0,"damage_taken":0.0},{"damage_healed":0.0,"max_hp_gain":0.0,"max_hp_loss":0.0,"gold_gain":0.0,"cards_transformed":["Defend_R"],"event_name":"Transmorgrifier","player_choice":"Transformed","floor":4.0,"gold_loss":0.0,"damage_taken":0.0,"cards_obtained":["Flame Barrier"]},{"damage_healed":0.0,"max_hp_gain":0.0,"max_hp_loss":0.0,"gold_gain":0.0,"event_name":"Cursed Tome","player_choice":"Obtained Book","floor":19.0,"gold_loss":0.0,"damage_taken":16.0},{"damage_healed":0.0,"max_hp_gain":0.0,"max_hp_loss":0.0,"gold_gain":0.0,"event_name":"Ghosts","player_choice":"Ignored","floor":24.0,"gold_loss":0.0,"damage_taken":0.0},{"damage_healed":0.0,"max_hp_gain":0.0,"max_hp_loss":0.0,"gold_gain":0.0,"event_name":"Vampires","player_choice":"Became a vampire (Vial)","floor":31.0,"relics_lost":["Blood Vial"],"gold_loss":0.0,"damage_taken":0.0,"cards_obtained":["Bite","Bite","Bite","Bite","Bite"]},{"damage_healed":0.0,"max_hp_gain":0.0,"max_hp_loss":0.0,"gold_gain":0.0,"event_name":"OrinTheCat","player_choice":"Ignored","floor":36.0,"gold_loss":0.0,"damage_taken":0.0},{"damage_healed":0.0,"max_hp_gain":0.0,"max_hp_loss":0.0,"gold_gain":0.0,"event_name":"Mysterious Sphere","player_choice":"Fight","floor":38.0,"gold_loss":0.0,"damage_taken":0.0}],"is_beta":false,"boss_relics":[{"not_picked":["Cursed Key","Empty Cage"],"picked":"Mark of Pain"},{"not_picked":["Runic Cube","Coffee Dripper"],"picked":"Astrolabe"}],"items_purged_floors":[5,13],"is_endless":false,"potions_floor_spawned":[2,7,11,21,28,30,35,39,45,48,54],"killed_by":"The Heart","ascension_level":2}}