{"host":"ux1e5jwgl66eze79","time":1610933744,"event":{"mods":["2.2 Compatiblity","Act Like it!","Aspiration","BaseMod","Conspire","Downfall","Duelist Mod","GifTheSpireLib","Hermit","Hubris","Minty Spire (QoL Compilation)","StSLib","The Cursed","Wandering Minibosses"],"gold_per_floor":[99,112,112,132,192,192,192,192,219,233,233,260,260,279,297,399,399,399,399,399,419,430,430,430,430],"floor_reached":23,"language":"ENG","playtime":2301,"items_purged":[],"score":209,"play_id":"5605268f-d8ad-4d91-b7d7-19fef0567e6e","local_time":"20210118023544","is_ascension_mode":true,"campfire_choices":[{"floor":1,"key":"REST"},{"floor":6,"key":"REST"},{"floor":8,"key":"RECALL"},{"floor":11,"key":"REST"},{"data":"Guardian:TimeSifter","floor":18,"key":"SMITH"}],"circlet_count":0,"master_deck":["Guardian:Strike_Guardian","Guardian:Strike_Guardian","Guardian:Strike_Guardian","Guardian:Defend_Guardian","Guardian:Defend_Guardian","Guardian:Defend_Guardian","Guardian:Defend_Guardian","Guardian:CurlUp","Guardian:TwinSlam","Guardian:TimeSifter+1","Guardian:ChargeCore","Guardian:ShieldCharger","Guardian:StasisField","Guardian:Recover","Guardian:ChargeCore","Guardian:SentryBeam","Guardian:StasisStrike","Guardian:DecasProtection+1","Guardian:Gem_Crimson"],"relics":["Guardian:ModeShifter","Blue Candle","hubris:SphereOfDissonance","aspiration:Lifesprig","Gremlin Horn","conspire:SeveredTorchhead"],"acts_visited":["Exordium","TheCity"],"potions_floor_usage":[9,14,16,16,23],"damage_taken":[{"damage":12,"enemies":"Jaw Worm","floor":2,"turns":7},{"damage":0,"enemies":"Small Slimes","floor":4,"turns":3},{"damage":43,"enemies":"3 Sentries","floor":5,"turns":13},{"damage":10,"enemies":"3 Sentries","floor":9,"turns":12},{"damage":0,"enemies":"Cultist","floor":10,"turns":4},{"damage":14,"enemies":"Lagavulin","floor":12,"turns":11},{"damage":13,"enemies":"Gremlin Gang","floor":14,"turns":2},{"damage":0,"enemies":"2 Fungi Beasts","floor":15,"turns":4},{"damage":14,"enemies":"WA_ARCHETYPE_RETAIN","floor":16,"turns":17},{"damage":0,"enemies":"Chosen","floor":19,"turns":1},{"damage":20,"enemies":"Centurion and Healer","floor":21,"turns":7},{"damage":45,"enemies":"Cultist and Chosen","floor":22,"turns":8},{"damage":16,"enemies":"Gremlin Leader","floor":23,"turns":5}],"seed_played":"8317027011385095950","potions_obtained":[{"floor":5,"key":"Guardian:DefensiveModePotion"},{"floor":10,"key":"Explosive Potion"},{"floor":14,"key":"Strength Potion"},{"floor":15,"key":"LiquidMemories"},{"floor":22,"key":"Guardian:BlockOnCardUsePotion"}],"is_trial":false,"path_per_floor":["R","M","?","M","?","R","T","R","E","M","R","E","?","M","M","B",null,"R","M","?","M","M","E"],"character_chosen":"GUARDIAN","items_purchased":[],"campfire_rested":3,"item_purchase_floors":[],"current_hp_per_floor":[80,68,68,68,25,49,49,49,39,39,63,49,49,36,36,22,80,80,80,80,60,15,0,0,0],"gold":430,"neow_bonus":"THREE_RARE_CARDS","is_daily":false,"chose_seed":false,"campfire_upgraded":1,"win_rate":0.0,"timestamp":1610933744,"path_taken":["R","M","?","M","?","R","T","R","E","M","R","E","?","M","M","BOSS","R","M","?","?","M","E"],"items_purchased_type":[],"build_version":"2020-12-22","purchased_purges":0,"victory":false,"max_hp_per_floor":[80,80,80,80,80,80,80,80,80,80,80,80,80,80,80,80,80,80,80,80,80,80,80,80,80],"card_choices":[{"not_picked":["Guardian:SphericShield","Guardian:StasisField"],"picked":"Guardian:TimeSifter","floor":0},{"not_picked":["Guardian:Gem_Red","Guardian:Clone"],"picked":"Guardian:ChargeCore","floor":2},{"not_picked":["Guardian:Emergency","Guardian:PrimingBeam"],"picked":"Guardian:ShieldCharger","floor":4},{"not_picked":["Guardian:TimeBomb","Guardian:FloatingOrbs"],"picked":"Guardian:StasisField","floor":9},{"not_picked":["Guardian:PrimingBeam","Guardian:Gem_Blue"],"picked":"Guardian:Recover","floor":10},{"not_picked":["Guardian:ShieldCharger","Guardian:Gem_Red"],"picked":"Guardian:ChargeCore","floor":12},{"not_picked":["Guardian:WalkerClaw","Guardian:Harden","Guardian:PrismaticBarrier"],"picked":"SKIP","floor":14},{"not_picked":["Guardian:Incinerate","Guardian:WalkerClaw"],"picked":"Guardian:SentryBeam","floor":15},{"not_picked":["Guardian:FierceBash","Guardian:ExploitGems"],"picked":"Guardian:StasisStrike","floor":16},{"not_picked":["Guardian:VentSteam","Guardian:Gem_Cyan","Guardian:PrimingBeam+1"],"picked":"SKIP","floor":19},{"not_picked":["Guardian:Suspension","Guardian:PrismaticBeam"],"picked":"Guardian:DecasProtection+1","floor":21},{"not_picked":["Guardian:CrystalBeam+1","Guardian:StasisStrike"],"picked":"Guardian:Gem_Crimson","floor":22}],"player_experience":131406,"relics_obtained":[{"floor":5,"key":"Blue Candle"},{"floor":7,"key":"hubris:SphereOfDissonance"},{"floor":9,"key":"aspiration:Lifesprig"},{"floor":12,"key":"Gremlin Horn"}],"event_choices":[{"cards_removed":["Guardian:Strike_Guardian"],"damage_healed":0,"gold_gain":0,"player_choice":"Card Removal","damage_taken":0,"max_hp_gain":0,"max_hp_loss":0,"event_name":"The Cleric","floor":3,"gold_loss":0}],"is_beta":false,"boss_relics":[{"not_picked":["Snecko Eye","Cursed Key"],"picked":"conspire:SeveredTorchhead"}],"items_purged_floors":[],"is_endless":false,"potions_floor_spawned":[5,10,14,15,22],"killed_by":"Gremlin Leader","ascension_level":1}}