{"host":"sc0o2qwpf9j16a4i","time":1610983646,"event":{"mods":["AchievementEnabler","BaseMod","BetterRewards","Block Reminder","Colored Map","Colored Powertips","Custom Start","Highlight Path","Minty Spire (QoL Compilation)","Relic Stats"],"gold_per_floor":[116,191,191,209,223,223,223,238,238,250,282,294,330,362,374,461,473,503,515,544,556,568,580,428,428,428],"floor_reached":25,"language":"ENG","playtime":638,"items_purged":[],"score":427,"play_id":"be39c924-16e2-4345-a19e-7e6f40c96a6c","local_time":"20210118172726","is_ascension_mode":true,"campfire_choices":[{"floor":6.0,"key":"REST"},{"floor":12.0,"key":"REST"},{"data":"FlyingSleeves","floor":15.0,"key":"SMITH"},{"data":"SpiritShield","floor":23.0,"key":"SMITH"}],"circlet_count":0,"master_deck":["AscendersBane","Defend_P","Defend_P","Defend_P","Defend_P","Eruption","Vigilance","EmptyFist","EmptyFist+1","FollowUp","Adaptation","LikeWater","FlyingSleeves+1","Indignation","ThirdEye","SpiritShield+1","Tantrum","RitualDagger","Conclude","Bite","Bite","Bite","Bite","Bite"],"relics":["VioletLotus","Eternal Feather","MawBank","Odd Mushroom","Sozu","OrangePellets"],"acts_visited":["Exordium","TheCity"],"potions_floor_usage":[],"damage_taken":[{"damage":18.0,"enemies":"Jaw Worm","floor":1.0,"turns":5.0},{"damage":3.0,"enemies":"2 Louse","floor":4.0,"turns":3.0},{"damage":0.0,"enemies":"Cultist","floor":5.0,"turns":2.0},{"damage":6.0,"enemies":"2 Fungi Beasts","floor":8.0,"turns":3.0},{"damage":2.0,"enemies":"Looter","floor":10.0,"turns":3.0},{"damage":12.0,"enemies":"3 Sentries","floor":11.0,"turns":16.0},{"damage":16.0,"enemies":"The Mushroom Lair","floor":13.0,"turns":5.0},{"damage":6.0,"enemies":"Large Slime","floor":14.0,"turns":4.0},{"damage":36.0,"enemies":"Slime Boss","floor":16.0,"turns":9.0},{"damage":20.0,"enemies":"Chosen","floor":18.0,"turns":6.0},{"damage":41.0,"enemies":"3 Byrds","floor":20.0,"turns":5.0},{"damage":41,"enemies":"Book of Stabbing","floor":25,"turns":3}],"seed_played":"-6124527865363056763","potions_obtained":[{"floor":1.0,"key":"LiquidMemories"},{"floor":3.0,"key":"DuplicationPotion"},{"floor":14.0,"key":"FairyPotion"},{"floor":16.0,"key":"SkillPotion"}],"is_trial":false,"path_per_floor":["M","?","?","M","M","R","?","M","T","M","E","R","?","M","R","B",null,"M","?","M","?","?","R","$","E"],"character_chosen":"WATCHER","items_purchased":["OrangePellets"],"campfire_rested":2,"item_purchase_floors":[24],"current_hp_per_floor":[43,32,32,29,29,49,49,43,43,41,29,58,42,36,45,9,53,33,27,20,20,20,32,32,0,0],"gold":428,"neow_bonus":"BOSS_RELIC","is_daily":false,"chose_seed":false,"campfire_upgraded":2,"win_rate":0.0,"timestamp":1610983646,"path_taken":["M","?","?","M","?","R","?","M","T","M","E","R","?","M","R","BOSS","M","?","M","?","?","R","$","E"],"items_purchased_type":["Relic"],"build_version":"2020-12-22","purchased_purges":0,"victory":false,"max_hp_per_floor":[68,68,68,68,68,68,68,68,68,68,68,68,68,68,68,68,68,68,68,68,47,47,47,47,47,47],"relic_stats":{"Sozu":0,"OrangePellets":[0],"counters":[12,64],"Eternal Feather":30,"VioletLotus":[11],"MawBank":156,"obtain_stats":[{"Sozu":17,"OrangePellets":24,"Eternal Feather":9,"VioletLotus":0,"PureWater":0,"Odd Mushroom":13,"MawBank":11},{"Sozu":9,"OrangePellets":11,"Eternal Feather":4,"VioletLotus":0,"PureWater":0,"Odd Mushroom":7,"MawBank":6},{"Sozu":50,"OrangePellets":61,"Eternal Feather":13,"VioletLotus":0,"PureWater":0,"Odd Mushroom":37,"MawBank":32}]},"card_choices":[{"not_picked":["ForeignInfluence","FlurryOfBlows"],"picked":"EmptyFist","floor":1.0},{"not_picked":["Halt","ForeignInfluence"],"picked":"EmptyFist","floor":4.0},{"not_picked":["Halt","FlurryOfBlows"],"picked":"FollowUp","floor":5.0},{"not_picked":["ClearTheMind","Nirvana"],"picked":"Adaptation","floor":8.0},{"not_picked":["Perseverance","Worship"],"picked":"LikeWater","floor":10.0},{"not_picked":["Perseverance","Prostrate"],"picked":"FlyingSleeves","floor":11.0},{"not_picked":["Wireheading","Brilliance"],"picked":"Indignation","floor":13.0},{"not_picked":["ForeignInfluence","Pray"],"picked":"ThirdEye","floor":14.0},{"not_picked":["LessonLearned","Blasphemy"],"picked":"SpiritShield","floor":16.0},{"not_picked":["CutThroughFate","CarveReality"],"picked":"Tantrum","floor":18.0},{"not_picked":["Perseverance","EmptyBody"],"picked":"Conclude","floor":20.0}],"player_experience":722823,"relics_obtained":[{"floor":9.0,"key":"Eternal Feather"},{"floor":11.0,"key":"MawBank"},{"floor":13.0,"key":"Odd Mushroom"}],"event_choices":[{"damage_healed":0.0,"max_hp_gain":0.0,"max_hp_loss":0.0,"gold_gain":75.0,"event_name":"World of Goop","player_choice":"Gather Gold","floor":2.0,"gold_loss":0.0,"damage_taken":11.0},{"damage_healed":0.0,"max_hp_gain":0.0,"max_hp_loss":0.0,"gold_gain":0.0,"event_name":"Lab","player_choice":"Got Potions","floor":3.0,"gold_loss":0.0,"damage_taken":0.0},{"damage_healed":0.0,"max_hp_gain":0.0,"max_hp_loss":0.0,"gold_gain":0.0,"event_name":"Living Wall","player_choice":"Grow","floor":7.0,"gold_loss":0.0,"damage_taken":0.0,"cards_upgraded":["EmptyFist"]},{"damage_healed":0.0,"max_hp_gain":0.0,"max_hp_loss":0.0,"gold_gain":0.0,"event_name":"Mushrooms","player_choice":"Fought Mushrooms","floor":13.0,"gold_loss":0.0,"damage_taken":0.0},{"damage_healed":0.0,"max_hp_gain":0.0,"max_hp_loss":0.0,"gold_gain":0.0,"event_name":"Nest","player_choice":"Joined the Cult","floor":19.0,"gold_loss":0.0,"damage_taken":6.0,"cards_obtained":["RitualDagger"]},{"damage_healed":0.0,"max_hp_gain":0.0,"max_hp_loss":21.0,"gold_gain":0.0,"event_name":"Vampires","player_choice":"Became a vampire","floor":21.0,"gold_loss":0.0,"damage_taken":0.0,"cards_obtained":["Bite","Bite","Bite","Bite","Bite"]},{"damage_healed":0.0,"max_hp_gain":0.0,"max_hp_loss":0.0,"gold_gain":0.0,"event_name":"The Mausoleum","player_choice":"Ignored","floor":22.0,"gold_loss":0.0,"damage_taken":0.0}],"is_beta":false,"boss_relics":[{"not_picked":["Fusion Hammer","Empty Cage"],"picked":"Sozu"}],"items_purged_floors":[],"is_endless":false,"potions_floor_spawned":[1,4,10,14,16],"killed_by":"Book of Stabbing","ascension_level":20}}