{"host":"ygfasg9u7olr7skw","time":1610997839,"event":{"mods":["AchievementEnabler","BaseMod","Better Note","Better Vampires","Colored Powertips","Minty Spire (QoL Compilation)","Replay The Spire","Spicy Shops","StSLib","The IronCluck"],"gold_per_floor":[109,125,125,17,17,17,27,27,27,44,57,57,74,87,87,192,192,208,208,227,241,241,241],"floor_reached":22,"language":"ENG","playtime":1756,"items_purged":[],"score":189,"play_id":"de2a63a0-cac6-4ff9-84c8-2cea13425b90","local_time":"20210118142359","is_ascension_mode":true,"campfire_choices":[{"data":"Survivor","floor":6,"key":"SMITH"},{"data":"ReplayTheSpireMod:Scrap Shanks","floor":12,"key":"SMITH"},{"floor":15,"key":"REST"}],"circlet_count":0,"master_deck":["Strike_G","Strike_G","Strike_G","Strike_G","Defend_G","Defend_G","Defend_G","Defend_G","Defend_G","Survivor+1","Neutralize+1","ReplayTheSpireMod:Shiv Toss+1","Bouncing Flask","ReplayTheSpireMod:Scrap Shanks+1","Acrobatics","Storm of Steel","Infinite Blades","Replay:Bag of Tricks","CurseOfTheBell"],"relics":["Ring of the Snake","Shuriken","Calling Bell","Replay:Mystery Machine","Onion Ring","Replay:Multitool"],"acts_visited":["Exordium","TheCity"],"potions_floor_usage":[10,11,16,20,21],"damage_taken":[{"damage":0,"enemies":"Small Slimes","floor":1,"turns":5},{"damage":2,"enemies":"Cultist","floor":2,"turns":4},{"damage":6,"enemies":"Jaw Worm","floor":7,"turns":3},{"damage":6,"enemies":"Lots of Slimes","floor":10,"turns":6},{"damage":1,"enemies":"3 Louse","floor":11,"turns":3},{"damage":14,"enemies":"Large Slime","floor":13,"turns":6},{"damage":1,"enemies":"Red Slaver","floor":14,"turns":3},{"damage":14,"enemies":"Hexaghost","floor":16,"turns":7},{"damage":9,"enemies":"Shell Parasite","floor":18,"turns":4},{"damage":13,"enemies":"Chosen","floor":20,"turns":6},{"damage":22,"enemies":"Centurion and Healer","floor":21,"turns":4},{"damage":34,"enemies":"Sentry and Sphere","floor":22,"turns":3}],"seed_played":"5837527593942810207","potions_obtained":[{"floor":1,"key":"AttackPotion"},{"floor":7,"key":"Dexterity Potion"},{"floor":10,"key":"AttackPotion"},{"floor":13,"key":"Weak Potion"},{"floor":20,"key":"SkillPotion"}],"is_trial":false,"path_per_floor":["M","M","?","$","?","R","M","$","T","M","M","R","M","M","R","B",null,"M","?","M","M","M"],"character_chosen":"THE_SILENT","items_purchased":["ReplayTheSpireMod:Scrap Shanks"],"campfire_rested":1,"item_purchase_floors":[4],"current_hp_per_floor":[77,75,75,75,75,75,69,69,69,63,62,62,48,47,70,56,77,68,68,55,33,0,0],"gold":241,"neow_bonus":"TEN_PERCENT_HP_BONUS","is_daily":false,"chose_seed":false,"campfire_upgraded":2,"win_rate":0.0,"timestamp":1610997839,"path_taken":["M","M","?","$","?","R","M","$","T","M","M","R","?","M","R","BOSS","M","?","M","M","M"],"items_purchased_type":["Card"],"build_version":"2020-12-22","purchased_purges":0,"victory":false,"max_hp_per_floor":[77,77,77,77,77,77,77,77,77,77,77,77,77,77,77,77,77,77,77,77,77,77,77],"card_choices":[{"not_picked":["Outmaneuver","Deflect"],"picked":"ReplayTheSpireMod:Shiv Toss","floor":1},{"not_picked":["PiercingWail","Setup"],"picked":"Bouncing Flask","floor":2},{"not_picked":["Outmaneuver","Predator","Bane"],"picked":"SKIP","floor":7},{"not_picked":["Acrobatics","Footwork","Backflip"],"picked":"SKIP","floor":10},{"not_picked":["Footwork","Backflip"],"picked":"Acrobatics","floor":10},{"not_picked":["Backflip","Setup","Masterful Stab"],"picked":"SKIP","floor":11},{"not_picked":["Blade Dance","Outmaneuver"],"picked":"Storm of Steel","floor":13},{"not_picked":["Hidden Blade","Bane"],"picked":"Infinite Blades","floor":14},{"not_picked":["Atom Bomb","Venomology"],"picked":"Replay:Bag of Tricks","floor":16},{"not_picked":["Predator","ReplayTheSpireMod:The Works","Outmaneuver"],"picked":"SKIP","floor":18},{"not_picked":["Dagger Spray","Dagger Throw","Tactician"],"picked":"SKIP","floor":20},{"not_picked":["Escape Plan","Dagger Spray","Malaise"],"picked":"SKIP","floor":21}],"player_experience":342312,"relics_obtained":[{"floor":9,"key":"Shuriken"},{"floor":17,"key":"Replay:Mystery Machine"},{"floor":17,"key":"Onion Ring"},{"floor":17,"key":"Replay:Multitool"}],"event_choices":[{"cards_removed":["Strike_G"],"damage_healed":0,"gold_gain":0,"player_choice":"Forget","damage_taken":0,"max_hp_gain":0,"max_hp_loss":0,"event_name":"Living Wall","floor":3,"gold_loss":0},{"damage_healed":0,"gold_gain":0,"player_choice":"Upgraded","damage_taken":0,"max_hp_gain":0,"max_hp_loss":0,"event_name":"Upgrade Shrine","floor":5,"gold_loss":0,"cards_upgraded":["Neutralize"]},{"damage_healed":0,"gold_gain":0,"player_choice":"Forge","damage_taken":0,"max_hp_gain":0,"max_hp_loss":0,"event_name":"Accursed Blacksmith","floor":19,"gold_loss":0,"cards_upgraded":["ReplayTheSpireMod:Shiv Toss"]}],"is_beta":false,"boss_relics":[{"not_picked":["Snecko Eye","Ectoplasm"],"picked":"Calling Bell"}],"items_purged_floors":[],"is_endless":false,"potions_floor_spawned":[1,7,10,13,20],"killed_by":"Sentry and Sphere","ascension_level":1}}