{"host":"0zwwzr7xjr1wfyy3","time":1610944177,"event":{"mods":["BaseMod","Downfall","Hermit","Marisa????????","Minty Spire (QoL Compilation)","StSLib","The Cursed","The Servant 0.9.4","Waifu the Spire"],"gold_per_floor":[114,133,143,13,32,32,32,62,144,98,112,112,125,144,144,249,249,263,263,263],"floor_reached":19,"language":"ENG","playtime":1777,"items_purged":[],"score":211,"play_id":"c8757d6d-3a3a-4f2f-8d01-0d42f28932f8","local_time":"20210117202937","is_ascension_mode":false,"campfire_choices":[{"data":"Foresight","floor":6,"key":"SMITH"},{"floor":12,"key":"REST"},{"floor":15,"key":"REST"}],"circlet_count":0,"master_deck":["Strike_S","Strike_S","Defend_S","Defend_S","Defend_S","Defend_S","KidneyShot","Exchange","Panache","Barrier","SurpressingFire+1","TimeWarp","BottledTime","Foresight+1","Starlight","Potential","ShatteredReality","BottledTime","FloweringNight","Moonlight","Initiator","Ricochet"],"relics":["Uniform","Odd Mushroom","Kunai","Empty Cage"],"acts_visited":["Exordium","TheCity"],"potions_floor_usage":[],"damage_taken":[{"damage":2,"enemies":"Small Slimes","floor":1,"turns":4},{"damage":1,"enemies":"Jaw Worm","floor":2,"turns":8},{"damage":0,"enemies":"2 Louse","floor":3,"turns":5},{"damage":1,"enemies":"2 Fungi Beasts","floor":5,"turns":5},{"damage":20,"enemies":"The Mushroom Lair","floor":8,"turns":6},{"damage":15,"enemies":"3 Louse","floor":11,"turns":3},{"damage":0,"enemies":"Blue Slaver","floor":13,"turns":4},{"damage":0,"enemies":"2 Fungi Beasts","floor":14,"turns":3},{"damage":0,"enemies":"Hexaghost","floor":16,"turns":9},{"damage":21,"enemies":"3 Byrds","floor":18,"turns":4},{"damage":44,"enemies":"Masked Bandits","floor":19,"turns":4}],"seed_played":"-4173552373947130035","potions_obtained":[{"floor":2,"key":"Strength Potion"},{"floor":3,"key":"BlessingOfTheForge"},{"floor":11,"key":"Fire Potion"}],"is_trial":false,"path_per_floor":["M","M","M","$","M","R","?","?","T","$","M","R","M","M","R","B",null,"M","?"],"character_chosen":"THE_SERVANT","items_purchased":["BottledTime","Foresight","ShatteredReality"],"campfire_rested":2,"item_purchase_floors":[4,4,10],"current_hp_per_floor":[57,56,56,56,55,55,55,35,35,35,20,37,37,37,54,54,59,38,0,0],"gold":263,"neow_bonus":"RANDOM_COLORLESS_2","is_daily":false,"chose_seed":false,"campfire_upgraded":1,"win_rate":0.0,"timestamp":1610944177,"path_taken":["M","M","M","$","M","R","?","?","T","$","M","R","M","M","R","BOSS","M","?"],"items_purchased_type":["Card","Card","Card"],"build_version":"2020-12-22","purchased_purges":0,"victory":false,"max_hp_per_floor":[59,59,59,59,59,59,59,59,59,59,59,59,59,59,59,59,59,59,59,59],"card_choices":[{"not_picked":["Sadistic Nature","Chrysalis"],"picked":"Panache","floor":0},{"not_picked":["FastForward","Read"],"picked":"Barrier","floor":1},{"not_picked":["Read","Ricochet"],"picked":"SurpressingFire","floor":2},{"not_picked":["Alleviate","BottledTime"],"picked":"TimeWarp","floor":3},{"not_picked":["Spin","Comet"],"picked":"Starlight","floor":5},{"not_picked":["Comet","Rearm"],"picked":"Potential","floor":8},{"not_picked":["Defy","Collapse"],"picked":"BottledTime","floor":11},{"not_picked":["Spin","TimeWarp"],"picked":"FloweringNight","floor":13},{"not_picked":["Rewind","BottledTime"],"picked":"Moonlight","floor":14},{"not_picked":["Sunlight","FloweringNight"],"picked":"Initiator","floor":16},{"not_picked":["Read","Starlight"],"picked":"Ricochet","floor":18}],"player_experience":22683,"relics_obtained":[{"floor":8,"key":"Odd Mushroom"},{"floor":9,"key":"Kunai"}],"event_choices":[{"damage_healed":0,"gold_gain":0,"player_choice":"Grow","damage_taken":0,"max_hp_gain":0,"max_hp_loss":0,"event_name":"Living Wall","floor":7,"gold_loss":0,"cards_upgraded":["SurpressingFire"]},{"damage_healed":0,"gold_gain":0,"player_choice":"Fought Mushrooms","damage_taken":0,"max_hp_gain":0,"max_hp_loss":0,"event_name":"Mushrooms","floor":8,"gold_loss":0},{"damage_healed":0,"gold_gain":0,"player_choice":"Fought Bandits","damage_taken":0,"max_hp_gain":0,"max_hp_loss":0,"event_name":"Masked Bandits","floor":19,"gold_loss":0}],"is_beta":false,"boss_relics":[{"not_picked":["MysterySword","Snecko Eye"],"picked":"Empty Cage"}],"items_purged_floors":[],"is_endless":false,"potions_floor_spawned":[2,3,11,16,18],"killed_by":"Masked Bandits","ascension_level":0}}