{"host":"6jrd8fn9k88n08be","time":1610993860,"event":{"mods":["BaseMod","Minty Spire (QoL Compilation)","StSLib"],"gold_per_floor":[110,110,110,122,135,166,81,97,97,97,109,56,56,76,76,181,181,193,293,306,318,329,329,360,360,360,28,43,78,94,125,125,230,230,243,298,298,298,105,105,132,132,132,53,72,97,21,21,21,21,21,21,21,56,56],"floor_reached":56,"language":"ENG","playtime":2741,"items_purged":["Strike_P","Strike_P"],"score":1544,"play_id":"51d2beac-374c-410e-a378-c942e2402673","local_time":"20210118131740","is_ascension_mode":true,"campfire_choices":[{"data":"1","floor":13.0,"key":"LIFT"},{"data":"WaveOfTheHand","floor":15.0,"key":"SMITH"},{"data":"2","floor":23.0,"key":"LIFT"},{"data":"CrushJoints","floor":25.0,"key":"SMITH"},{"data":"Vault","floor":32,"key":"SMITH"},{"data":"3","floor":40,"key":"LIFT"},{"floor":42,"key":"RECALL"},{"floor":49,"key":"REST"},{"floor":52,"key":"REST"}],"circlet_count":0,"master_deck":["Strike_P","Strike_P","Defend_P","Defend_P","Defend_P","Defend_P","Eruption+1","Vigilance","BowlingBash","FollowUp","WaveOfTheHand+1","CrushJoints+1","Halt","Consecrate","Prostrate","EmptyFist","Vault+1","EmptyFist","FlurryOfBlows","FollowUp","Halt","Consecrate","EmptyBody","FlurryOfBlows+1","Devotion","Weave","FlurryOfBlows+1","Dramatic Entrance","Madness","Madness","Consecrate","Madness","Tantrum","FlurryOfBlows+1","InnerPeace","MentalFortress+1"],"relics":["HolyWater","NeowsBlessing","Unceasing Top","Girya","Pear","CaptainsWheel","Pantograph","Regal Pillow","Bottled Lightning","Medical Kit","Smiling Mask","Yang","Fusion Hammer","Thread and Needle","Membership Card","Ancient Tea Set","DollysMirror","Lizard Tail","Lee\u0027s Waffle","Eternal Feather"],"acts_visited":["Exordium","TheCity","TheBeyond","TheEnding"],"potions_floor_usage":[33,35,50,50],"damage_taken":[{"damage":0.0,"enemies":"2 Louse","floor":1.0,"turns":1.0},{"damage":0.0,"enemies":"Cultist","floor":4.0,"turns":1.0},{"damage":0.0,"enemies":"Small Slimes","floor":5.0,"turns":1.0},{"damage":21.0,"enemies":"Gremlin Nob","floor":6.0,"turns":4.0},{"damage":1.0,"enemies":"Red Slaver","floor":8.0,"turns":3.0},{"damage":19.0,"enemies":"Exordium Wildlife","floor":11.0,"turns":3.0},{"damage":0.0,"enemies":"Looter","floor":14.0,"turns":1.0},{"damage":21.0,"enemies":"Hexaghost","floor":16.0,"turns":9.0},{"damage":0.0,"enemies":"Spheric Guardian","floor":18.0,"turns":2.0},{"damage":3.0,"enemies":"Shell Parasite","floor":20.0,"turns":2.0},{"damage":8.0,"enemies":"Shelled Parasite and Fungi","floor":21.0,"turns":5.0},{"damage":0.0,"enemies":"Snecko","floor":22.0,"turns":3.0},{"damage":0.0,"enemies":"Book of Stabbing","floor":24.0,"turns":2.0},{"damage":0.0,"enemies":"Cultist and Chosen","floor":28.0,"turns":4.0},{"damage":3.0,"enemies":"Slavers","floor":29.0,"turns":6.0},{"damage":0.0,"enemies":"Snake Plant","floor":30.0,"turns":4.0},{"damage":0.0,"enemies":"Book of Stabbing","floor":31.0,"turns":3.0},{"damage":50,"enemies":"Champ","floor":33,"turns":14},{"damage":0,"enemies":"3 Darklings","floor":35,"turns":3},{"damage":0,"enemies":"2 Orb Walkers","floor":36,"turns":3},{"damage":0,"enemies":"Reptomancer","floor":41,"turns":3},{"damage":0,"enemies":"Orb Walker","floor":45,"turns":2},{"damage":0,"enemies":"Giant Head","floor":46,"turns":4},{"damage":64,"enemies":"Time Eater","floor":50,"turns":7},{"damage":13,"enemies":"Shield and Spear","floor":54,"turns":4},{"damage":68,"enemies":"The Heart","floor":55,"turns":6}],"seed_played":"-8622754521024694404","potions_obtained":[{"floor":4.0,"key":"EssenceOfSteel"},{"floor":11.0,"key":"Block Potion"},{"floor":14.0,"key":"Explosive Potion"},{"floor":16.0,"key":"Explosive Potion"},{"floor":20.0,"key":"Block Potion"},{"floor":22.0,"key":"BlessingOfTheForge"},{"floor":33,"key":"Strength Potion"},{"floor":36,"key":"PowerPotion"}],"is_trial":false,"path_per_floor":["M","?","?","M","M","E","?","M","T","T","M","$","R","M","R","B",null,"M","?","M","M","M","R","E","R","T","$","M","E","M","E","R","B",null,"M","?","?","?","$","R","E","R","T","$","M","E","$","?","R","B",null,"R","$","E","B",null],"character_chosen":"WATCHER","items_purchased":["Prostrate","Medical Kit","FairyPotion","Membership Card","DollysMirror","Lee\u0027s Waffle"],"campfire_rested":2,"item_purchase_floors":[12,27,27,39,44,47],"current_hp_per_floor":[72,69,69,69,69,48,58,57,57,57,38,38,38,38,38,42,82,82,82,79,71,71,71,71,71,71,71,71,68,68,68,68,32,82,82,82,82,72,72,72,72,72,72,72,72,72,89,89,89,25,89,89,89,76,21],"gold":56,"neow_bonus":"THREE_ENEMY_KILL","is_daily":false,"chose_seed":false,"campfire_upgraded":3,"win_rate":0.0,"timestamp":1610993860,"path_taken":["M","?","?","M","?","E","?","?","T","?","M","?","R","M","R","BOSS","M","?","?","M","M","R","E","R","T","?","M","E","M","E","R","BOSS","M","?","?","?","$","R","E","R","T","?","M","E","$","?","R","BOSS","R","$","E","BOSS"],"items_purchased_type":["Card","Relic","Potion","Relic","Relic","Relic"],"build_version":"2020-12-22","purchased_purges":2,"victory":true,"max_hp_per_floor":[72,72,72,72,72,72,82,82,82,82,82,82,82,82,82,82,82,82,82,82,82,82,82,82,82,82,82,82,82,82,82,82,82,82,82,82,82,82,82,82,82,82,82,82,82,82,89,89,89,89,89,89,89,89,89],"card_choices":[{"not_picked":["PathToVictory","Pray"],"picked":"BowlingBash","floor":1.0},{"not_picked":["Protect","EmptyMind"],"picked":"FollowUp","floor":4.0},{"not_picked":["ReachHeaven","Evaluate"],"picked":"WaveOfTheHand","floor":5.0},{"not_picked":["Omniscience","InnerPeace"],"picked":"CrushJoints","floor":6.0},{"not_picked":["Worship","ForeignInfluence"],"picked":"Halt","floor":8.0},{"not_picked":["Evaluate","SignatureMove"],"picked":"Consecrate","floor":11.0},{"not_picked":["CrushJoints","PathToVictory"],"picked":"EmptyFist","floor":14.0},{"not_picked":["DeusExMachina","Brilliance"],"picked":"Vault","floor":16.0},{"not_picked":["ClearTheMind","CutThroughFate"],"picked":"EmptyFist","floor":18.0},{"not_picked":["Indignation","BowlingBash"],"picked":"Evaluate","floor":20.0},{"not_picked":["Fasting2+1","FlyingSleeves"],"picked":"FlurryOfBlows","floor":21.0},{"not_picked":["Nirvana","Scrawl"],"picked":"FollowUp","floor":22.0},{"not_picked":["Indignation","PathToVictory+1"],"picked":"Halt","floor":24.0},{"not_picked":["Protect+1","Pray"],"picked":"Consecrate","floor":28.0},{"not_picked":["FlyingSleeves","Swivel"],"picked":"EmptyBody","floor":29.0},{"not_picked":["WindmillStrike","EmptyFist"],"picked":"FlurryOfBlows+1","floor":30.0},{"not_picked":["BowlingBash","Swivel","CutThroughFate"],"picked":"SKIP","floor":31.0},{"not_picked":["MasterReality","Ragnarok"],"picked":"Devotion","floor":33},{"not_picked":["Swivel+1","CrushJoints"],"picked":"Weave","floor":35},{"not_picked":["ForeignInfluence","FlyingSleeves"],"picked":"FlurryOfBlows+1","floor":36},{"not_picked":["Deep Breath","Dark Shackles"],"picked":"Dramatic Entrance","floor":37},{"not_picked":["LikeWater+1","Pray+1"],"picked":"Consecrate","floor":41},{"not_picked":["EmptyMind+1","CrushJoints+1"],"picked":"Tantrum","floor":45},{"not_picked":["CrushJoints+1","Worship"],"picked":"FlurryOfBlows+1","floor":46},{"not_picked":["ClearTheMind","WaveOfTheHand+1"],"picked":"MentalFortress+1","floor":54}],"player_experience":81907,"relics_obtained":[{"floor":6.0,"key":"Girya"},{"floor":9.0,"key":"CaptainsWheel"},{"floor":10.0,"key":"Pantograph"},{"floor":24.0,"key":"Regal Pillow"},{"floor":26.0,"key":"Bottled Lightning"},{"floor":29.0,"key":"Smiling Mask"},{"floor":31.0,"key":"Yang"},{"floor":36,"key":"Thread and Needle"},{"floor":41,"key":"Ancient Tea Set"},{"floor":46,"key":"Lizard Tail"},{"floor":54,"key":"Eternal Feather"}],"event_choices":[{"damage_healed":0.0,"max_hp_gain":0.0,"max_hp_loss":0.0,"gold_gain":0.0,"event_name":"Scrap Ooze","player_choice":"Success","floor":2.0,"gold_loss":0.0,"damage_taken":3.0,"relics_obtained":["Unceasing Top"]},{"damage_healed":0.0,"max_hp_gain":0.0,"max_hp_loss":0.0,"gold_gain":0.0,"event_name":"Accursed Blacksmith","player_choice":"Forge","floor":3.0,"gold_loss":0.0,"damage_taken":0.0,"cards_upgraded":["Eruption"]},{"damage_healed":0.0,"max_hp_gain":0.0,"max_hp_loss":0.0,"gold_gain":0.0,"event_name":"WeMeetAgain","player_choice":"Paid Gold","floor":7.0,"gold_loss":85.0,"damage_taken":0.0,"relics_obtained":["Pear"]},{"damage_healed":0.0,"max_hp_gain":0.0,"max_hp_loss":0.0,"gold_gain":100.0,"event_name":"Golden Shrine","player_choice":"Pray","floor":19.0,"gold_loss":0.0,"damage_taken":0.0},{"damage_healed":0,"gold_gain":0,"player_choice":"Fight","damage_taken":0,"max_hp_gain":0,"max_hp_loss":0,"event_name":"Mysterious Sphere","floor":36,"gold_loss":0},{"damage_healed":0,"gold_gain":0,"player_choice":"Memory 1","damage_taken":0,"max_hp_gain":0,"max_hp_loss":0,"event_name":"SensoryStone","floor":37,"gold_loss":0},{"damage_healed":0,"gold_gain":0,"player_choice":"Embrace Madness","damage_taken":10,"max_hp_gain":0,"max_hp_loss":0,"event_name":"Winding Halls","floor":38,"gold_loss":0,"cards_obtained":["Madness","Madness"]},{"damage_healed":0,"gold_gain":0,"cards_transformed":["Evaluate"],"player_choice":"Transformed","damage_taken":0,"max_hp_gain":0,"max_hp_loss":0,"event_name":"Transmorgrifier","floor":48,"gold_loss":0,"cards_obtained":["InnerPeace"]}],"is_beta":false,"boss_relics":[{"not_picked":["SlaversCollar","Busted Crown"],"picked":"HolyWater"},{"not_picked":["Snecko Eye","Empty Cage"],"picked":"Fusion Hammer"}],"items_purged_floors":[27,39],"is_endless":false,"potions_floor_spawned":[4,11,14,16,20,22,29,31,33,36,45],"ascension_level":2}}