{"host":"a7n5dzefz0hsmd08","time":1610994097,"event":{"mods":["2.2 Compatiblity","AchievementEnabler","BaseMod","Minty Spire (QoL Compilation)","Relic Stats","StSLib"],"gold_per_floor":[115,115,139,158,178,217,217,250,276,276,276,300,335,109,109,234,234,223,187,187,202,55,55,386,410,410,410,410,410,410,454,454,574,574,599,665,686,702,702,702,235,248,302,345,345,369,413,476,476,476],"floor_reached":51,"language":"ENG","playtime":2035,"items_purged":["Writhe"],"score":923,"play_id":"4b2efb18-a32a-4f60-a2a8-f5909a692d30","local_time":"20210118192137","is_ascension_mode":true,"campfire_choices":[{"floor":7,"key":"REST"},{"floor":10,"key":"REST"},{"data":"Demon Form","floor":15,"key":"SMITH"},{"data":"Armaments","floor":23,"key":"SMITH"},{"floor":28,"key":"REST"},{"data":"Limit Break","floor":30,"key":"SMITH"},{"data":"Spot Weakness","floor":32,"key":"SMITH"},{"floor":40,"key":"REST"},{"floor":49,"key":"REST"}],"circlet_count":0,"master_deck":["Strike_R+1","Strike_R+1","Strike_R","Strike_R","Defend_R","Defend_R","Defend_R+1","Defend_R","Bash","Anger","Thunderclap","Demon Form+1","Spot Weakness+1","Sword Boomerang+1","Thunderclap+1","Cleave+1","Feed+1","Shockwave+1","Limit Break+1","Inflame","Pommel Strike+1","Armaments+1","Twin Strike+1","Whirlwind+1","Pommel Strike+1","Warcry+1","Reaper+1","Rage+1","Thunderclap+1","Heavy Blade+1","Uppercut+1","Body Slam+1","Pommel Strike+1","Normality","Cleave+1","Juggernaut","Wild Strike+1","Exhume","Clash+1","Pummel+1"],"relics":["Burning Blood","Golden Idol","Molten Egg 2","Orichalcum","Dream Catcher","Smiling Mask","PreservedInsect","Bronze Scales","Old Coin","Darkstone Periapt","Bag of Preparation","Enchiridion","HornCleat","Cursed Key","Mango","Bottled Tornado","Whetstone","Strawberry","War Paint","Akabeko","Calipers"],"acts_visited":["Exordium","TheCity","TheBeyond"],"potions_floor_usage":[8,31,33,33,38,50],"damage_taken":[{"damage":13,"enemies":"Jaw Worm","floor":1,"turns":3},{"damage":6,"enemies":"2 Louse","floor":3,"turns":2},{"damage":1,"enemies":"Cultist","floor":4,"turns":4},{"damage":15,"enemies":"Exordium Thugs","floor":5,"turns":4},{"damage":23,"enemies":"Gremlin Nob","floor":6,"turns":4},{"damage":24,"enemies":"Lagavulin","floor":8,"turns":5},{"damage":0,"enemies":"2 Fungi Beasts","floor":12,"turns":2},{"damage":19,"enemies":"3 Sentries","floor":13,"turns":4},{"damage":46,"enemies":"The Guardian","floor":16,"turns":7},{"damage":22,"enemies":"2 Thieves","floor":18,"turns":4},{"damage":4,"enemies":"Chosen","floor":21,"turns":4},{"damage":21,"enemies":"Gremlin Leader","floor":24,"turns":5},{"damage":21,"enemies":"Sentry and Sphere","floor":25,"turns":4},{"damage":32,"enemies":"Book of Stabbing","floor":31,"turns":4},{"damage":72,"enemies":"Automaton","floor":33,"turns":7},{"damage":14,"enemies":"3 Darklings","floor":35,"turns":2},{"damage":23,"enemies":"2 Orb Walkers","floor":36,"turns":3},{"damage":13,"enemies":"Orb Walker","floor":37,"turns":4},{"damage":45,"enemies":"Maw","floor":38,"turns":6},{"damage":4,"enemies":"Jaw Worm Horde","floor":42,"turns":2},{"damage":53,"enemies":"Nemesis","floor":44,"turns":5},{"damage":6,"enemies":"4 Shapes","floor":46,"turns":2},{"damage":15,"enemies":"Reptomancer","floor":47,"turns":3},{"damage":46,"enemies":"Mind Bloom Boss Battle","floor":48,"turns":4},{"damage":90,"enemies":"Awakened One","floor":50,"turns":7}],"seed_played":"2096993041659045652","potions_obtained":[{"floor":3,"key":"EssenceOfSteel"},{"floor":4,"key":"SkillPotion"},{"floor":6,"key":"FearPotion"},{"floor":12,"key":"EntropicBrew"},{"floor":13,"key":"BloodPotion"},{"floor":18,"key":"FairyPotion"},{"floor":31,"key":"DuplicationPotion"},{"floor":37,"key":"DistilledChaos"},{"floor":42,"key":"DistilledChaos"},{"floor":44,"key":"LiquidMemories"}],"is_trial":false,"path_per_floor":["M","?","M","M","M","E","R","E","T","R","?","M","E","$","R","B",null,"M","$","?","M","$","R","E","M","T","T","R","?","R","E","R","B",null,"M","?","M","M","?","R","$","M","T","E","?","M","E","?","R","B",null],"character_chosen":"IRONCLAD","items_purchased":["PreservedInsect","Shockwave","Inflame","Bronze Scales","Bottled Tornado","Whetstone"],"campfire_rested":5,"item_purchase_floors":[14,14,19,22,41,41],"current_hp_per_floor":[81,59,59,64,55,38,64,46,46,72,72,78,65,65,65,29,92,76,76,76,78,78,78,63,48,48,48,75,59,59,51,51,36,96,88,85,89,50,84,116,116,116,129,82,82,122,117,81,122,68],"gold":476,"neow_bonus":"TEN_PERCENT_HP_BONUS","is_daily":false,"chose_seed":false,"campfire_upgraded":4,"win_rate":0.0,"timestamp":1610994097,"path_taken":["M","?","M","M","M","E","R","E","T","R","?","M","E","?","R","BOSS","M","$","?","M","$","R","E","?","T","?","R","?","R","E","R","BOSS","M","?","M","M","?","R","$","M","T","E","?","?","E","?","R","BOSS"],"items_purchased_type":["Relic","Card","Card","Relic","Relic","Relic"],"build_version":"2020-12-22","purchased_purges":1,"victory":true,"max_hp_per_floor":[88,88,88,88,88,88,88,88,88,88,88,88,88,88,88,92,92,92,92,92,92,92,92,92,92,92,92,92,92,92,92,92,96,96,96,110,110,110,116,116,116,116,129,129,129,133,133,137,137,137],"relic_stats":{"Darkstone Periapt":12,"counters":[25,101],"Golden Idol":205,"PreservedInsect":194,"Bag of Preparation":[24],"Whetstone":["Strike_R","Strike_R"],"Orichalcum":[240],"War Paint":["Defend_R","Shockwave"],"Smiling Mask":25,"Cursed Key":1,"Burning Blood":148,"Dream Catcher":4,"Bronze Scales":[166],"obtain_stats":[{"Darkstone Periapt":26,"Calipers":48,"Golden Idol":2,"Enchiridion":29,"Mango":36,"PreservedInsect":14,"Bag of Preparation":27,"Whetstone":41,"Orichalcum":8,"Bottled Tornado":41,"War Paint":44,"Smiling Mask":13,"Cursed Key":34,"Burning Blood":0,"Akabeko":47,"Old Coin":24,"Dream Catcher":9,"HornCleat":31,"Bronze Scales":22,"Strawberry":43,"Molten Egg 2":6},{"Darkstone Periapt":13,"Calipers":24,"Golden Idol":1,"Enchiridion":13,"Mango":17,"PreservedInsect":8,"Bag of Preparation":13,"Whetstone":19,"Orichalcum":6,"Bottled Tornado":19,"War Paint":21,"Smiling Mask":8,"Cursed Key":15,"Burning Blood":0,"Akabeko":23,"Old Coin":12,"Dream Catcher":6,"HornCleat":14,"Bronze Scales":11,"Strawberry":20,"Molten Egg 2":5},{"Darkstone Periapt":52,"Calipers":94,"Golden Idol":3,"Enchiridion":52,"Mango":68,"PreservedInsect":28,"Bag of Preparation":52,"Whetstone":78,"Orichalcum":22,"Bottled Tornado":78,"War Paint":85,"Smiling Mask":28,"Cursed Key":63,"Burning Blood":0,"Akabeko":90,"Old Coin":48,"Dream Catcher":22,"HornCleat":56,"Bronze Scales":43,"Strawberry":80,"Molten Egg 2":17}]},"card_choices":[{"not_picked":["Armaments","Combust"],"picked":"Anger","floor":1},{"not_picked":["Heavy Blade","Wild Strike"],"picked":"Combust","floor":3},{"not_picked":["Sword Boomerang","Battle Trance"],"picked":"Thunderclap","floor":4},{"not_picked":["Power Through","True Grit"],"picked":"Demon Form","floor":5},{"not_picked":["Shrug It Off","Rupture"],"picked":"Spot Weakness","floor":6},{"not_picked":["Seeing Red","Impervious"],"picked":"Sword Boomerang+1","floor":8},{"not_picked":["Anger+1","Sword Boomerang+1"],"picked":"Thunderclap+1","floor":10},{"not_picked":["Infernal Blade","Sword Boomerang+1"],"picked":"Cleave+1","floor":12},{"not_picked":["Cleave+1","Shrug It Off"],"picked":"Feed+1","floor":13},{"not_picked":["Exhume","Fiend Fire+1"],"picked":"Limit Break","floor":16},{"not_picked":["Wild Strike+1","Havoc+1","Sword Boomerang+1"],"picked":"SKIP","floor":18},{"not_picked":["Sword Boomerang+1","Dual Wield"],"picked":"Armaments","floor":21},{"not_picked":["Clash+1","Entrench"],"picked":"Twin Strike+1","floor":24},{"not_picked":["Clash+1","Headbutt+1"],"picked":"Whirlwind+1","floor":25},{"not_picked":["Burning Pact","Carnage+1"],"picked":"Pommel Strike+1","floor":28},{"not_picked":["Carnage+1","Dual Wield"],"picked":"Warcry+1","floor":31},{"not_picked":["Offering","Immolate+1"],"picked":"Reaper+1","floor":33},{"not_picked":["Thunderclap+1","Clash+1"],"picked":"Rage+1","floor":35},{"not_picked":["Rage+1","Dark Embrace"],"picked":"Thunderclap+1","floor":36},{"not_picked":["Power Through","Combust+1"],"picked":"Heavy Blade+1","floor":37},{"not_picked":["Clothesline+1","Pommel Strike+1"],"picked":"Uppercut+1","floor":38},{"not_picked":["Immolate+1","Wild Strike+1"],"picked":"Body Slam+1","floor":40},{"not_picked":["Ghostly Armor+1","Searing Blow+1"],"picked":"Pommel Strike+1","floor":42},{"not_picked":["True Grit","Body Slam+1"],"picked":"Cleave+1","floor":44},{"not_picked":["Dual Wield","Warcry"],"picked":"Wild Strike+1","floor":46},{"not_picked":["Headbutt+1","Havoc+1"],"picked":"Exhume","floor":47},{"not_picked":["Carnage+1","Clothesline+1"],"picked":"Clash+1","floor":48},{"not_picked":["Sever Soul+1","Searing Blow+1"],"picked":"Pummel+1","floor":49}],"player_experience":170497,"relics_obtained":[{"floor":6,"key":"Molten Egg 2"},{"floor":8,"key":"Orichalcum"},{"floor":9,"key":"Dream Catcher"},{"floor":13,"key":"Smiling Mask"},{"floor":24,"key":"Old Coin"},{"floor":26,"key":"Darkstone Periapt"},{"floor":27,"key":"Bag of Preparation"},{"floor":29,"key":"Enchiridion"},{"floor":31,"key":"HornCleat"},{"floor":36,"key":"Mango"},{"floor":43,"key":"Strawberry"},{"floor":44,"key":"War Paint"},{"floor":47,"key":"Akabeko"},{"floor":48,"key":"Calipers"}],"event_choices":[{"damage_healed":0,"gold_gain":0,"player_choice":"Take Damage","damage_taken":22,"relics_obtained":["Golden Idol"],"max_hp_gain":0,"max_hp_loss":0,"event_name":"Golden Idol","floor":2,"gold_loss":0},{"damage_healed":0,"gold_gain":0,"player_choice":"Ignored","damage_taken":0,"max_hp_gain":0,"max_hp_loss":0,"event_name":"Golden Wing","floor":11,"gold_loss":0},{"damage_healed":0,"gold_gain":0,"cards_transformed":["Strike_R"],"player_choice":"Transformed","damage_taken":0,"max_hp_gain":0,"max_hp_loss":0,"event_name":"Transmorgrifier","floor":20,"gold_loss":0,"cards_obtained":["Pommel Strike"]},{"damage_healed":0,"gold_gain":0,"player_choice":"Obtained Book","damage_taken":16,"max_hp_gain":0,"max_hp_loss":0,"event_name":"Cursed Tome","floor":29,"gold_loss":0},{"damage_healed":0,"gold_gain":0,"player_choice":"Fight","damage_taken":0,"max_hp_gain":0,"max_hp_loss":0,"event_name":"Mysterious Sphere","floor":36,"gold_loss":0},{"damage_healed":28,"gold_gain":0,"player_choice":"Writhe","damage_taken":0,"max_hp_gain":0,"max_hp_loss":0,"event_name":"Winding Halls","floor":39,"gold_loss":0,"cards_obtained":["Writhe"]},{"damage_healed":0,"gold_gain":0,"cards_transformed":["Combust"],"player_choice":"Transformed","damage_taken":0,"max_hp_gain":0,"max_hp_loss":0,"event_name":"Transmorgrifier","floor":45,"gold_loss":0,"cards_obtained":["Juggernaut"]},{"damage_healed":0,"gold_gain":0,"player_choice":"Fight","damage_taken":0,"max_hp_gain":0,"max_hp_loss":0,"event_name":"MindBloom","floor":48,"gold_loss":0}],"is_beta":false,"boss_relics":[{"not_picked":["Fusion Hammer","Ectoplasm","Coffee Dripper"]},{"not_picked":["Runic Dome","Velvet Choker"],"picked":"Cursed Key"}],"items_purged_floors":[41],"is_endless":false,"potions_floor_spawned":[3,4,6,12,13,18,31,37,42,44,47],"ascension_level":1}}