{"host":"684z1xpuwaoqmmh1","time":1610965860,"event":{"mods":["Bard","BaseMod","Downfall","Hermit","Jorbs\u0027s Wanderer Trilogy","Marisa????????","Minty Spire (QoL Compilation)","Robot Space Explorer","Shade Mod","StSLib","The Bug Knight","The Cursed","The Hayseed","The Hierophant","The Marked","The Mystic","The Runesmith","The Senshi","The Spell Scribe"],"gold_per_floor":[113,132,307,582,597,630,630,662,662,679,679,699,699,699],"floor_reached":13,"language":"ENG","playtime":444,"items_purged":[],"score":157,"play_id":"f19e7d74-89eb-4be9-a7c7-297c35c28d3e","local_time":"20210118123100","is_ascension_mode":true,"campfire_choices":[{"floor":7.0,"key":"REST"},{"floor":11,"key":"REST"}],"circlet_count":0,"master_deck":["AscendersBane","hermit:Strike_Hermit","hermit:Strike_Hermit","hermit:Strike_Hermit","hermit:Strike_Hermit","hermit:Defend_Hermit","hermit:Defend_Hermit","hermit:Defend_Hermit","hermit:Defend_Hermit","hermit:Snapshot","hermit:Covet","hermit:Misfire","hermit:Brawl","Doubt","Regret","hermit:Virtue","hermit:Adapt","hermit:Deadeye","hermit:ShadowCloak"],"relics":["hermit:Momento","HollowMod:PaleOreRelic","Matryoshka","Runesmith:AutoHammer","Lantern","Sundial"],"acts_visited":["Exordium"],"potions_floor_usage":[8,10,13],"damage_taken":[{"damage":1.0,"enemies":"Cultist","floor":1.0,"turns":3.0},{"damage":2.0,"enemies":"Jaw Worm","floor":2.0,"turns":2.0},{"damage":6.0,"enemies":"2 Louse","floor":5.0,"turns":3.0},{"damage":50.0,"enemies":"3 Sentries","floor":6.0,"turns":9.0},{"damage":18,"enemies":"Gremlin Nob","floor":8,"turns":4},{"damage":11,"enemies":"Exordium Thugs","floor":10,"turns":6},{"damage":15,"enemies":"2 Fungi Beasts","floor":12,"turns":4},{"damage":16,"enemies":"3 Sentries","floor":13,"turns":2}],"seed_played":"3323755457649147143","potions_obtained":[{"floor":5.0,"key":"hermit:Eclipse"},{"floor":6.0,"key":"hexamod:SoulburnPotion"},{"floor":8,"key":"Dexterity Potion"}],"is_trial":false,"path_per_floor":["M","M","?","?","M","E","R","E","T","M","R","M","E"],"character_chosen":"HERMIT","items_purchased":[],"campfire_rested":2,"item_purchase_floors":[],"current_hp_per_floor":[67,65,65,65,59,9,31,13,13,2,24,9,0,0],"gold":699,"neow_bonus":"RANDOM_COMMON_RELIC","is_daily":false,"chose_seed":false,"campfire_upgraded":0,"win_rate":0.0,"timestamp":1610965860,"path_taken":["M","M","?","?","M","E","R","E","T","?","R","?","E"],"items_purchased_type":[],"build_version":"2020-12-22","purchased_purges":0,"victory":false,"max_hp_per_floor":[75,75,75,75,75,75,75,75,75,75,75,75,75,75],"card_choices":[{"not_picked":["hermit:Dive","hermit:Virtue"],"picked":"hermit:Misfire","floor":1.0},{"not_picked":["hermit:Manifest","hermit:SprayPray"],"picked":"hermit:Brawl","floor":2.0},{"not_picked":["hermit:LuckOfTheDraw","hermit:Desperado"],"picked":"hermit:Virtue","floor":5.0},{"not_picked":["hermit:LowProfile","hermit:Ricochet"],"picked":"hermit:Adapt","floor":6.0},{"not_picked":["hermit:Coalescence","hermit:Desperado","hermit:Misfire"],"picked":"SKIP","floor":8},{"not_picked":["hermit:WideOpen","hermit:Coalescence"],"picked":"hermit:Deadeye","floor":10},{"not_picked":["hermit:CalledShot","hermit:Shortfuse"],"picked":"hermit:ShadowCloak","floor":12}],"player_experience":2873133,"relics_obtained":[{"floor":6.0,"key":"Matryoshka"},{"floor":8,"key":"Runesmith:AutoHammer"},{"floor":9,"key":"Lantern"},{"floor":9,"key":"Sundial"}],"event_choices":[{"damage_healed":0.0,"max_hp_gain":0.0,"max_hp_loss":0.0,"gold_gain":175.0,"event_name":"Liars Game","player_choice":"AGREE","floor":3.0,"gold_loss":0.0,"damage_taken":0.0,"cards_obtained":["Doubt"]},{"damage_healed":0.0,"max_hp_gain":0.0,"max_hp_loss":0.0,"gold_gain":275.0,"event_name":"Golden Shrine","player_choice":"Desecrate","floor":4.0,"gold_loss":0.0,"damage_taken":0.0,"cards_obtained":["Regret"]}],"is_beta":false,"boss_relics":[],"items_purged_floors":[],"is_endless":false,"potions_floor_spawned":[5,6,8],"killed_by":"3 Sentries","ascension_level":13}}