{"host":"fworv1gvvajf3x0f","time":1610975511,"event":{"mods":["AchievementEnabler","Aspiration","BaseMod","Better Match","Better Note","Better Sensory Stone","Better Third Choice","Better Vampires","Better-Laid Plans","BetterRewards","Colored Map","Colored Powertips","Displayed Cursed Tome","Energized Spire","Good Game Mod","Highlight Path","Infinite Spire","Minty Spire (QoL Compilation)","Poor People Problems","Relic Stats","Replay The Spire","Spicy Shops","StSLib"],"gold_per_floor":[117,134,134,332,351,351,121,121,121,140,140,165,185,185,185,282,282,297,297,297,314,9,42,62,82,82,82,97,115,115,142,142,237,237,257,257,267,267,267,302,302,334,358,358,375,403,403,423,423,423,423,423,6,33,33],"floor_reached":56,"language":"ZHS","playtime":5763,"items_purged":["Pride","Strike_R","Strike_R","Languid","Bash"],"score":1795,"play_id":"6c658f1b-a7c8-468b-a046-604fe445868c","local_time":"20210118211151","is_ascension_mode":true,"campfire_choices":[{"data":"infinitespire:Collect","floor":6,"key":"SMITH"},{"data":"Uppercut","floor":8,"key":"SMITH"},{"data":"Rampage","floor":15,"key":"SMITH"},{"data":"Battle Trance","floor":32,"key":"SMITH"},{"floor":44,"key":"RECALL"},{"data":"Replay:BasicMightCard","floor":47,"key":"SMITH"},{"data":"Strike_R","floor":49,"key":"PURGE"},{"data":"infinitespire:UltimateForm","floor":52,"key":"SMITH"}],"circlet_count":0,"master_deck":["Defend_R","Defend_R","Defend_R","Defend_R","Feed","Shockwave","Rampage+1","Dropkick","infinitespire:Collect+1","Ghostly Armor","True Grit","Uppercut+1","CommonCold","ReplayTheSpireMod:Limb From Limb","Demonic Infusion","Abandon+1","Searing Blow","Battle Trance+1","Headbutt","Exhume","Armaments+1","infinitespire:UltimateForm+1","ReplayTheSpireMod:??????????????????????","infinitespire:DeathsTouch","Battle Trance+1","Barricade","Body Slam+1","Madness","Madness","Replay:BasicMightCard+1","The Bomb","Dark Embrace","Life Link","Entrench+1","Fiend Fire","Dual Wield","Inflame"],"relics":["Burning Blood","REME:ComplimentaryCards","Medical Kit","infinitespire:Golems Mask","Shuriken","Ring of Searing","Ring of Panic","Garlic","Snecko Heart","PreservedInsect","Bottled Lightning","ReplayTheSpireMod:EnergyBall","Letter Opener","White Beast Statue","Velvet Choker","ReplayTheSpireMod:Lightbulb","WingedGreaves","Champion Belt","aspiration:FetidBarrel","ReplayFunnel","Gremlin Food","Ornamental Fan"],"acts_visited":["Exordium","TheCity","TheBeyond","TheEnding"],"potions_floor_usage":[12,21,31,54,55,55,55,55],"damage_taken":[{"damage":1,"enemies":"Small Slimes","floor":1,"turns":4},{"damage":4,"enemies":"Jaw Worm","floor":2,"turns":3},{"damage":1,"enemies":"Cultist","floor":5,"turns":3},{"damage":7,"enemies":"Red Slaver","floor":10,"turns":2},{"damage":15,"enemies":"Lagavulin","floor":12,"turns":3},{"damage":2,"enemies":"Blue Slaver","floor":13,"turns":2},{"damage":15,"enemies":"Fading Forest","floor":16,"turns":10},{"damage":15,"enemies":"Shell Parasite","floor":18,"turns":4},{"damage":10,"enemies":"Spheric Guardian","floor":21,"turns":3},{"damage":14,"enemies":"Slavers","floor":23,"turns":3},{"damage":5,"enemies":"Snecko","floor":24,"turns":2},{"damage":10,"enemies":"Centurion and Healer","floor":25,"turns":3},{"damage":10,"enemies":"Cultist and Chosen","floor":28,"turns":3},{"damage":5,"enemies":"Snake Plant","floor":29,"turns":2},{"damage":24,"enemies":"Gremlin Leader","floor":31,"turns":3},{"damage":21,"enemies":"Automaton","floor":33,"turns":5},{"damage":5,"enemies":"Orb Walker","floor":35,"turns":2},{"damage":25,"enemies":"3 Shapes","floor":37,"turns":3},{"damage":2,"enemies":"Nemesis","floor":40,"turns":5},{"damage":7,"enemies":"R_Hoarder","floor":42,"turns":4},{"damage":27,"enemies":"3 Darklings","floor":45,"turns":3},{"damage":12,"enemies":"Nemesis","floor":46,"turns":7},{"damage":7,"enemies":"Writhing Mass","floor":48,"turns":4},{"damage":27,"enemies":"Time Eater","floor":50,"turns":5},{"damage":51,"enemies":"Shield and Spear","floor":54,"turns":6},{"damage":32,"enemies":"The Heart","floor":55,"turns":7}],"seed_played":"6984411912132943507","potions_obtained":[{"floor":1,"key":"Fire Potion"},{"floor":10,"key":"Swift Potion"},{"floor":12,"key":"PowerPotion"},{"floor":20,"key":"infinitespire:BlackPotion"},{"floor":20,"key":"Venom Potion"},{"floor":21,"key":"Strength Potion"},{"floor":31,"key":"ElixirPotion"},{"floor":33,"key":"Elixir"},{"floor":37,"key":"ColorlessPotion"},{"floor":40,"key":"LiquidMemories"},{"floor":54,"key":"SkillPotion"}],"is_trial":false,"path_per_floor":["M","M","?","?","M","R","$","R","T","M","?","E","M","?","R","B",null,"M","?","?","M","$","E","M","M","T","AVR","M","M","?","E","R","B",null,"M","AVR","M","?","?","E","?","E","T","R","M","E","R","M","R_BF","B",null,"R","$","E","B",null],"character_chosen":"IRONCLAD","items_purchased":["Medical Kit","Shockwave","infinitespire:Golems Mask","Uppercut","Headbutt","Exhume","ReplayFunnel","Gremlin Food","Inflame"],"campfire_rested":0,"item_purchase_floors":[0,0,7,7,22,22,53,53,53],"current_hp_per_floor":[81,86,65,65,73,73,73,73,73,75,75,66,74,74,74,65,96,90,90,90,86,86,85,90,93,93,93,93,94,94,76,76,61,121,121,121,105,89,89,93,93,92,92,92,71,65,65,64,64,43,124,124,124,79,53],"gold":33,"neow_bonus":"","is_daily":false,"chose_seed":false,"campfire_upgraded":6,"win_rate":0.0,"timestamp":1610975511,"path_taken":["M","M","?","?","M","R","$","R","T","?","?","E","M","?","R","BOSS","M","?","?","?","$","E","M","M","T","AVR","M","M","?","E","R","BOSS","M","AVR","M","?","?","E","?","E","T","R","M","E","R","M","R_BF","BOSS","R","$","E","BOSS"],"items_purchased_type":["Relic","Card","Relic","Card","Card","Card","Relic","Relic","Card"],"build_version":"2020-12-22","purchased_purges":5,"victory":true,"max_hp_per_floor":[83,86,86,86,89,89,89,89,89,92,92,92,96,96,96,96,96,99,99,99,99,99,106,110,117,117,117,121,121,121,121,121,121,121,121,121,124,124,124,124,124,124,124,124,124,124,124,124,124,124,124,124,124,124,124],"relic_stats":{"counters":[104,435],"Shuriken":[32],"Ornamental Fan":[0],"PreservedInsect":294,"Letter Opener":[130],"Champion Belt":[15],"Medical Kit":[6],"obtain_stats":[{"Divine Protection":28,"Calipers":26,"Vampiric Spirits":29,"Whetstone":6,"aspiration:RitualStick":19,"Ring of Searing":11,"Lizard Tail":9,"aspiration:PoetsPen":51,"aspiration:BabyByrd":7,"MealTicket":13,"aspiration:ArtOfWarUpgrade":10,"infinitespire:Golems Mask":7,"HandDrill":0,"Ring of Hypnosis":12,"ReplayTheSpireMod:CursedCoin":10,"Velvet Choker":34,"aspiration:SeaSaltIceCream":26,"infinitespire:Magic Flask":10,"Letter Opener":30,"Akabeko":29,"aspiration:FrozenJewel":47,"Snecko Scales":29,"Shuriken":9,"ReplayTheSpireMod:Ring of Collecting":12,"Bird Faced Urn":0,"Molten Egg 2":7,"Pandora\u0027s Box":17,"CultistMask":14,"Grinning Jar":0,"Unceasing Top":0,"Pocketwatch":0,"energizedSpire:PogoStick":34,"ReplayFunnel":53,"ReplayTheSpireMod:Ring of Exchange":22,"Snecko Heart":17,"Incense Burner":36,"Empty Cage":17,"PrismaticShard":27,"Smiling Mask":7,"Burning Blood":0,"ReplayTheSpireMod:EnergyBall":27,"Replay:Bandana":10,"energizedSpire:CursedPentagram":17,"Chameleon Ring":23,"Ring of Peace":20,"Replay:Lucky Slots":24,"WingedGreaves":40,"energizedSpire:HugeHouse":17,"aspiration:FutureDiary":26,"Ring of Panic":11,"infinitespire:Chaos":0,"Ring of the Snake":0,"Gremlin Food":36,"NeowsBlessing":0,"Self Forming Clay":9,"aspiration:FetidBarrel":46,"Guide Book":36,"infinitespire:EmptyRelic":0,"betterThird:NestCultRelic":21,"PreservedInsect":23,"infinitespire:Lucky Rock":20,"Odd Mushroom":8,"Medical Kit":11,"White Beast Statue":0,"Mercury Hourglass":23,"Strange Spoon":31,"REME:ComplimentaryCards":0,"Ornamental Fan":54,"aspiration:WatcherSkillbook":34,"Bag of Marbles":41,"Art of War":7,"Garlic":12,"Membership Card":0,"Bottled Lightning":26,"Champion Belt":42,"ReplayTheSpireMod:Ring of Challenge":26,"PureWater":0,"ReplayTheSpireMod:Lightbulb":36,"infinitespire:Midas Blood":9},{"Divine Protection":13,"Calipers":33,"Vampiric Spirits":35,"Whetstone":57,"aspiration:RitualStick":62,"Ring of Searing":82,"Lizard Tail":5,"aspiration:PoetsPen":46,"aspiration:BabyByrd":67,"MealTicket":26,"aspiration:ArtOfWarUpgrade":53,"infinitespire:Golems Mask":81,"HandDrill":64,"Ring of Hypnosis":6,"ReplayTheSpireMod:CursedCoin":23,"Velvet Choker":94,"aspiration:SeaSaltIceCream":12,"infinitespire:Magic Flask":23,"Letter Opener":92,"Akabeko":13,"aspiration:FrozenJewel":44,"Snecko Scales":35,"Shuriken":81,"ReplayTheSpireMod:Ring of Collecting":6,"Bird Faced Urn":53,"Molten Egg 2":4,"Pandora\u0027s Box":73,"CultistMask":6,"Grinning Jar":18,"Unceasing Top":18,"Pocketwatch":47,"energizedSpire:PogoStick":14,"ReplayFunnel":102,"ReplayTheSpireMod:Ring of Exchange":30,"Snecko Heart":85,"Incense Burner":39,"Empty Cage":7,"PrismaticShard":12,"Smiling Mask":23,"Burning Blood":0,"ReplayTheSpireMod:EnergyBall":90,"Replay:Bandana":23,"energizedSpire:CursedPentagram":28,"Chameleon Ring":31,"Ring of Peace":9,"Replay:Lucky Slots":77,"WingedGreaves":97,"energizedSpire:HugeHouse":61,"aspiration:FutureDiary":12,"Ring of Panic":82,"infinitespire:Chaos":53,"Ring of the Snake":0,"Gremlin Food":39,"NeowsBlessing":0,"Self Forming Clay":53,"aspiration:FetidBarrel":100,"Guide Book":39,"infinitespire:EmptyRelic":53,"betterThird:NestCultRelic":76,"PreservedInsect":88,"infinitespire:Lucky Rock":9,"Odd Mushroom":68,"Medical Kit":58,"White Beast Statue":53,"Mercury Hourglass":11,"Strange Spoon":13,"REME:ComplimentaryCards":0,"Ornamental Fan":103,"aspiration:WatcherSkillbook":38,"Bag of Marbles":42,"Art of War":53,"Garlic":83,"Membership Card":18,"Bottled Lightning":90,"Champion Belt":98,"ReplayTheSpireMod:Ring of Challenge":12,"PureWater":53,"ReplayTheSpireMod:Lightbulb":95,"infinitespire:Midas Blood":23},{"Divine Protection":55,"Calipers":160,"Vampiric Spirits":170,"Whetstone":242,"aspiration:RitualStick":272,"Ring of Searing":346,"Lizard Tail":16,"aspiration:PoetsPen":208,"aspiration:BabyByrd":291,"MealTicket":124,"aspiration:ArtOfWarUpgrade":233,"infinitespire:Golems Mask":344,"HandDrill":280,"Ring of Hypnosis":18,"ReplayTheSpireMod:CursedCoin":112,"Velvet Choker":389,"aspiration:SeaSaltIceCream":49,"infinitespire:Magic Flask":112,"Letter Opener":381,"Akabeko":55,"aspiration:FrozenJewel":199,"Snecko Scales":170,"Shuriken":344,"ReplayTheSpireMod:Ring of Collecting":18,"Bird Faced Urn":233,"Molten Egg 2":11,"Pandora\u0027s Box":318,"CultistMask":18,"Grinning Jar":95,"Unceasing Top":95,"Pocketwatch":209,"energizedSpire:PogoStick":66,"ReplayFunnel":422,"ReplayTheSpireMod:Ring of Exchange":147,"Snecko Heart":361,"Incense Burner":184,"Empty Cage":29,"PrismaticShard":49,"Smiling Mask":112,"Burning Blood":0,"ReplayTheSpireMod:EnergyBall":376,"Replay:Bandana":112,"energizedSpire:CursedPentagram":138,"Chameleon Ring":153,"Ring of Peace":38,"Replay:Lucky Slots":332,"WingedGreaves":399,"energizedSpire:HugeHouse":265,"aspiration:FutureDiary":49,"Ring of Panic":346,"infinitespire:Chaos":233,"Ring of the Snake":0,"Gremlin Food":184,"NeowsBlessing":0,"Self Forming Clay":233,"aspiration:FetidBarrel":413,"Guide Book":184,"infinitespire:EmptyRelic":233,"betterThird:NestCultRelic":327,"PreservedInsect":371,"infinitespire:Lucky Rock":38,"Odd Mushroom":295,"Medical Kit":247,"White Beast Statue":233,"Mercury Hourglass":46,"Strange Spoon":55,"REME:ComplimentaryCards":0,"Ornamental Fan":428,"aspiration:WatcherSkillbook":181,"Bag of Marbles":193,"Art of War":233,"Garlic":349,"Membership Card":95,"Bottled Lightning":376,"Champion Belt":403,"ReplayTheSpireMod:Ring of Challenge":49,"PureWater":233,"ReplayTheSpireMod:Lightbulb":391,"infinitespire:Midas Blood":112}],"Burning Blood":281},"card_choices":[{"not_picked":["Cleave","Uppercut"],"picked":"Rampage","floor":1},{"not_picked":["Twin Strike","Heavy Blade"],"picked":"Dropkick","floor":2},{"not_picked":["infinitespire:SealOfDarkness+","infinitespire:SevenWalls"],"picked":"infinitespire:Collect","floor":3},{"not_picked":["Warcry","Defy Death"],"picked":"Ghostly Armor","floor":4},{"not_picked":["Cleave","Infernal Blade"],"picked":"True Grit","floor":5},{"not_picked":["Sword Boomerang","Iron Wave","Sever Soul"],"picked":"SKIP","floor":10},{"not_picked":["True Grit","Wild Strike"],"picked":"ReplayTheSpireMod:Limb From Limb","floor":12},{"not_picked":["Intimidate","Inflame","Wild Strike"],"picked":"SKIP","floor":13},{"not_picked":["Bludgeon","Replay:Many Hands"],"picked":"Demonic Infusion","floor":16},{"not_picked":["Warcry","Anger"],"picked":"Abandon+1","floor":18},{"not_picked":["Evolve+1","Searing Blow"],"picked":"Battle Trance","floor":21},{"not_picked":["Reckless Charge+1","Havoc","Abandon"],"picked":"SKIP","floor":23},{"not_picked":["Wild Strike+1","True Grit","Perfected Strike"],"picked":"SKIP","floor":24},{"not_picked":["Pommel Strike","Havoc"],"picked":"Armaments+1","floor":25},{"not_picked":["Metallicize","Thunderclap","Perfected Strike"],"picked":"SKIP","floor":28},{"not_picked":["Thunderclap","Armaments"],"picked":"Battle Trance+1","floor":29},{"not_picked":["Wild Strike","Exhume","Rampage"],"picked":"SKIP","floor":31},{"not_picked":["Brutality","Berserk"],"picked":"Barricade","floor":33},{"not_picked":["ReplayTheSpireMod:Stacked","Dark Embrace"],"picked":"Body Slam+1","floor":35},{"not_picked":["Sword Boomerang","Cleave+1","Clothesline"],"picked":"SKIP","floor":37},{"not_picked":["Replay:Sssssssssshield","Purity"],"picked":"Replay:BasicMightCard","floor":39},{"not_picked":["Dramatic Entrance","Replay:Bootleg Shield Generator"],"picked":"The Bomb","floor":39},{"not_picked":["Inflame+1","Warcry"],"picked":"Dark Embrace","floor":40},{"not_picked":["Thunderclap","ReplayTheSpireMod:Strike From Hell","Feed"],"picked":"SKIP","floor":42},{"not_picked":["Power Through+1","Spot Weakness+1"],"picked":"Entrench+1","floor":45},{"not_picked":["Headbutt+1","Fire Breathing"],"picked":"Fiend Fire","floor":46},{"not_picked":["True Grit","Heavy Blade"],"picked":"Dual Wield","floor":48},{"not_picked":["Anger+1","Armaments","Warcry+1"],"picked":"SKIP","floor":54}],"player_experience":267540,"relics_obtained":[{"floor":9,"key":"Shuriken"},{"floor":11,"key":"Ring of Searing"},{"floor":11,"key":"Ring of Panic"},{"floor":12,"key":"Garlic"},{"floor":23,"key":"PreservedInsect"},{"floor":26,"key":"Bottled Lightning"},{"floor":31,"key":"White Beast Statue"},{"floor":40,"key":"WingedGreaves"},{"floor":42,"key":"Champion Belt"},{"floor":46,"key":"aspiration:FetidBarrel"},{"floor":54,"key":"Ornamental Fan"}],"event_choices":[{"cards_removed":["Strike_R"],"damage_healed":0,"gold_gain":0,"player_choice":"Forget","damage_taken":0,"max_hp_gain":0,"max_hp_loss":0,"event_name":"Living Wall","floor":14,"gold_loss":0},{"damage_healed":0,"gold_gain":0,"player_choice":"Read","damage_taken":0,"max_hp_gain":0,"max_hp_loss":0,"event_name":"The Library","floor":19,"gold_loss":0,"cards_obtained":["Searing Blow"]},{"damage_healed":0,"gold_gain":0,"player_choice":"Got Potions","damage_taken":0,"max_hp_gain":0,"max_hp_loss":0,"event_name":"Lab","floor":20,"gold_loss":0},{"damage_healed":0,"gold_gain":0,"player_choice":"Embrace Madness","damage_taken":16,"max_hp_gain":0,"max_hp_loss":0,"event_name":"Winding Halls","floor":38,"gold_loss":0,"cards_obtained":["Madness","Madness"]},{"damage_healed":0,"gold_gain":3,"player_choice":"1","damage_taken":0,"max_hp_gain":0,"max_hp_loss":0,"event_name":"betterStone:BetterStone","floor":39,"gold_loss":0},{"damage_healed":0,"gold_gain":0,"cards_transformed":["Strike_R"],"player_choice":"Transformed","damage_taken":0,"max_hp_gain":0,"max_hp_loss":0,"event_name":"Transmorgrifier","floor":41,"gold_loss":0,"cards_obtained":["Life Link"]}],"is_beta":false,"boss_relics":[{"not_picked":["Busted Crown","Cursed Key"],"picked":"Snecko Heart"},{"not_picked":["Replay:Ancient Bell","Runic Dome"],"picked":"Velvet Choker"}],"items_purged_floors":[7,22,27,36,53],"is_endless":false,"potions_floor_spawned":[1,10,12,21,24,31,33,35,37,40,42,45,46,48,54],"ascension_level":4}}