{"host":"5dk97cf2ubw2v967","time":1610977885,"event":{"mods":["AlwaysNeverKeys","BaseMod","Better Altar","Better Vampires","Block Reminder","Colored Powertips","Downfall","Googly Eyes","Highlight Path","Minty Spire (QoL Compilation)","Permanent Neow","Potion Indicator Mod","Quick Restart","Relic Filter","Relic Stats","Say the Spire","Spicy Shops","StSLib","Waifu the Spire","everything is the same but u backflip on backflip"],"gold_per_floor":[99,117,27,38,57,88,115,145,45,30,30,15,49,67,87,87,87,87],"floor_reached":16,"language":"ENG","playtime":1213,"items_purged":["Guardian:Defend_Guardian"],"score":162,"play_id":"d5dda302-0dc9-48a7-afb5-94f3482e0df3","local_time":"20210118135125","is_ascension_mode":true,"campfire_choices":[{"data":"Guardian:TwinSlam","floor":1,"key":"SMITH"},{"floor":9,"key":"REST"}],"circlet_count":0,"master_deck":["Guardian:Strike_Guardian","Guardian:Strike_Guardian","Guardian:Strike_Guardian","Guardian:Strike_Guardian","Guardian:Defend_Guardian","Guardian:Defend_Guardian","Guardian:Defend_Guardian","Guardian:CurlUp","Guardian:TwinSlam+1","Guardian:ShieldCharger","Guardian:SpikerProtocol","Guardian:Reroute","Guardian:ShieldCharger","Guardian:StasisField","Guardian:PiercingHide","Guardian:Gem_Purple","Guardian:FuturePlans"],"relics":["Guardian:StasisSlotReductionRelic","Bottled Lightning","Happy Flower","Gambling Chip","downfall:HeartBlessingGreen","downfall:ShatteredFragment","Matryoshka"],"acts_visited":["Exordium"],"potions_floor_usage":[6,16],"damage_taken":[{"damage":0,"enemies":"Cultist","floor":2,"turns":3},{"damage":0,"enemies":"downfall:FleeingMerchant","floor":3,"turns":4},{"damage":0,"enemies":"Small Slimes","floor":4,"turns":3},{"damage":12,"enemies":"Jaw Worm","floor":5,"turns":3},{"damage":6,"enemies":"Lagavulin","floor":6,"turns":7},{"damage":10,"enemies":"3 Sentries","floor":8,"turns":8},{"damage":0,"enemies":"downfall:FleeingMerchant","floor":10,"turns":4},{"damage":0,"enemies":"downfall:FleeingMerchant","floor":12,"turns":4},{"damage":3,"enemies":"Lagavulin","floor":13,"turns":5},{"damage":8,"enemies":"Lots of Slimes","floor":14,"turns":5},{"damage":0,"enemies":"Blue Slaver","floor":15,"turns":3},{"damage":35,"enemies":"SI_SHIV_ARCHETYPE","floor":16,"turns":8}],"seed_played":"5739308109830428461","potions_obtained":[{"floor":4,"key":"Dexterity Potion"},{"floor":8,"key":"SkillPotion"},{"floor":13,"key":"Fruit Juice"},{"floor":14,"key":"SneckoOil"}],"is_trial":false,"path_per_floor":["R","M","$","M","M","E","T","E","R","$","?","$","E","M","M","B"],"character_chosen":"GUARDIAN","items_purchased":[],"campfire_rested":1,"item_purchase_floors":[],"current_hp_per_floor":[72,72,72,72,60,54,54,44,68,68,44,44,41,33,33,0,0,0],"gold":87,"neow_bonus":"BOSS_RELIC","is_daily":false,"chose_seed":false,"campfire_upgraded":1,"win_rate":0.0,"timestamp":1610977885,"path_taken":["R","M","?","M","M","E","T","E","R","$","?","?","E","?","M","BOSS"],"items_purchased_type":[],"build_version":"2020-12-22","purchased_purges":1,"victory":false,"max_hp_per_floor":[80,80,80,80,80,80,80,80,80,80,80,80,80,80,80,80,80,80],"relic_stats":{"Happy Flower":[12],"counters":[12,57],"Gambling Chip":[16],"obtain_stats":[{"Guardian:StasisSlotReductionRelic":0,"downfall:ShatteredFragment":11,"Matryoshka":13,"Happy Flower":7,"Gambling Chip":8,"Guardian:ModeShifter":0,"downfall:HeartBlessingGreen":9,"Bottled Lightning":6},{"Guardian:StasisSlotReductionRelic":0,"downfall:ShatteredFragment":7,"Matryoshka":9,"Happy Flower":5,"Gambling Chip":6,"Guardian:ModeShifter":0,"downfall:HeartBlessingGreen":6,"Bottled Lightning":5},{"Guardian:StasisSlotReductionRelic":0,"downfall:ShatteredFragment":32,"Matryoshka":41,"Happy Flower":20,"Gambling Chip":28,"Guardian:ModeShifter":0,"downfall:HeartBlessingGreen":28,"Bottled Lightning":20}]},"card_choices":[{"not_picked":["Guardian:Gem_Green","Guardian:DecasProtection"],"picked":"Guardian:ShieldCharger","floor":2},{"not_picked":["Guardian:Planning","Guardian:BodySlam"],"picked":"Guardian:SpikerProtocol","floor":3},{"not_picked":["Guardian:GuardianWhirl","Guardian:MultiBeam"],"picked":"Guardian:Reroute","floor":4},{"not_picked":["Guardian:Suspension","Guardian:Gem_Cyan"],"picked":"Guardian:ShieldCharger","floor":5},{"not_picked":["Guardian:Reroute","Guardian:Gem_Cyan"],"picked":"Guardian:StasisField","floor":6},{"not_picked":["Guardian:BodySlam","Guardian:TemporalStrike","Guardian:TemporalShield"],"picked":"SKIP","floor":8},{"not_picked":["Guardian:CrystalBeam","Guardian:Planning","Guardian:VentSteam"],"picked":"SKIP","floor":10},{"not_picked":["Guardian:TemporalShield","Guardian:PolyBeam"],"picked":"Guardian:PiercingHide","floor":12},{"not_picked":["Guardian:Recover","Guardian:Gem_Green"],"picked":"Guardian:Gem_Purple","floor":13},{"not_picked":["Guardian:CrystalBeam","Guardian:FierceBash"],"picked":"Guardian:FuturePlans","floor":14},{"not_picked":["Guardian:Reroute","Guardian:Recover","Guardian:TemporalStrike"],"picked":"SKIP","floor":15}],"player_experience":1213977,"relics_obtained":[{"floor":6,"key":"Bottled Lightning"},{"floor":7,"key":"Happy Flower"},{"floor":8,"key":"Gambling Chip"},{"floor":13,"key":"Matryoshka"}],"event_choices":[],"is_beta":false,"boss_relics":[],"items_purged_floors":[3],"is_endless":false,"potions_floor_spawned":[4,8,13,14],"killed_by":"SI_SHIV_ARCHETYPE","ascension_level":7}}