{"host":"sc0o2qwpf9j16a4i","time":1610971404,"event":{"mods":["AchievementEnabler","BaseMod","BetterRewards","Block Reminder","Colored Map","Colored Powertips","Custom Start","Highlight Path","Minty Spire (QoL Compilation)","Relic Stats"],"gold_per_floor":[117,127,140,158,158,188,188,220,220,250,250,260,287,287,287,366,366,385,400,400,106,31,31,63,63,87,122,122,132,46,146,146,221,221,233,233,233,243,243,243,10,42,42,61,88,0,14,27,27,27,27,27,27,27,55,55],"floor_reached":57,"language":"ENG","playtime":3793,"items_purged":["Strike_G"],"score":3977,"play_id":"379e4119-320a-41f0-8f3d-de8113ccbd68","local_time":"20210118140324","is_ascension_mode":true,"campfire_choices":[{"floor":7,"key":"REST"},{"floor":11,"key":"REST"},{"data":"Wraith Form v2","floor":15,"key":"SMITH"},{"data":"A Thousand Cuts","floor":23,"key":"SMITH"},{"floor":25,"key":"REST"},{"data":"Ghostly","floor":32,"key":"SMITH"},{"floor":40,"key":"REST"},{"floor":49,"key":"RECALL"},{"data":"Wraith Form v2","floor":53,"key":"SMITH"}],"circlet_count":0,"master_deck":["AscendersBane","Defend_G","Defend_G","Defend_G","Defend_G","Survivor","Neutralize+1","Footwork","Calculated Gamble","Bouncing Flask","Glass Knife+1","Corpse Explosion","Wraith Form v2+1","Dash","After Image","A Thousand Cuts+1","Dodge and Roll","PiercingWail","Backstab","Ghostly+1","Ghostly","Ghostly","Leg Sweep","Dodge and Roll+1","Catalyst+1","Tools of the Trade","Noxious Fumes","Wraith Form v2+1","Tactician+1","Madness","Madness","Secret Technique","Discovery","Apotheosis","Catalyst","Acrobatics","Footwork","Grand Finale","Backflip","Blur+1"],"relics":["Ring of the Snake","Anchor","Bronze Scales","Tough Bandages","OrangePellets","Pocketwatch","Membership Card","Omamori","Strawberry","ClockworkSouvenir","PreservedInsect","InkBottle","CaptainsWheel","Vajra","Bottled Tornado","Runic Pyramid","Thread and Needle","Frozen Eye","Toy Ornithopter","Whetstone","Orrery","Prayer Wheel","Question Card","Empty Cage","HornCleat","Medical Kit","Bag of Preparation","Blue Candle","Bird Faced Urn","Red Mask","Ornamental Fan"],"acts_visited":["Exordium","TheCity","TheBeyond","TheEnding"],"potions_floor_usage":[6,8,10,16,24,29,33,35,56],"damage_taken":[{"damage":0,"enemies":"Cultist","floor":1,"turns":4},{"damage":0,"enemies":"Small Slimes","floor":2,"turns":4},{"damage":0,"enemies":"Jaw Worm","floor":3,"turns":4},{"damage":0,"enemies":"Exordium Wildlife","floor":4,"turns":4},{"damage":8,"enemies":"Gremlin Nob","floor":6,"turns":3},{"damage":12,"enemies":"Lagavulin","floor":8,"turns":9},{"damage":0,"enemies":"3 Sentries","floor":10,"turns":2},{"damage":0,"enemies":"Looter","floor":12,"turns":3},{"damage":0,"enemies":"Lagavulin","floor":13,"turns":6},{"damage":0,"enemies":"Slime Boss","floor":16,"turns":10},{"damage":2,"enemies":"2 Thieves","floor":18,"turns":4},{"damage":0,"enemies":"Shell Parasite","floor":19,"turns":5},{"damage":46,"enemies":"Gremlin Leader","floor":24,"turns":10},{"damage":0,"enemies":"Book of Stabbing","floor":27,"turns":6},{"damage":0,"enemies":"Shelled Parasite and Fungi","floor":29,"turns":7},{"damage":2,"enemies":"Colosseum Slavers","floor":31,"turns":4},{"damage":0,"enemies":"Colosseum Nobs","floor":31,"turns":6},{"damage":0,"enemies":"Automaton","floor":33,"turns":12},{"damage":0,"enemies":"3 Darklings","floor":35,"turns":4},{"damage":0,"enemies":"3 Shapes","floor":38,"turns":3},{"damage":1,"enemies":"Giant Head","floor":42,"turns":8},{"damage":0,"enemies":"Sphere and 2 Shapes","floor":44,"turns":7},{"damage":2,"enemies":"Reptomancer","floor":45,"turns":8},{"damage":0,"enemies":"Transient","floor":47,"turns":6},{"damage":0,"enemies":"Writhing Mass","floor":48,"turns":6},{"damage":0,"enemies":"Time Eater","floor":50,"turns":11},{"damage":0,"enemies":"Awakened One","floor":51,"turns":21},{"damage":0,"enemies":"Shield and Spear","floor":55,"turns":12},{"damage":0,"enemies":"The Heart","floor":56,"turns":12}],"seed_played":"-1775405555122087623","potions_obtained":[{"floor":2,"key":"ColorlessPotion"},{"floor":6,"key":"LiquidBronze"},{"floor":8,"key":"AttackPotion"},{"floor":10,"key":"AttackPotion"},{"floor":12,"key":"Swift Potion"},{"floor":18,"key":"Poison Potion"},{"floor":27,"key":"LiquidMemories"},{"floor":31,"key":"Energy Potion"},{"floor":33,"key":"Fruit Juice"},{"floor":35,"key":"Block Potion"}],"is_trial":false,"path_per_floor":["M","M","M","M","?","E","R","E","T","E","R","M","E","T","R","B",null,"M","M","?","$","?","R","E","R","T","E","?","M","$","?","R","B",null,"M","?","?","M","?","R","$","E","T","M","E","?","M","M","R","B","B",null,"R","$","E","B",null],"character_chosen":"THE_SILENT","items_purchased":["Anchor","Bronze Scales","Tough Bandages","OrangePellets","Pocketwatch","Membership Card","Omamori","Strawberry","ClockworkSouvenir","Footwork","AttackPotion","Thread and Needle","Frozen Eye","Orrery","HornCleat","Medical Kit","Acrobatics"],"campfire_rested":4,"item_purchase_floors":[0,0,0,0,0,0,0,0,0,0,0,21,21,30,41,41,41],"current_hp_per_floor":[24,24,24,24,24,16,37,25,25,25,46,46,46,46,46,46,66,64,64,64,64,64,64,18,39,39,39,36,36,36,34,34,36,36,41,34,24,24,24,36,36,35,35,35,33,33,41,41,41,41,41,41,41,41,41,41],"gold":55,"neow_bonus":"","is_daily":false,"chose_seed":false,"campfire_upgraded":4,"win_rate":0.0,"timestamp":1610971404,"path_taken":["M","M","M","?","?","E","R","E","T","E","R","?","E","?","R","BOSS","M","M","?","$","?","R","E","R","T","E","?","M","?","?","R","BOSS","M","?","?","M","?","R","$","E","T","M","E","?","M","M","R","BOSS","BOSS","R","$","E","BOSS"],"items_purchased_type":["Relic","Relic","Relic","Relic","Relic","Relic","Relic","Relic","Relic","Card","Potion","Relic","Relic","Relic","Relic","Relic","Card"],"build_version":"2020-12-22","purchased_purges":1,"victory":true,"max_hp_per_floor":[73,73,73,73,73,73,73,73,73,73,73,73,73,73,73,73,73,73,73,73,73,73,73,73,73,73,73,36,36,36,36,36,36,36,41,41,41,41,41,41,41,41,41,41,41,41,41,41,41,41,41,41,41,41,41,41],"relic_stats":{"counters":[205,1152],"Blue Candle":[0],"PreservedInsect":1599,"Bag of Preparation":[116],"Whetstone":["Glass Knife","Neutralize"],"Question Card":17,"Medical Kit":[27],"OrangePellets":[6],"Tough Bandages":[729],"Ornamental Fan":[84],"Bronze Scales":[1351],"Bird Faced Urn":[8],"Prayer Wheel":5,"obtain_stats":[{"TwistedFunnel":0,"Whetstone":48,"Ginger":47,"Bottled Tornado":30,"Boot":41,"Old Coin":9,"Blood Vial":0,"Sundial":2,"MealTicket":23,"Fusion Hammer":17,"Kunai":48,"Pear":12,"Blue Candle":43,"Tingsha":47,"Eternal Feather":0,"Pen Nib":0,"Paper Crane":0,"Akabeko":55,"SlaversCollar":34,"Bird Faced Urn":45,"Snecko Eye":17,"Pandora\u0027s Box":0,"StrikeDummy":41,"Unceasing Top":36,"Lantern":24,"Regal Pillow":0,"Torii":7,"Singing Bowl":0,"Bag of Preparation":44,"Cursed Key":17,"Ancient Tea Set":42,"Shovel":0,"Ninja Scroll":43,"WingedGreaves":26,"InkBottle":45,"Ring of the Snake":0,"Potion Belt":0,"Lee\u0027s Waffle":21,"The Specimen":41,"Golden Idol":2,"Thread and Needle":0,"PreservedInsect":0,"Omamori":14,"Frozen Egg 2":0,"MawBank":13,"Busted Crown":34,"Ornamental Fan":55,"Orrery":30,"Turnip":0,"Art of War":6,"Toy Ornithopter":43,"Calipers":0,"Gremlin Horn":40,"Nilry\u0027s Codex":22,"Vajra":11,"Centennial Puzzle":9,"Lizard Tail":9,"HornCleat":19,"Strawberry":43,"Philosopher\u0027s Stone":34,"Prayer Wheel":31,"Toxic Egg 2":28,"Happy Flower":0,"Astrolabe":34,"Oddly Smooth Stone":0,"Letter Opener":28,"Question Card":0,"WarpedTongs":36,"OrangePellets":0,"Shuriken":45,"Bronze Scales":0,"Molten Egg 2":0,"Pocketwatch":0,"Meat on the Bone":12,"NlothsMask":13,"Mango":0,"Snake Skull":26,"Incense Burner":0,"Juzu Bracelet":9,"Empty Cage":34,"ClockworkSouvenir":0,"Frozen Eye":21,"Dream Catcher":7,"Nunchaku":46,"Tough Bandages":0,"Mummified Hand":0,"Pantograph":19,"Red Mask":24,"Runic Pyramid":17,"Orichalcum":46,"Medical Kit":0,"White Beast Statue":22,"Mercury Hourglass":0,"Peace Pipe":42,"Strange Spoon":0,"Anchor":44,"CaptainsWheel":39,"Bag of Marbles":7,"Membership Card":37,"FossilizedHelix":26},{"TwistedFunnel":48,"Whetstone":73,"Ginger":124,"Bottled Tornado":12,"Boot":146,"Old Coin":129,"Blood Vial":48,"Sundial":127,"MealTicket":9,"Fusion Hammer":134,"Kunai":99,"Pear":54,"Blue Candle":197,"Tingsha":73,"Eternal Feather":77,"Pen Nib":22,"Paper Crane":48,"Akabeko":47,"SlaversCollar":167,"Bird Faced Urn":199,"Snecko Eye":6,"Pandora\u0027s Box":0,"StrikeDummy":40,"Unceasing Top":38,"Lantern":61,"Regal Pillow":77,"Torii":51,"Singing Bowl":77,"Bag of Preparation":41,"Cursed Key":29,"Ancient Tea Set":71,"Shovel":48,"Ninja Scroll":18,"WingedGreaves":89,"InkBottle":19,"Ring of the Snake":0,"Potion Belt":48,"Lee\u0027s Waffle":30,"The Specimen":17,"Golden Idol":78,"Thread and Needle":101,"PreservedInsect":126,"Omamori":28,"Frozen Egg 2":22,"MawBank":5,"Busted Crown":13,"Ornamental Fan":76,"Orrery":191,"Turnip":77,"Art of War":25,"Toy Ornithopter":146,"Calipers":77,"Gremlin Horn":95,"Nilry\u0027s Codex":162,"Vajra":4,"Centennial Puzzle":4,"Lizard Tail":52,"HornCleat":30,"Strawberry":40,"Philosopher\u0027s Stone":66,"Prayer Wheel":193,"Toxic Egg 2":89,"Happy Flower":126,"Astrolabe":91,"Oddly Smooth Stone":48,"Letter Opener":63,"Question Card":77,"WarpedTongs":92,"OrangePellets":48,"Shuriken":72,"Bronze Scales":77,"Molten Egg 2":153,"Pocketwatch":101,"Meat on the Bone":159,"NlothsMask":159,"Mango":77,"Snake Skull":32,"Incense Burner":48,"Juzu Bracelet":158,"Empty Cage":142,"ClockworkSouvenir":48,"Frozen Eye":188,"Dream Catcher":4,"Nunchaku":98,"Tough Bandages":176,"Mummified Hand":48,"Pantograph":162,"Red Mask":10,"Runic Pyramid":84,"Orichalcum":19,"Medical Kit":22,"White Beast Statue":8,"Mercury Hourglass":101,"Peace Pipe":18,"Strange Spoon":101,"Anchor":72,"CaptainsWheel":145,"Bag of Marbles":129,"Membership Card":15,"FossilizedHelix":62},{"TwistedFunnel":262,"Whetstone":403,"Ginger":679,"Bottled Tornado":73,"Boot":790,"Old Coin":703,"Blood Vial":262,"Sundial":696,"MealTicket":57,"Fusion Hammer":728,"Kunai":552,"Pear":295,"Blue Candle":1069,"Tingsha":403,"Eternal Feather":453,"Pen Nib":120,"Paper Crane":262,"Akabeko":254,"SlaversCollar":908,"Bird Faced Urn":1084,"Snecko Eye":41,"Pandora\u0027s Box":0,"StrikeDummy":210,"Unceasing Top":200,"Lantern":335,"Regal Pillow":453,"Torii":283,"Singing Bowl":453,"Bag of Preparation":217,"Cursed Key":151,"Ancient Tea Set":387,"Shovel":262,"Ninja Scroll":103,"WingedGreaves":500,"InkBottle":109,"Ring of the Snake":0,"Potion Belt":262,"Lee\u0027s Waffle":155,"The Specimen":96,"Golden Idol":458,"Thread and Needle":562,"PreservedInsect":693,"Omamori":144,"Frozen Egg 2":120,"MawBank":31,"Busted Crown":81,"Ornamental Fan":443,"Orrery":1032,"Turnip":453,"Art of War":132,"Toy Ornithopter":790,"Calipers":453,"Gremlin Horn":529,"Nilry\u0027s Codex":883,"Vajra":27,"Centennial Puzzle":27,"Lizard Tail":287,"HornCleat":155,"Strawberry":210,"Philosopher\u0027s Stone":365,"Prayer Wheel":1042,"Toxic Egg 2":500,"Happy Flower":693,"Astrolabe":512,"Oddly Smooth Stone":262,"Letter Opener":344,"Question Card":453,"WarpedTongs":515,"OrangePellets":262,"Shuriken":396,"Bronze Scales":453,"Molten Egg 2":853,"Pocketwatch":562,"Meat on the Bone":869,"NlothsMask":869,"Mango":453,"Snake Skull":167,"Incense Burner":262,"Juzu Bracelet":866,"Empty Cage":765,"ClockworkSouvenir":262,"Frozen Eye":1009,"Dream Catcher":27,"Nunchaku":545,"Tough Bandages":951,"Mummified Hand":262,"Pantograph":883,"Red Mask":60,"Runic Pyramid":479,"Orichalcum":109,"Medical Kit":120,"White Beast Statue":48,"Mercury Hourglass":562,"Peace Pipe":103,"Strange Spoon":562,"Anchor":396,"CaptainsWheel":781,"Bag of Marbles":703,"Membership Card":86,"FossilizedHelix":338}],"InkBottle":[50],"Toy Ornithopter":23,"Ring of the Snake":[366],"Pocketwatch":[106]},"card_choices":[{"not_picked":["Slice","Outmaneuver"],"picked":"Calculated Gamble","floor":1},{"not_picked":["Blade Dance","Footwork"],"picked":"Dagger Spray","floor":2},{"not_picked":["Acrobatics","Sucker Punch"],"picked":"Bouncing Flask","floor":3},{"not_picked":["Expertise","Prepared","Footwork"],"picked":"SKIP","floor":4},{"not_picked":["Masterful Stab","Die Die Die"],"picked":"Corpse Explosion","floor":6},{"not_picked":["Dagger Throw","Bullet Time"],"picked":"Wraith Form v2","floor":8},{"not_picked":["Slice","Caltrops"],"picked":"Dash","floor":10},{"not_picked":["Poisoned Stab","Deflect","Outmaneuver"],"picked":"SKIP","floor":12},{"not_picked":["Bane","A Thousand Cuts","Deadly Poison"],"picked":"SKIP","floor":13},{"not_picked":["Burst","Corpse Explosion"],"picked":"After Image","floor":16},{"not_picked":["Deadly Poison","Choke","Sucker Punch"],"picked":"SKIP","floor":18},{"not_picked":["Tactician","Bane","Acrobatics"],"picked":"SKIP","floor":19},{"not_picked":["Riddle With Holes","Accuracy"],"picked":"PiercingWail","floor":24},{"not_picked":["Dash","Underhanded Strike+1"],"picked":"Backstab","floor":27},{"not_picked":["Blade Dance","All Out Attack","Poisoned Stab"],"picked":"SKIP","floor":29},{"not_picked":["Blade Dance","Prepared"],"picked":"Leg Sweep","floor":30},{"not_picked":["Outmaneuver","Underhanded Strike"],"picked":"Dodge and Roll+1","floor":30},{"not_picked":["Dagger Spray","Crippling Poison"],"picked":"Catalyst+1","floor":30},{"not_picked":["Prepared","Dagger Spray"],"picked":"Tools of the Trade","floor":30},{"not_picked":["Die Die Die","Dagger Spray"],"picked":"Noxious Fumes","floor":30},{"not_picked":["Bullet Time","Night Terror","Doppelganger"],"picked":"Wraith Form v2","floor":33},{"not_picked":["Quick Slash","Reflex","Backflip"],"picked":"Tactician+1","floor":35},{"not_picked":["Finisher","Riddle With Holes+1","Poisoned Stab+1","Choke"],"picked":"SKIP","floor":35},{"not_picked":["Good Instincts","Mind Blast","Impatience"],"picked":"Secret Technique","floor":37},{"not_picked":["Flash of Steel","Metamorphosis","Chrysalis"],"picked":"Discovery","floor":37},{"not_picked":["PanicButton","Flash of Steel","Enlightenment"],"picked":"Apotheosis","floor":37},{"not_picked":["Cloak And Dagger+1","Poisoned Stab","Slice+1"],"picked":"Catalyst","floor":38},{"not_picked":["All Out Attack","Flechettes","Backflip+1","Eviscerate"],"picked":"SKIP","floor":38},{"not_picked":["Flying Knee","Underhanded Strike","Blade Dance","Sucker Punch"],"picked":"SKIP","floor":42},{"not_picked":["Poisoned Stab","Expertise","Bouncing Flask"],"picked":"Footwork","floor":44},{"not_picked":["Flechettes","Dodge and Roll","Slice"],"picked":"Grand Finale","floor":44},{"not_picked":["Bane","Endless Agony","Glass Knife","Bullet Time"],"picked":"SKIP","floor":45},{"not_picked":["Poisoned Stab","Well Laid Plans","Bane+1"],"picked":"Backflip","floor":47},{"not_picked":["Sucker Punch+1","Bane","Quick Slash","Heel Hook"],"picked":"SKIP","floor":47},{"not_picked":["Accuracy","Prepared","Sucker Punch+1","Distraction+1"],"picked":"SKIP","floor":48},{"not_picked":["Dodge and Roll","Slice","Die Die Die","Blade Dance"],"picked":"SKIP","floor":48},{"not_picked":["Bouncing Flask","Dodge and Roll+1","Underhanded Strike"],"picked":"Blur+1","floor":55}],"player_experience":707759,"relics_obtained":[{"floor":8,"key":"PreservedInsect"},{"floor":9,"key":"InkBottle"},{"floor":10,"key":"CaptainsWheel"},{"floor":13,"key":"Vajra"},{"floor":14,"key":"Bottled Tornado"},{"floor":24,"key":"Toy Ornithopter"},{"floor":27,"key":"Whetstone"},{"floor":31,"key":"Prayer Wheel"},{"floor":31,"key":"Question Card"},{"floor":42,"key":"Bag of Preparation"},{"floor":43,"key":"Blue Candle"},{"floor":45,"key":"Bird Faced Urn"},{"floor":55,"key":"Ornamental Fan"}],"event_choices":[{"damage_healed":0,"gold_gain":0,"player_choice":"1 cards matched","damage_taken":0,"max_hp_gain":0,"max_hp_loss":0,"event_name":"Match and Keep!","floor":5,"gold_loss":0,"cards_obtained":["Glass Knife"]},{"damage_healed":0,"gold_gain":0,"cards_transformed":["Strike_G","Strike_G"],"player_choice":"Became Test Subject","damage_taken":0,"max_hp_gain":0,"max_hp_loss":0,"event_name":"Drug Dealer","floor":20,"gold_loss":0,"cards_obtained":["A Thousand Cuts","Dodge and Roll"]},{"cards_removed":["Strike_G"],"damage_healed":0,"gold_gain":0,"player_choice":"Gave Gold","damage_taken":0,"max_hp_gain":0,"max_hp_loss":0,"event_name":"Beggar","floor":22,"gold_loss":75},{"damage_healed":0,"gold_gain":0,"player_choice":"Became a Ghost","damage_taken":0,"max_hp_gain":0,"max_hp_loss":37,"event_name":"Ghosts","floor":28,"gold_loss":0,"cards_obtained":["Ghostly","Ghostly","Ghostly"]},{"damage_healed":0,"gold_gain":0,"player_choice":"Fight","damage_taken":0,"max_hp_gain":0,"max_hp_loss":0,"event_name":"Colosseum","floor":31,"gold_loss":0},{"damage_healed":0,"gold_gain":0,"player_choice":"Fought Nobs","damage_taken":0,"max_hp_gain":0,"max_hp_loss":0,"event_name":"Colosseum","floor":31,"gold_loss":0},{"damage_healed":0,"gold_gain":0,"player_choice":"Embrace Madness","damage_taken":7,"max_hp_gain":0,"max_hp_loss":0,"event_name":"Winding Halls","floor":36,"gold_loss":0,"cards_obtained":["Madness","Madness"]},{"damage_healed":0,"gold_gain":0,"player_choice":"Memory 3","damage_taken":10,"max_hp_gain":0,"max_hp_loss":0,"event_name":"SensoryStone","floor":37,"gold_loss":0},{"cards_removed":["Dagger Spray"],"damage_healed":0,"gold_gain":0,"player_choice":"Removed Attack","damage_taken":0,"max_hp_gain":0,"max_hp_loss":0,"event_name":"Falling","floor":39,"gold_loss":0},{"damage_healed":0,"gold_gain":0,"player_choice":"Paid","damage_taken":0,"relics_obtained":["Red Mask"],"max_hp_gain":0,"max_hp_loss":0,"event_name":"Tomb of Lord Red Mask","floor":46,"gold_loss":88}],"is_beta":false,"boss_relics":[{"not_picked":["Busted Crown","Cursed Key"],"picked":"Runic Pyramid"},{"not_picked":["Snecko Eye","Tiny House"],"picked":"Empty Cage"}],"items_purged_floors":[21],"is_endless":false,"potions_floor_spawned":[2,6,8,10,12,18,27,31,33,35,44],"ascension_level":20}}