{"host":"dn6kke80v5f7isus","time":1610935329,"event":{"mods":["AchievementEnabler","Act Like it!","BaseMod","Colored Powertips","Custom Start","Defuse TimeMaze Blight","Duelist Mod","Gremlin Skip","Highlight Path","Hubris","Infinite Spire","Minty Spire (QoL Compilation)","Rare Cards Sparkle","Replay The Spire","StSLib","Uncapped"],"gold_per_floor":[114,126,126,72,72,105,105,117,165,165,176,206,63,76,76,76,76],"floor_reached":16,"language":"ENG","playtime":331,"items_purged":[],"score":142,"play_id":"d76f69a9-e320-4f1f-9959-78b03915b4c6","local_time":"20210117210209","is_ascension_mode":true,"campfire_choices":[{"data":"Draining Mist","floor":7,"key":"SMITH"},{"floor":15,"key":"REST"}],"circlet_count":0,"master_deck":["Strike_G+1","Strike_G+1","Strike_G","Strike_G","Strike_G","Defend_G","Defend_G","Defend_G","Defend_G+1","Defend_G+1","Survivor","Neutralize","Draining Mist+1","Draining Mist+1"],"relics":["Ring of the Snake","NeowsBlessing","infinitespire:Bottled Soul","infinitespire:Lucky Rock","hubris:Potato","Guide Book"],"acts_visited":["Exordium"],"potions_floor_usage":[8,16],"damage_taken":[{"damage":0,"enemies":"Cultist","floor":1,"turns":1},{"damage":0,"enemies":"Jaw Worm","floor":2,"turns":1},{"damage":0,"enemies":"Lagavulin","floor":6,"turns":1},{"damage":0,"enemies":"2 Louse","floor":8,"turns":2},{"damage":9,"enemies":"Lots of Slimes","floor":11,"turns":4},{"damage":14,"enemies":"Gremlin Nob","floor":12,"turns":4},{"damage":8,"enemies":"Exordium Thugs","floor":14,"turns":5},{"damage":39,"enemies":"Fading Forest","floor":16,"turns":7}],"seed_played":"-4912884145285138221","potions_obtained":[{"floor":2,"key":"Energy Potion"},{"floor":11,"key":"Adrenaline Potion"},{"floor":12,"key":"Ancient Potion"}],"is_trial":false,"path_per_floor":["M","M","?","$","?","E","R","M","T","?","M","E","$","M","R","B"],"character_chosen":"THE_SILENT","items_purchased":["Draining Mist","Guide Book"],"campfire_rested":1,"item_purchase_floors":[4,13],"current_hp_per_floor":[70,70,56,56,56,56,56,56,56,56,47,33,33,25,46,17,17],"gold":76,"neow_bonus":"THREE_ENEMY_KILL","is_daily":false,"chose_seed":false,"campfire_upgraded":1,"win_rate":0.0,"timestamp":1610935329,"path_taken":["M","?","?","$","?","E","R","M","T","?","M","E","$","M","R","BOSS"],"items_purchased_type":["Card","Relic"],"build_version":"2020-12-22","purchased_purges":0,"victory":false,"max_hp_per_floor":[70,70,70,70,70,70,70,70,70,70,70,70,70,70,70,70,70],"card_choices":[{"not_picked":["All Out Attack","Dagger Throw","Dagger Spray"],"picked":"SKIP","floor":1},{"not_picked":["Backflip","Sucker Punch","Deadly Poison"],"picked":"SKIP","floor":2},{"not_picked":["Skewer","Reflex","Bane"],"picked":"SKIP","floor":6},{"not_picked":["Heel Hook","Cloak And Dagger","Terror"],"picked":"SKIP","floor":8},{"not_picked":["Outmaneuver","Flying Knee","Corpse Explosion"],"picked":"SKIP","floor":11},{"not_picked":["Underhanded Strike","Sucker Punch","Blur"],"picked":"SKIP","floor":12},{"not_picked":["hubris:TrickCloak","All Out Attack","Blade Dance"],"picked":"SKIP","floor":14}],"player_experience":566323,"relics_obtained":[{"floor":6,"key":"infinitespire:Bottled Soul"},{"floor":9,"key":"infinitespire:Lucky Rock"},{"floor":12,"key":"hubris:Potato"}],"event_choices":[{"damage_healed":0,"gold_gain":0,"player_choice":"Entered Light","damage_taken":14,"max_hp_gain":0,"max_hp_loss":0,"event_name":"Shining Light","floor":3,"gold_loss":0,"cards_upgraded":["Defend_G","Defend_G"]}],"is_beta":false,"boss_relics":[],"items_purged_floors":[],"is_endless":false,"potions_floor_spawned":[2,11,12],"killed_by":"Fading Forest","ascension_level":1}}