{"host":"ad59wuc8ynh8u2z6","time":1610998826,"event":{"mods":["AchievementEnabler","BaseMod","Colored Powertips","DeckTracker","Highlight Path","Minty Spire (QoL Compilation)","Permanent Neow"],"gold_per_floor":[365,30,30,48,65,97,97,128,128,128,148,148,148],"floor_reached":12,"language":"ENG","playtime":636,"items_purged":["Parasite"],"score":101,"play_id":"67ee5261-0648-4f77-9740-79c78c410e95","local_time":"20210118204026","is_ascension_mode":true,"campfire_choices":[{"data":"Rupture","floor":7,"key":"SMITH"}],"circlet_count":0,"master_deck":["Strike_R","Strike_R","Strike_R","Strike_R","Defend_R","Defend_R","Defend_R","Defend_R","Bash","Metallicize","Combust","Rupture+1","Heavy Blade"],"relics":["Burning Blood","Matryoshka","Pantograph","Gremlin Horn","Anchor","Omamori","Question Card"],"acts_visited":["Exordium"],"potions_floor_usage":[],"damage_taken":[{"damage":3,"enemies":"Jaw Worm","floor":1,"turns":5},{"damage":0,"enemies":"2 Louse","floor":4,"turns":4},{"damage":2,"enemies":"Cultist","floor":5,"turns":4},{"damage":37,"enemies":"3 Sentries","floor":6,"turns":7},{"damage":8,"enemies":"Lagavulin","floor":8,"turns":7},{"damage":9,"enemies":"2 Fungi Beasts","floor":11,"turns":3},{"damage":32,"enemies":"3 Sentries","floor":12,"turns":4}],"seed_played":"-1537682597497537105","potions_obtained":[{"floor":4,"key":"HeartOfIron"},{"floor":6,"key":"SmokeBomb"},{"floor":11,"key":"BlessingOfTheForge"}],"is_trial":false,"path_per_floor":["M","$","?","M","M","E","R","E","T","?","M","E"],"character_chosen":"IRONCLAD","items_purchased":["Matryoshka"],"campfire_rested":0,"item_purchase_floors":[2],"current_hp_per_floor":[80,77,59,65,69,38,38,36,36,36,33,1,1],"gold":148,"neow_bonus":"TWO_FIFTY_GOLD","is_daily":false,"chose_seed":false,"campfire_upgraded":1,"win_rate":0.0,"timestamp":1610998826,"path_taken":["M","$","?","M","M","E","R","E","T","?","M","E"],"items_purchased_type":["Relic"],"build_version":"2020-12-22","purchased_purges":1,"victory":false,"max_hp_per_floor":[80,77,77,77,77,77,77,77,77,77,77,77,77],"card_choices":[{"not_picked":["Disarm","Anger"],"picked":"Metallicize","floor":1},{"not_picked":["Armaments","Seeing Red"],"picked":"Combust","floor":4},{"not_picked":["Perfected Strike","Flex"],"picked":"Rupture","floor":5},{"not_picked":["Cleave","Body Slam","Headbutt"],"picked":"SKIP","floor":6},{"not_picked":["Shrug It Off","Disarm"],"picked":"Heavy Blade","floor":8},{"not_picked":["Bludgeon","Clothesline","Uppercut","Pommel Strike"],"picked":"SKIP","floor":11}],"player_experience":61167,"relics_obtained":[{"floor":6,"key":"Gremlin Horn"},{"floor":8,"key":"Anchor"},{"floor":9,"key":"Omamori"},{"floor":9,"key":"Question Card"}],"event_choices":[{"damage_healed":0,"gold_gain":0,"player_choice":"Success","damage_taken":18,"relics_obtained":["Pantograph"],"max_hp_gain":0,"max_hp_loss":0,"event_name":"Scrap Ooze","floor":3,"gold_loss":0},{"cards_removed":["Strike_R"],"damage_healed":0,"gold_gain":0,"player_choice":"Purged","damage_taken":0,"max_hp_gain":0,"max_hp_loss":0,"event_name":"Purifier","floor":10,"gold_loss":0}],"is_beta":false,"boss_relics":[],"items_purged_floors":[2],"is_endless":false,"potions_floor_spawned":[4,6,11],"killed_by":"3 Sentries","ascension_level":3}}