{"host":"w05x4i13f2m9joq1","time":1610955520,"event":{"mods":["Act Like it!","Bard","BaseMod","Better Altar","Better Match","Better Note","Better Sensory Stone","Better Skull","Better Third Choice","BetterRewards","Colored Map","Colored Powertips","Duelist Mod","GifTheSpireLib","Googly Eyes","Ironclad Rager","Lobotomy","LobotomyExtend","Marisa????????","Minty Spire (QoL Compilation)","Replay The Spire","Spire Birthday Party","StSLib","The Bug Knight","The Construct","The Hierophant","The IronCluck","The Mystic","TheBandit","everything is the same but u backflip on backflip","slay the spire mod where everything is the same but ironclad has a cowboy hat"],"gold_per_floor":[139,153,118,138,150,183,202,202,202,202,212,212,225,225,225,330,330,330,330,153,153,153,153,153,153,153,153,153,153,153,153,153,153,153,153,34,34,0,0,0,0,0,0,0,0,0,0,0,0,0,0,0],"floor_reached":53,"language":"ENG","playtime":1819,"items_purged":["theDuelist:ToonWorld"],"score":668,"play_id":"c07203fc-76cf-4817-81b0-9d5561eb2c25","local_time":"20210118023840","is_ascension_mode":false,"campfire_choices":[{"floor":8,"key":"REST"},{"data":"theDuelist:ToonKingdom","floor":10,"key":"SMITH"},{"data":"theDuelist:ToonMagic","floor":12,"key":"SMITH"},{"floor":25,"key":"REST"},{"data":"theDuelist:ToonGeminiElf","floor":28,"key":"SMITH"},{"data":"theDuelist:AncientGearFist","floor":40,"key":"SMITH"},{"data":"theDuelist:ToonGeminiElf","floor":42,"key":"SMITH"},{"floor":51,"key":"REST"}],"circlet_count":0,"master_deck":["theDuelist:CastleWalls","theDuelist:CastleWalls","theDuelist:MangaRyuRan","theDuelist:Sparks","theDuelist:Sparks","theDuelist:ToonAncientGear","theDuelist:ToonMermaid","theDuelist:ToonSummonedSkull","theDuelist:BigFire","theDuelist:ToonAncientGear","theDuelist:ToonMermaid","theDuelist:ToonMagic+1","theDuelist:ToonKingdom+1","theDuelist:ToonMask+1","theDuelist:RedEyesToon","theDuelist:BlueEyesToon","theDuelist:ToonGeminiElf+1","theDuelist:ToonGeminiElf+1","theDuelist:ToonAncientGear+1","theDuelist:ToonMermaid","theDuelist:ToonMermaid+1","theDuelist:BlueEyesToon","theDuelist:ToonDarkMagicianGirl","theDuelist:ToonCannonSoldier","theDuelist:AncientGearFist+1","theDuelist:TrapHole+1","theDuelist:RedEyesToon","theDuelist:ToonDarkMagician+1","theDuelist:ToonTable","theDuelist:RedEyesToon"],"relics":["theDuelist:MillenniumPuzzle","theDuelist:CardPoolRelic","theDuelist:CardPoolBasicRelic","theDuelist:BoosterPackPoolRelic","theDuelist:CardPoolAddRelic","theDuelist:CardPoolMinusRelic","theDuelist:CardPoolSaveRelic","theDuelist:CardPoolOptionsRelic","Bird Faced Urn","LetterFromLob","Replay:Bottled Flurry","Strawberry","King of Hearts","White Beast Statue","Ectoplasm","theDuelist:Monsterbox","Bronze Scales","Bag of Marbles","Busted Crown","Blue Candle","Orichalcum","HollowMod:PaleOreRelic"],"acts_visited":["Exordium","TheCity","TheBeyond"],"potions_floor_usage":[16,16,21,33,33,41,44,44,47,52,52,52],"damage_taken":[{"damage":14,"enemies":"2 Louse","floor":1,"turns":3},{"damage":8,"enemies":"Small Slimes","floor":2,"turns":3},{"damage":2,"enemies":"Cultist","floor":4,"turns":3},{"damage":17,"enemies":"Blue Slaver","floor":5,"turns":4},{"damage":15,"enemies":"Lagavulin","floor":6,"turns":5},{"damage":12,"enemies":"3 Louse","floor":7,"turns":3},{"damage":0,"enemies":"Gremlin Gang","floor":11,"turns":2},{"damage":0,"enemies":"Looter","floor":13,"turns":2},{"damage":2,"enemies":"Slime Boss","floor":16,"turns":3},{"damage":1,"enemies":"Spheric Guardian","floor":18,"turns":1},{"damage":2,"enemies":"Shell Parasite","floor":21,"turns":2},{"damage":16,"enemies":"Centurion and Healer","floor":22,"turns":3},{"damage":35,"enemies":"Slavers","floor":23,"turns":3},{"damage":3,"enemies":"Snecko","floor":24,"turns":4},{"damage":8,"enemies":"Snake Plant","floor":29,"turns":2},{"damage":1,"enemies":"Sentry and Sphere","floor":30,"turns":2},{"damage":8,"enemies":"3 Cultists","floor":31,"turns":3},{"damage":29,"enemies":"Collector","floor":33,"turns":8},{"damage":16,"enemies":"Orb Walker","floor":35,"turns":2},{"damage":9,"enemies":"3 Shapes","floor":39,"turns":2},{"damage":12,"enemies":"Nemesis","floor":41,"turns":4},{"damage":24,"enemies":"Reptomancer","floor":44,"turns":4},{"damage":1,"enemies":"Sphere and 2 Shapes","floor":45,"turns":2},{"damage":6,"enemies":"Writhing Mass","floor":46,"turns":3},{"damage":9,"enemies":"3 Darklings","floor":47,"turns":2},{"damage":61,"enemies":"Replay:Hell Engine","floor":52,"turns":7}],"seed_played":"7603273349174074916","potions_obtained":[{"floor":1,"key":"theDuelist:BottledKuriboh"},{"floor":2,"key":"theDuelist:TributeBottle"},{"floor":6,"key":"theDuelist:TokenPotion"},{"floor":13,"key":"BloodPotion"},{"floor":16,"key":"theDuelist:MegaupgradePotion"},{"floor":18,"key":"theDuelist:SealedPackC"},{"floor":21,"key":"SmokeBomb"},{"floor":23,"key":"theDuelist:StunPotion"},{"floor":31,"key":"theDuelist:LavaBottle"},{"floor":33,"key":"theDuelist:GiftPotion"},{"floor":35,"key":"Flashbang"},{"floor":41,"key":"SkillPotion"},{"floor":44,"key":"theDuelist:WaterBottle"},{"floor":45,"key":"theDuelist:OrbBottle"},{"floor":47,"key":"Block Potion"}],"is_trial":false,"path_per_floor":["M","M","?","M","M","E","M","R","T","R","M","R","M","?","R_BF","B",null,"M","?","$","M","M","E","M","R","T","?","R","M","M","M","R_BF","B",null,"M","$","?","?","M","R","E","R","T","E","M","M","M","PTL","PTL","?","R_BF","B",null],"character_chosen":"THE_DUELIST","items_purchased":["theDuelist:Monsterbox","theDuelist:ToonGeminiElf","theDuelist:ToonAncientGear","theDuelist:ToonCannonSoldier","theDuelist:ToonAncientGear"],"campfire_rested":3,"item_purchase_floors":[20,20,20,36,36],"current_hp_per_floor":[58,52,70,70,55,42,32,53,60,60,62,62,64,35,58,58,79,78,78,78,77,63,30,29,52,52,52,52,46,47,41,64,37,79,63,63,63,63,56,56,50,50,50,43,48,44,52,52,52,52,74,14],"gold":0,"neow_bonus":"ONE_RARE_RELIC","is_daily":false,"chose_seed":false,"campfire_upgraded":5,"win_rate":0.0,"timestamp":1610955520,"path_taken":["M","M","?","M","M","E","M","R","T","R","M","R","M","?","R_BF","BOSS","M","?","$","M","M","E","M","R","T","?","R","M","M","M","R_BF","BOSS","M","$","?","?","?","R","E","R","T","E","M","M","M","PTL","PTL","?","R_BF","BOSS"],"items_purchased_type":["Relic","Card","Card","Card","Card"],"build_version":"2020-12-22","purchased_purges":1,"victory":true,"max_hp_per_floor":[72,72,72,72,72,72,72,72,79,79,79,79,79,79,79,79,79,79,79,79,79,79,79,79,79,79,79,79,79,79,79,79,79,79,79,79,79,79,79,79,79,79,79,79,79,79,79,79,79,75,75,75],"card_choices":[{"not_picked":["theDuelist:FuryFire","theDuelist:PowerGiant","theDuelist:BattleguardKing","theDuelist:EarthquakeGiant"],"picked":"theDuelist:BigFire","floor":1},{"not_picked":["theDuelist:MangaRyuRan","theDuelist:RedEyesToon","theDuelist:CheerfulCoffin","theDuelist:ToonMermaid"],"picked":"theDuelist:ToonAncientGear","floor":2},{"not_picked":["theDuelist:MangaRyuRan","theDuelist:FlyingSaucer","theDuelist:ToonAncientGear","theDuelist:ToonMaskedSorcerer"],"picked":"theDuelist:ToonMermaid","floor":4},{"not_picked":["theDuelist:AncientGearFist","theDuelist:SpellShatteringArrow","theDuelist:GiantTrunade","theDuelist:ComicHand"],"picked":"theDuelist:ToonMagic","floor":5},{"not_picked":["theDuelist:AncientGearFist","theDuelist:GiantTrunade","theDuelist:ToonWorld","theDuelist:GracefulCharity"],"picked":"theDuelist:ToonKingdom","floor":6},{"not_picked":["theDuelist:FeatherShot","theDuelist:ComicHand"],"picked":"theDuelist:ToonMask","floor":7},{"not_picked":["theDuelist:SpellShatteringArrow","theDuelist:MangaRyuRan","theDuelist:ToonBarrelDragon","theDuelist:ToonDarkMagician"],"picked":"theDuelist:RedEyesToon","floor":11},{"not_picked":["theDuelist:ToonTable","theDuelist:MangaRyuRan","theDuelist:ToonDefense","theDuelist:AncientGearFist"],"picked":"theDuelist:BlueEyesToon","floor":13},{"not_picked":["theDuelist:ToonDarkMagician","theDuelist:ToonDarkMagicianGirl","theDuelist:RainbowKuriboh","theDuelist:RainbowOverdragon"],"picked":"theDuelist:ToonGeminiElf","floor":18},{"not_picked":["theDuelist:MangaRyuRan","theDuelist:CheerfulCoffin","theDuelist:SpellShatteringArrow","theDuelist:ToonBarrelDragon"],"picked":"theDuelist:ToonMermaid","floor":21},{"not_picked":["theDuelist:SpellShatteringArrow","theDuelist:RedEyesToon","theDuelist:ToonBarrelDragon","theDuelist:ToonMask"],"picked":"theDuelist:ToonMermaid+1","floor":22},{"not_picked":["theDuelist:FeatherShot","theDuelist:SwordsConcealing","theDuelist:HeartUnderdog+1"],"picked":"SKIP","floor":23},{"not_picked":["theDuelist:ClearKuriboh","theDuelist:EarthquakeGiant","theDuelist:Fissure","theDuelist:Sangan","theDuelist:SmashingGround+1"],"picked":"SKIP","floor":24},{"not_picked":["theDuelist:ComicHand+1","theDuelist:CheerfulCoffin","theDuelist:ToonMermaid","theDuelist:ToonWorld"],"picked":"theDuelist:BlueEyesToon","floor":29},{"not_picked":["theDuelist:FlyingSaucer","theDuelist:ShadowToon","theDuelist:ToonDefense","theDuelist:ToonRollback+1"],"picked":"theDuelist:ToonDarkMagicianGirl","floor":30},{"not_picked":["theDuelist:BattleguardKing","theDuelist:SilverApples","theDuelist:EarthquakeGiant+1","theDuelist:ReinforcementsArmy","theDuelist:DarkFactory"],"picked":"SKIP","floor":31},{"not_picked":["theDuelist:LightningDarts","theDuelist:Kuriboh","theDuelist:WormKing"],"picked":"SKIP","floor":35},{"not_picked":["theDuelist:ToonCannonSoldier+1","theDuelist:ToonKingdom+1"],"picked":"theDuelist:TrapHole+1","floor":39},{"not_picked":["theDuelist:PurplePainOni","theDuelist:RedHeadedOni"],"picked":"theDuelist:RedEyesToon","floor":41},{"not_picked":["theDuelist:ToonBarrelDragon+1","theDuelist:FlyingSaucer","theDuelist:SpellShatteringArrow+1"],"picked":"SKIP","floor":44},{"not_picked":["theDuelist:CheerfulCoffin","theDuelist:MangaRyuRan+1"],"picked":"theDuelist:ToonDarkMagician+1","floor":45},{"not_picked":["theDuelist:ToonDefense+1","theDuelist:ShadowToon"],"picked":"theDuelist:ToonTable","floor":46},{"not_picked":["theDuelist:MangaRyuRan+1","theDuelist:ToonBarrelDragon+1"],"picked":"theDuelist:RedEyesToon","floor":47}],"player_experience":96152,"relics_obtained":[{"floor":1,"key":"LetterFromLob"},{"floor":6,"key":"Replay:Bottled Flurry"},{"floor":9,"key":"Strawberry"},{"floor":23,"key":"Bronze Scales"},{"floor":26,"key":"Bag of Marbles"},{"floor":41,"key":"Blue Candle"},{"floor":43,"key":"Orichalcum"},{"floor":44,"key":"HollowMod:PaleOreRelic"}],"event_choices":[{"damage_healed":18,"gold_gain":0,"player_choice":"Healed","damage_taken":0,"max_hp_gain":0,"max_hp_loss":0,"event_name":"The Cleric","floor":3,"gold_loss":35},{"damage_healed":0,"gold_gain":1,"player_choice":"Relic Relic ","damage_taken":29,"max_hp_gain":0,"max_hp_loss":0,"event_name":"betterThird:BetterScrap","floor":14,"gold_loss":0,"cards_obtained":["Finisher"]},{"cards_removed":["theDuelist:CastleWalls"],"damage_healed":0,"gold_gain":0,"player_choice":"Give","damage_taken":0,"max_hp_gain":0,"max_hp_loss":0,"event_name":"betterNote:BetterNote","floor":19,"gold_loss":0,"cards_obtained":["theDuelist:CastleWalls"]},{"cards_removed":["theDuelist:Sparks"],"damage_healed":0,"gold_gain":0,"player_choice":"Elegance","damage_taken":0,"max_hp_gain":0,"max_hp_loss":0,"event_name":"betterThird:BetterWriting","floor":27,"gold_loss":0},{"cards_removed":["theDuelist:ToonAncientGear"],"damage_healed":0,"gold_gain":0,"player_choice":"Removed Skill","damage_taken":0,"max_hp_gain":0,"max_hp_loss":0,"event_name":"Falling","floor":37,"gold_loss":0},{"damage_healed":0,"gold_gain":0,"player_choice":"Purchased Ancient Gear Fist for 34 Gold.","duelist":true,"damage_taken":0,"max_hp_gain":0,"max_hp_loss":0,"event_name":"Card Trader","floor":38,"gold_loss":0},{"damage_healed":0,"gold_gain":0,"player_choice":"Max HP","damage_taken":0,"max_hp_gain":0,"max_hp_loss":4,"event_name":"Winding Halls","floor":50,"gold_loss":0}],"is_beta":false,"boss_relics":[{"not_picked":["Calling Bell","Snecko Eye"],"picked":"Ectoplasm"},{"not_picked":["Inserter","Kintsugi"],"picked":"Busted Crown"}],"items_purged_floors":[20],"is_endless":false,"potions_floor_spawned":[1,2,6,13,16,18,21,22,23,24,29,30,31,33,35,39,41,44,45,46,47],"ascension_level":0}}