{"host":"5ezk7t18wcb10u1o","time":1610994730,"event":{"mods":["BaseMod","Bestiary","Colored Powertips","Minty Spire (QoL Compilation)","Relic Sorter"],"gold_per_floor":[112,122,122,132,150,150,185,185,185,185,199,99,115,132,132,132,132],"floor_reached":16,"language":"ENG","playtime":780,"items_purged":["Defend_B"],"score":208,"play_id":"9823e0f1-c42b-41ad-b4da-8703a40948fe","local_time":"20210118183210","is_ascension_mode":true,"campfire_choices":[{"data":"Coolheaded","floor":6.0,"key":"SMITH"},{"floor":8.0,"key":"REST"},{"data":"Cold Snap","floor":10.0,"key":"SMITH"},{"floor":15.0,"key":"REST"}],"circlet_count":0,"master_deck":["AscendersBane","Strike_B","Strike_B","Strike_B","Strike_B","Defend_B","Defend_B","Defend_B","Zap+1","Dualcast","Coolheaded+1","Cold Snap+1","Gash","Hologram","Leap","Conserve Battery","Cold Snap"],"relics":["Cracked Core","Symbiotic Virus","Gambling Chip"],"acts_visited":["Exordium"],"potions_floor_usage":[16],"damage_taken":[{"damage":7.0,"enemies":"Jaw Worm","floor":1.0,"turns":3.0},{"damage":0.0,"enemies":"Cultist","floor":2.0,"turns":3.0},{"damage":8.0,"enemies":"Small Slimes","floor":4.0,"turns":3.0},{"damage":8.0,"enemies":"Gremlin Gang","floor":5.0,"turns":4.0},{"damage":27.0,"enemies":"Lagavulin","floor":7.0,"turns":7.0},{"damage":4.0,"enemies":"Looter","floor":11.0,"turns":2.0},{"damage":0.0,"enemies":"Blue Slaver","floor":13.0,"turns":3.0},{"damage":7.0,"enemies":"3 Louse","floor":14.0,"turns":3.0},{"damage":66,"enemies":"Slime Boss","floor":16,"turns":9}],"seed_played":"-7144887427185502442","potions_obtained":[{"floor":1.0,"key":"FocusPotion"},{"floor":4.0,"key":"EssenceOfSteel"},{"floor":11.0,"key":"FearPotion"},{"floor":14.0,"key":"SpeedPotion"}],"is_trial":false,"path_per_floor":["M","M","?","M","M","R","E","R","T","R","M","$","M","M","R","B"],"character_chosen":"DEFECT","items_purchased":["Conserve Battery"],"campfire_rested":2,"item_purchase_floors":[12],"current_hp_per_floor":[57,57,71,63,55,55,28,49,49,49,45,45,45,38,59,0,0],"gold":132,"neow_bonus":"UPGRADE_CARD","is_daily":false,"chose_seed":false,"campfire_upgraded":2,"win_rate":0.0,"timestamp":1610994730,"path_taken":["M","M","?","M","M","R","E","R","T","R","M","$","?","M","R","BOSS"],"items_purchased_type":["Card"],"build_version":"2020-12-22","purchased_purges":1,"victory":false,"max_hp_per_floor":[71,71,71,71,71,71,71,71,71,71,71,71,71,71,71,71,71],"card_choices":[{"not_picked":["White Noise","Double Energy"],"picked":"Coolheaded","floor":1.0},{"not_picked":["FTL","Undo"],"picked":"Scrape","floor":2.0},{"not_picked":["Scrape","Consume"],"picked":"Cold Snap","floor":4.0},{"not_picked":["Turbo","Steam Power"],"picked":"Gash","floor":5.0},{"not_picked":["Hello World","Double Energy"],"picked":"Hologram","floor":7.0},{"not_picked":["Turbo","Recycle"],"picked":"Leap","floor":11.0},{"not_picked":["Blizzard","Force Field","Redo"],"picked":"SKIP","floor":13.0},{"not_picked":["Chaos","Streamline"],"picked":"Cold Snap","floor":14.0}],"player_experience":1141809,"relics_obtained":[{"floor":7.0,"key":"Symbiotic Virus"},{"floor":9.0,"key":"Gambling Chip"}],"event_choices":[{"cards_removed":["Scrape"],"damage_healed":14.0,"max_hp_gain":0.0,"max_hp_loss":0.0,"gold_gain":0.0,"event_name":"Bonfire Elementals","player_choice":"Offered Uncommon","floor":3.0,"gold_loss":0.0,"damage_taken":0.0}],"is_beta":false,"boss_relics":[],"items_purged_floors":[12],"is_endless":false,"potions_floor_spawned":[1,4,11,14],"killed_by":"Slime Boss","ascension_level":20}}