{"host":"vlqejv0notyktumz","time":1610997979,"event":{"mods":["AchievementEnabler","BaseMod","Colored Map","Colored Powertips","Downfall","Googly Eyes","Minty Spire (QoL Compilation)","StSLib"],"gold_per_floor":[118,193,193,213,233,233,249,267,318,100,110,124,124,124,124,227,227,247,172,183,183,183,183,183,31,56,2,28,40,40,40,40,138,138,148,23,34,34,34,34,48,48,123,123,158,3,3,23,23,23,23],"floor_reached":50,"language":"ENG","playtime":902,"items_purged":["Strike_B","Strike_B+1","Strike_B+1"],"score":676,"play_id":"2130cda3-55bb-443e-85e6-e7cb2c241ca8","local_time":"20210118132619","is_ascension_mode":true,"campfire_choices":[{"data":"Genetic Algorithm","floor":6,"key":"SMITH"},{"data":"Loop","floor":13,"key":"SMITH"},{"floor":15,"key":"REST"},{"data":"Defragment","floor":23,"key":"SMITH"},{"data":"Zap","floor":30,"key":"SMITH"},{"floor":32,"key":"REST"},{"floor":40,"key":"REST"},{"floor":44,"key":"REST"},{"data":"Loop","floor":49,"key":"SMITH"}],"circlet_count":0,"master_deck":["Defend_B+1","Defend_B+1","Defend_B+1","Defend_B+1","Zap+1","Dualcast","Loop+1","Streamline+1","Genetic Algorithm+1","Defragment+1","Loop+1","Seek","Writhe","Conserve Battery","Stack","Seek","Buffer","Doubt","Parasite"],"relics":["Cracked Core","NeowsBlessing","Toy Ornithopter","Whetstone","Busted Crown","Symbiotic Virus","DataDisk","Ancient Tea Set","Nuclear Battery","White Beast Statue","Regal Pillow"],"acts_visited":["Exordium","TheCity","TheBeyond"],"potions_floor_usage":[7,11,11,11,45,45,50,50],"damage_taken":[{"damage":0,"enemies":"Small Slimes","floor":1,"turns":1},{"damage":0,"enemies":"Jaw Worm","floor":4,"turns":1},{"damage":0,"enemies":"Cultist","floor":5,"turns":1},{"damage":13,"enemies":"Red Slaver","floor":7,"turns":5},{"damage":22,"enemies":"Exordium Wildlife","floor":8,"turns":4},{"damage":5,"enemies":"Looter","floor":11,"turns":3},{"damage":21,"enemies":"Large Slime","floor":12,"turns":5},{"damage":27,"enemies":"Slime Boss","floor":16,"turns":9},{"damage":20,"enemies":"Shell Parasite","floor":18,"turns":5},{"damage":12,"enemies":"Chosen","floor":20,"turns":4},{"damage":0,"enemies":"Shelled Parasite and Fungi","floor":29,"turns":6},{"damage":39,"enemies":"Champ","floor":33,"turns":8},{"damage":10,"enemies":"Orb Walker","floor":35,"turns":4},{"damage":32,"enemies":"3 Shapes","floor":37,"turns":7},{"damage":26,"enemies":"Spire Growth","floor":41,"turns":6},{"damage":18,"enemies":"Nemesis","floor":45,"turns":7},{"damage":29,"enemies":"Writhing Mass","floor":48,"turns":7},{"damage":78,"enemies":"Donu and Deca","floor":50,"turns":6}],"seed_played":"-8266973333760376308","potions_obtained":[{"floor":1,"key":"SkillPotion"},{"floor":5,"key":"SkillPotion"},{"floor":7,"key":"Fruit Juice"},{"floor":8,"key":"SteroidPotion"},{"floor":12,"key":"Block Potion"},{"floor":29,"key":"Weak Potion"},{"floor":45,"key":"LiquidMemories"},{"floor":48,"key":"Regen Potion"}],"is_trial":false,"path_per_floor":["M","?","?","M","M","R","M","M","T","$","M","M","R","?","R","B",null,"M","?","M","?","?","R","?","$","T","$","T","M","R","$","R","B",null,"M","$","M","?","$","R","M","$","T","R","E","$","?","M","R","B"],"character_chosen":"DEFECT","items_purchased":["Whetstone","Conserve Battery","Stack","Buffer"],"campfire_rested":4,"item_purchase_floors":[10,25,27,46],"current_hp_per_floor":[68,57,57,57,57,57,49,27,27,27,37,16,16,16,40,13,63,43,43,31,31,31,31,31,31,31,31,31,31,31,31,55,16,64,54,54,22,22,22,46,20,20,20,44,36,36,80,51,51,0,0],"gold":23,"neow_bonus":"THREE_ENEMY_KILL","is_daily":false,"chose_seed":false,"campfire_upgraded":5,"win_rate":0.0,"timestamp":1610997979,"path_taken":["M","?","?","M","M","R","?","M","T","?","M","M","R","?","R","BOSS","M","?","M","?","?","R","?","$","T","$","?","M","R","$","R","BOSS","M","?","?","?","$","R","M","$","T","R","E","$","?","M","R","BOSS"],"items_purchased_type":["Relic","Card","Card","Card"],"build_version":"2020-12-22","purchased_purges":3,"victory":false,"max_hp_per_floor":[75,75,75,75,75,75,80,80,80,80,80,80,80,80,80,80,80,80,80,80,80,80,80,80,80,80,80,80,80,80,80,80,80,80,80,80,80,80,80,80,80,80,80,80,80,80,80,80,80,80,80],"card_choices":[{"not_picked":["Compile Driver","Self Repair"],"picked":"Loop","floor":1},{"not_picked":["Beam Cell","Steam Power"],"picked":"Streamline","floor":4},{"not_picked":["Recycle","Go for the Eyes"],"picked":"Genetic Algorithm","floor":5},{"not_picked":["Ball Lightning","Streamline"],"picked":"Defragment","floor":7},{"not_picked":["Turbo","Rebound"],"picked":"Loop","floor":8},{"not_picked":["Tempest","Barrage","Sweeping Beam"],"picked":"SKIP","floor":11},{"not_picked":["Streamline","Amplify","Barrage"],"picked":"SKIP","floor":12},{"not_picked":["Rainbow","All For One"],"picked":"Seek","floor":16},{"not_picked":["Hologram"],"picked":"SKIP","floor":18},{"not_picked":["Compile Driver"],"picked":"SKIP","floor":20},{"not_picked":["Barrage"],"picked":"SKIP","floor":29},{"not_picked":[],"picked":"Seek","floor":33},{"not_picked":["Sweeping Beam"],"picked":"SKIP","floor":35},{"not_picked":["Barrage"],"picked":"SKIP","floor":37},{"not_picked":["Compile Driver"],"picked":"SKIP","floor":41},{"not_picked":["Beam Cell"],"picked":"SKIP","floor":45},{"not_picked":["Turbo"],"picked":"SKIP","floor":48}],"player_experience":358582,"relics_obtained":[{"floor":9,"key":"Toy Ornithopter"},{"floor":26,"key":"DataDisk"},{"floor":28,"key":"Ancient Tea Set"},{"floor":43,"key":"White Beast Statue"},{"floor":45,"key":"Regal Pillow"}],"event_choices":[{"damage_healed":0,"gold_gain":75,"player_choice":"Gather Gold","damage_taken":11,"max_hp_gain":0,"max_hp_loss":0,"event_name":"World of Goop","floor":2,"gold_loss":0},{"damage_healed":0,"gold_gain":0,"player_choice":"Bought 0 Potions","damage_taken":0,"max_hp_gain":0,"max_hp_loss":0,"event_name":"The Woman in Blue","floor":3,"gold_loss":0},{"damage_healed":0,"gold_gain":0,"player_choice":"Searched \u00270\u0027 times","damage_taken":0,"max_hp_gain":0,"max_hp_loss":0,"event_name":"Dead Adventurer","floor":14,"gold_loss":0},{"cards_removed":["Strike_B"],"damage_healed":0,"gold_gain":0,"player_choice":"Gave Gold","damage_taken":0,"max_hp_gain":0,"max_hp_loss":0,"event_name":"Beggar","floor":19,"gold_loss":75},{"damage_healed":0,"gold_gain":0,"player_choice":"Simplicity","damage_taken":0,"max_hp_gain":0,"max_hp_loss":0,"event_name":"Back to Basics","floor":21,"gold_loss":0,"cards_upgraded":["Strike_B","Defend_B","Defend_B","Defend_B","Defend_B"]},{"damage_healed":0,"gold_gain":0,"player_choice":"Opened","damage_taken":0,"relics_obtained":["Symbiotic Virus"],"max_hp_gain":0,"max_hp_loss":0,"event_name":"The Mausoleum","floor":22,"gold_loss":0,"cards_obtained":["Writhe"]},{"damage_healed":0,"gold_gain":0,"player_choice":"Ignored","damage_taken":0,"max_hp_gain":0,"max_hp_loss":0,"event_name":"Vampires","floor":24,"gold_loss":0},{"damage_healed":0,"gold_gain":0,"player_choice":"Ignored","damage_taken":0,"max_hp_gain":0,"max_hp_loss":0,"event_name":"Mysterious Sphere","floor":38,"gold_loss":0},{"damage_healed":44,"gold_gain":0,"player_choice":"Heal","damage_taken":0,"max_hp_gain":0,"max_hp_loss":0,"event_name":"MindBloom","floor":47,"gold_loss":0,"cards_obtained":["Doubt"]}],"is_beta":false,"boss_relics":[{"not_picked":["bronze:MakeshiftBattery","Ectoplasm"],"picked":"Busted Crown"},{"not_picked":["Sozu","Cursed Key"],"picked":"Nuclear Battery"}],"items_purged_floors":[10,25,36],"is_endless":false,"potions_floor_spawned":[1,5,7,8,12,29,45,48],"killed_by":"Donu and Deca","ascension_level":8}}