{"host":"aqym1xxr3lb31d9m","time":1610931028,"event":{"mods":["BaseMod","Block Reminder","Colored Map","Colored Powertips","DeckTracker","Highlight Path","Minty Spire (QoL Compilation)","Quick Restart","Random Character Button","StSLib","SuperFastMode","UnlockEverythingMod"],"gold_per_floor":[139,139,139,172,172,172,192,192,192,192,257,321,321,73,73,193,193,209,209,228,20,94,94,94,94,94,94,150,150,150,150,150,150,150],"floor_reached":33,"language":"JPN","playtime":2913,"items_purged":[],"score":518,"play_id":"f9b0c533-6011-4520-b661-d65bd26d0fa4","local_time":"20210118095028","is_ascension_mode":true,"campfire_choices":[{"data":"HandOfGreed","floor":6,"key":"SMITH"},{"data":"Neutralize","floor":8,"key":"SMITH"},{"data":"Skewer","floor":10,"key":"SMITH"},{"data":"Backflip","floor":13,"key":"SMITH"},{"data":"Terror","floor":15,"key":"SMITH"},{"floor":23,"key":"REST"},{"data":"Wraith Form v2","floor":25,"key":"SMITH"},{"data":"Well Laid Plans","floor":27,"key":"SMITH"},{"floor":32,"key":"REST"}],"circlet_count":0,"master_deck":["AscendersBane","Strike_G","Defend_G","Defend_G","Defend_G","Defend_G","Defend_G","Survivor","Neutralize+1","HandOfGreed+1","All Out Attack","Skewer+1","Heel Hook","Heel Hook","Backflip+1","Terror+1","Wraith Form v2+1","Dagger Spray","Well Laid Plans+1","Bouncing Flask","Shame","Die Die Die","Acrobatics","Endless Agony"],"relics":["Ring of the Snake","Golden Idol","WingedGreaves","Darkstone Periapt","Happy Flower","Cursed Key","Nunchaku","Mummified Hand","Juzu Bracelet"],"acts_visited":["Exordium","TheCity"],"potions_floor_usage":[11,22,28],"damage_taken":[{"damage":6,"enemies":"Small Slimes","floor":1,"turns":7},{"damage":4,"enemies":"Jaw Worm","floor":4,"turns":3},{"damage":1,"enemies":"Cultist","floor":7,"turns":4},{"damage":9,"enemies":"Exordium Thugs","floor":11,"turns":4},{"damage":10,"enemies":"3 Sentries","floor":12,"turns":4},{"damage":16,"enemies":"Hexaghost","floor":16,"turns":8},{"damage":24,"enemies":"Spheric Guardian","floor":18,"turns":5},{"damage":0,"enemies":"Chosen","floor":20,"turns":3},{"damage":21,"enemies":"Sentry and Sphere","floor":22,"turns":6},{"damage":18,"enemies":"Gremlin Leader","floor":28,"turns":9},{"damage":42,"enemies":"Automaton","floor":33,"turns":10}],"seed_played":"-8671085145368409823","potions_obtained":[{"floor":1,"key":"Explosive Potion"},{"floor":12,"key":"Energy Potion"},{"floor":18,"key":"EssenceOfSteel"},{"floor":28,"key":"SpeedPotion"}],"is_trial":false,"path_per_floor":["M","?","?","M","?","R","M","R","T","R","M","E","R","$","R","B",null,"M","?","M","$","M","R","?","R","T","R","E","?","?","?","R","B"],"character_chosen":"THE_SILENT","items_purchased":["Terror","Happy Flower","Nunchaku","Bouncing Flask"],"campfire_rested":2,"item_purchase_floors":[14,14,21,21],"current_hp_per_floor":[53,46,51,47,47,47,46,46,46,46,37,27,27,27,27,11,51,27,27,27,27,6,25,25,25,31,31,13,13,13,13,34,0,0],"gold":150,"neow_bonus":"RANDOM_COLORLESS_2","is_daily":false,"chose_seed":false,"campfire_upgraded":7,"win_rate":0.0,"timestamp":1610931028,"path_taken":["M","?","?","M","?","R","M","R","T","R","M","E","R","$","R","BOSS","M","?","M","?","?","R","?","R","T","R","E","?","?","?","R","BOSS"],"items_purchased_type":["Card","Relic","Relic","Card"],"build_version":"2020-12-22","purchased_purges":0,"victory":false,"max_hp_per_floor":[66,66,71,71,64,64,64,64,64,64,64,64,64,64,64,64,64,64,64,64,64,64,64,64,64,70,70,70,70,70,70,70,70,70],"card_choices":[{"not_picked":["Secret Weapon","Secret Technique"],"picked":"HandOfGreed","floor":0},{"not_picked":["Dodge and Roll","Backflip"],"picked":"All Out Attack","floor":1},{"not_picked":["Dagger Throw","Prepared"],"picked":"Skewer","floor":4},{"not_picked":["Accuracy","Expertise"],"picked":"Heel Hook","floor":7},{"not_picked":["Masterful Stab","Caltrops"],"picked":"Heel Hook","floor":11},{"not_picked":["Endless Agony","Bouncing Flask"],"picked":"Backflip","floor":12},{"not_picked":["Night Terror","Unload"],"picked":"Wraith Form v2","floor":16},{"not_picked":["Caltrops","Underhanded Strike"],"picked":"Dagger Spray","floor":18},{"not_picked":["Outmaneuver","Cloak And Dagger+1"],"picked":"Well Laid Plans","floor":20},{"not_picked":["Deflect","Prepared","Flying Knee"],"picked":"SKIP","floor":22},{"not_picked":["Dagger Spray","Blur"],"picked":"Die Die Die","floor":28}],"player_experience":3916837,"relics_obtained":[{"floor":9,"key":"WingedGreaves"},{"floor":12,"key":"Darkstone Periapt"},{"floor":26,"key":"Mummified Hand"},{"floor":28,"key":"Juzu Bracelet"}],"event_choices":[{"cards_removed":["Normality"],"damage_healed":0,"gold_gain":0,"player_choice":"Card Removal","damage_taken":7,"max_hp_gain":0,"max_hp_loss":0,"event_name":"Golden Wing","floor":2,"gold_loss":0},{"damage_healed":0,"gold_gain":0,"player_choice":"Donut","damage_taken":0,"max_hp_gain":5,"max_hp_loss":0,"event_name":"Big Fish","floor":3,"gold_loss":0},{"damage_healed":0,"gold_gain":0,"player_choice":"Lose Max HP","damage_taken":0,"relics_obtained":["Golden Idol"],"max_hp_gain":0,"max_hp_loss":7,"event_name":"Golden Idol","floor":5,"gold_loss":0},{"cards_removed":["Strike_G"],"damage_healed":0,"gold_gain":0,"player_choice":"Purged","damage_taken":0,"max_hp_gain":0,"max_hp_loss":0,"event_name":"Purifier","floor":19,"gold_loss":0},{"damage_healed":0,"gold_gain":0,"player_choice":"Ignored","damage_taken":0,"max_hp_gain":0,"max_hp_loss":0,"event_name":"Vampires","floor":24,"gold_loss":0},{"damage_healed":0,"gold_gain":0,"player_choice":"Ignored","damage_taken":0,"max_hp_gain":0,"max_hp_loss":0,"event_name":"Cursed Tome","floor":29,"gold_loss":0},{"damage_healed":0,"gold_gain":0,"cards_transformed":["Strike_G","Strike_G"],"player_choice":"Became Test Subject","damage_taken":0,"max_hp_gain":0,"max_hp_loss":0,"event_name":"Drug Dealer","floor":30,"gold_loss":0,"cards_obtained":["Acrobatics","Endless Agony"]},{"cards_removed":["Strike_G"],"damage_healed":0,"gold_gain":0,"player_choice":"Card Removal","damage_taken":0,"max_hp_gain":0,"max_hp_loss":0,"event_name":"Wheel of Change","floor":31,"gold_loss":0}],"is_beta":false,"boss_relics":[{"not_picked":["Snecko Eye","Runic Pyramid"],"picked":"Cursed Key"}],"items_purged_floors":[],"is_endless":false,"potions_floor_spawned":[1,12,18,28],"killed_by":"Automaton","ascension_level":20}}