{"host":"sav7uxregyirlf69","time":1610987437,"event":{"mods":["AchievementEnabler","BaseMod","Colored Map","DeckTracker","Keyboard Shortcuts","Minty Spire (QoL Compilation)","READ ME - Guardian Mod","StSLib","SuperFastMode"],"gold_per_floor":[18,18,33,33,45,45,60,73,98,23,54,69,96,109,109,109,109],"floor_reached":16,"language":"KOR","playtime":308,"items_purged":["Decay"],"score":228,"play_id":"86c88465-3cde-46de-a437-a89224b61f35","local_time":"20210119013037","is_ascension_mode":true,"campfire_choices":[{"data":"Dagger Spray","floor":6,"key":"SMITH"},{"data":"Footwork","floor":15,"key":"SMITH"}],"circlet_count":0,"master_deck":["AscendersBane","Strike_G+1","Strike_G","Strike_G+1","Defend_G","Defend_G","Defend_G","Defend_G","Defend_G","Survivor","Neutralize","Quick Slash","Cloak And Dagger","Blade Dance","Dagger Spray+1","Blur","Footwork+1","Deadly Poison"],"relics":["Ring of the Snake","PreservedInsect","Whetstone","Art of War"],"acts_visited":["Exordium"],"potions_floor_usage":[11,16,16],"damage_taken":[{"damage":1,"enemies":"Small Slimes","floor":1,"turns":3},{"damage":0,"enemies":"Cultist","floor":3,"turns":4},{"damage":2,"enemies":"Jaw Worm","floor":5,"turns":4},{"damage":3,"enemies":"Exordium Wildlife","floor":7,"turns":2},{"damage":8,"enemies":"3 Louse","floor":8,"turns":2},{"damage":19,"enemies":"Lagavulin","floor":11,"turns":5},{"damage":2,"enemies":"Large Slime","floor":12,"turns":6},{"damage":4,"enemies":"3 Sentries","floor":13,"turns":5},{"damage":5,"enemies":"Looter","floor":14,"turns":3},{"damage":18,"enemies":"Hexaghost","floor":16,"turns":9}],"seed_played":"-7866398042935005997","potions_obtained":[{"floor":3,"key":"SteroidPotion"},{"floor":7,"key":"SpeedPotion"},{"floor":11,"key":"Fire Potion"},{"floor":13,"key":"DistilledChaos"}],"is_trial":false,"path_per_floor":["M","?","M","?","M","R","M","M","T","$","E","M","E","M","R","B"],"character_chosen":"THE_SILENT","items_purchased":[],"campfire_rested":0,"item_purchase_floors":[],"current_hp_per_floor":[58,58,58,58,56,56,53,45,45,45,26,24,20,15,15,0,0],"gold":109,"neow_bonus":"TRANSFORM_TWO_CARDS","is_daily":false,"chose_seed":false,"campfire_upgraded":2,"win_rate":0.0,"timestamp":1610987437,"path_taken":["M","?","M","?","?","R","M","M","T","$","E","M","E","M","R","BOSS"],"items_purchased_type":[],"build_version":"2020-12-22","purchased_purges":1,"victory":false,"max_hp_per_floor":[66,66,66,66,66,66,66,66,66,66,66,66,66,66,66,66,66],"card_choices":[{"not_picked":["PiercingWail","Quick Slash","Underhanded Strike"],"picked":"SKIP","floor":1},{"not_picked":["Deadly Poison","Underhanded Strike"],"picked":"Blade Dance","floor":3},{"not_picked":["Slice","Backflip"],"picked":"Dagger Spray","floor":5},{"not_picked":["Backflip","Poisoned Stab"],"picked":"Blur","floor":7},{"not_picked":["Dodge and Roll","Grand Finale","Bane"],"picked":"SKIP","floor":8},{"not_picked":["Prepared","Endless Agony"],"picked":"Footwork","floor":11},{"not_picked":["Quick Slash","Acrobatics"],"picked":"Deadly Poison","floor":12},{"not_picked":["Bane","Concentrate","Doppelganger"],"picked":"SKIP","floor":13},{"not_picked":["Prepared","All Out Attack","Blade Dance"],"picked":"SKIP","floor":14}],"player_experience":1315545,"relics_obtained":[{"floor":9,"key":"PreservedInsect"},{"floor":11,"key":"Whetstone"},{"floor":13,"key":"Art of War"}],"event_choices":[{"damage_healed":0,"gold_gain":0,"cards_transformed":["Concentrate"],"player_choice":"Change","damage_taken":0,"max_hp_gain":0,"max_hp_loss":0,"event_name":"Living Wall","floor":2,"gold_loss":0,"cards_obtained":["Cloak And Dagger"]},{"damage_healed":0,"gold_gain":0,"player_choice":"Cursed","damage_taken":0,"max_hp_gain":0,"max_hp_loss":0,"event_name":"Wheel of Change","floor":4,"gold_loss":0,"cards_obtained":["Decay"]}],"is_beta":false,"boss_relics":[],"items_purged_floors":[10],"is_endless":false,"potions_floor_spawned":[3,7,11,13],"killed_by":"Hexaghost","ascension_level":20}}