{"host":"7l2t4psy44vpcd9q","time":1610947755,"event":{"mods":["AchievementEnabler","BaseMod","DeckTracker","Minty Spire (QoL Compilation)","SuperFastMode"],"gold_per_floor":[114,126,126,136,150,185,204,204,204,204,218,296,309,342,354,443,455,480,492,517,121,136,136,136,136],"floor_reached":24,"language":"KOR","playtime":1158,"items_purged":["Decay"],"score":420,"play_id":"b85bbe16-bd61-4821-9792-ad785d9ebaed","local_time":"20210118142915","is_ascension_mode":true,"campfire_choices":[{"floor":8,"key":"REST"},{"floor":10,"key":"REST"},{"data":"Capacitor","floor":15,"key":"SMITH"},{"floor":23,"key":"REST"}],"circlet_count":0,"master_deck":["AscendersBane","Strike_B","Strike_B","Strike_B","Strike_B","Defend_B","Defend_B","Defend_B","Defend_B","Zap+1","Dualcast","Cold Snap","Conserve Battery","Compile Driver","Coolheaded","Capacitor+1","Doom and Gloom","Loop","Static Discharge","Rainbow","BootSequence","Genetic Algorithm","Bandage Up","Loop"],"relics":["FrozenCore","Toy Ornithopter","Pen Nib","MawBank","Tiny Chest"],"acts_visited":["Exordium","TheCity"],"potions_floor_usage":[6,13,14,16,22],"damage_taken":[{"damage":7,"enemies":"Small Slimes","floor":1,"turns":3},{"damage":8,"enemies":"Jaw Worm","floor":2,"turns":4},{"damage":0,"enemies":"Cultist","floor":4,"turns":3},{"damage":15,"enemies":"Large Slime","floor":5,"turns":6},{"damage":52,"enemies":"Gremlin Nob","floor":6,"turns":5},{"damage":3,"enemies":"3 Louse","floor":7,"turns":5},{"damage":3,"enemies":"2 Fungi Beasts","floor":11,"turns":4},{"damage":1,"enemies":"Blue Slaver","floor":13,"turns":3},{"damage":22,"enemies":"Lagavulin","floor":14,"turns":8},{"damage":18,"enemies":"Hexaghost","floor":16,"turns":9},{"damage":16,"enemies":"Shell Parasite","floor":18,"turns":8},{"damage":27,"enemies":"Spheric Guardian","floor":20,"turns":8},{"damage":20,"enemies":"Snecko","floor":22,"turns":6},{"damage":28,"enemies":"Centurion and Healer","floor":24,"turns":4}],"seed_played":"-2026264645513943848","potions_obtained":[{"floor":5,"key":"Fire Potion"},{"floor":7,"key":"Block Potion"},{"floor":11,"key":"Strength Potion"},{"floor":14,"key":"EssenceOfDarkness"},{"floor":20,"key":"Block Potion"},{"floor":22,"key":"Strength Potion"}],"is_trial":false,"path_per_floor":["M","M","?","M","M","E","M","R","T","R","M","?","M","E","R","B",null,"M","?","M","$","M","R","M"],"character_chosen":"DEFECT","items_purchased":["Bandage Up","Tiny Chest","Loop"],"campfire_rested":3,"item_purchase_floors":[21,21,21],"current_hp_per_floor":[57,49,71,71,56,4,1,22,22,43,40,40,44,27,27,14,57,41,41,14,14,3,24,0,0],"gold":136,"neow_bonus":"UPGRADE_CARD","is_daily":false,"chose_seed":false,"campfire_upgraded":1,"win_rate":0.0,"timestamp":1610947755,"path_taken":["M","M","?","M","M","E","M","R","T","R","M","?","M","E","R","BOSS","M","?","M","$","M","R","M"],"items_purchased_type":["Card","Relic","Card"],"build_version":"2020-12-22","purchased_purges":1,"victory":false,"max_hp_per_floor":[71,71,71,71,71,71,71,71,71,71,71,71,71,71,71,71,71,71,71,71,71,71,71,71,71],"card_choices":[{"not_picked":["Ball Lightning","Rebound"],"picked":"Cold Snap","floor":1},{"not_picked":["Fusion","Heatsinks"],"picked":"Conserve Battery","floor":2},{"not_picked":["Gash","White Noise"],"picked":"Compile Driver","floor":4},{"not_picked":["Compile Driver","Hologram","Conserve Battery"],"picked":"SKIP","floor":5},{"not_picked":["Melter","Rebound"],"picked":"Coolheaded","floor":6},{"not_picked":["Cold Snap","All For One"],"picked":"Capacitor","floor":7},{"not_picked":["Rebound","Streamline"],"picked":"Doom and Gloom","floor":11},{"not_picked":["Reprogram","Go for the Eyes"],"picked":"Loop","floor":13},{"not_picked":["Undo","Storm"],"picked":"Static Discharge","floor":14},{"not_picked":["Thunder Strike","All For One"],"picked":"Rainbow","floor":16},{"not_picked":["Sweeping Beam","Streamline"],"picked":"BootSequence","floor":18},{"not_picked":["Tempest","Lockon"],"picked":"Genetic Algorithm","floor":20},{"not_picked":["Hello World","Doom and Gloom","BootSequence"],"picked":"SKIP","floor":22}],"player_experience":1256442,"relics_obtained":[{"floor":6,"key":"Toy Ornithopter"},{"floor":9,"key":"Pen Nib"},{"floor":14,"key":"MawBank"}],"event_choices":[{"damage_healed":23,"gold_gain":0,"player_choice":"Banana","damage_taken":0,"max_hp_gain":0,"max_hp_loss":0,"event_name":"Big Fish","floor":3,"gold_loss":0},{"damage_healed":0,"gold_gain":78,"player_choice":"Gained Gold","damage_taken":0,"max_hp_gain":0,"max_hp_loss":0,"event_name":"Golden Wing","floor":12,"gold_loss":0},{"damage_healed":0,"gold_gain":0,"player_choice":"Smashed Altar","damage_taken":0,"max_hp_gain":0,"max_hp_loss":0,"event_name":"Forgotten Altar","floor":19,"gold_loss":0,"cards_obtained":["Decay"]}],"is_beta":false,"boss_relics":[{"not_picked":["Runic Dome","Runic Pyramid"],"picked":"FrozenCore"}],"items_purged_floors":[21],"is_endless":false,"potions_floor_spawned":[5,7,11,14,20,22],"killed_by":"Centurion and Healer","ascension_level":20}}