{"host":"ux1e5jwgl66eze79","time":1610929986,"event":{"mods":["2.2 Compatiblity","Act Like it!","Aspiration","BaseMod","Conspire","Downfall","Duelist Mod","GifTheSpireLib","Hermit","Hubris","Minty Spire (QoL Compilation)","StSLib","The Cursed","Wandering Minibosses"],"gold_per_floor":[99,116,26,39,53,38,38,38,0,0,35,54,71,103,116,219,219,219,232,332,349,369,140,140,202,235,250,139,289,339,374,393,497,497,497,515,565,615,626,655,735,785,795,795,805,869,969,1019,1036,1036],"floor_reached":51,"language":"ENG","playtime":5439,"items_purged":["Slimebound:Defend_Slimebound","Slimebound:Defend_Slimebound","Slimebound:Defend_Slimebound"],"score":796,"play_id":"61d334f3-7454-4da1-97d8-233dd07993b9","local_time":"20210118013306","is_ascension_mode":false,"campfire_choices":[{"data":"Slimebound:Split","floor":1,"key":"SMITH"},{"floor":8,"key":"REST"},{"data":"Slimebound:Recycling","floor":18,"key":"SMITH"},{"data":"Slimebound:LeechEnergy","floor":35,"key":"SMITH"},{"floor":44,"key":"RECALL"}],"circlet_count":0,"master_deck":["Slimebound:Tackle","Slimebound:Split+1","Slimebound:CorrosiveSpit","Slimebound:Prepare","Slimebound:Repurpose","Slimebound:LivingWall","Slimebound:ViciousTackle","Slimebound:MegaLick","Slimebound:LeechEnergy+1","Slimebound:SpikyOuterGoop","Slimebound:ItLooksTasty","Slimebound:GrowthPunch","Slimebound:MegaLick+1","Slimebound:Recycling+1","Slimebound:LeechLife","Slimebound:Prepare+1","Slimebound:LeechingTouch","Slimebound:OozeBath+1","Slimebound:Gluttony","Slimebound:MegaLick+1","Slimebound:SamplingLick+1","Slimebound:OozeBath+1","Slimebound:AcidTongue","Slimebound:MegaLick+1","Slimebound:SamplingLick+1","expansioncontent:StudyTheSpire+1","Slimebound:SlimeSlap+1","Slimebound:HauntingLick+1","Slimebound:RainOfGoop+1","Slimebound:SlimeSlap","Slimebound:SamplingLick+1","Slimebound:SpikyOuterGoop"],"relics":["Slimebound:AbsorbEndCombat","Calipers","Lizard Tail","PreservedInsect","Toxic Egg 2","Coffee Dripper","downfall:CloakOfManyFaces","CultistMask","FaceOfCleric","NlothsMask","GremlinMask","SsserpentHead","conspire:Dentures","Tiny Chest","Ginger","Mummified Hand","hubris:PeanutButter","Empty Cage","Sundial","Singing Bowl","CaptainsWheel","Question Card"],"acts_visited":["Exordium","TheCity","TheBeyond"],"potions_floor_usage":[19,25,26,29,31,33,39,43,50,50],"damage_taken":[{"damage":0,"enemies":"Cultist","floor":2,"turns":3},{"damage":0,"enemies":"downfall:FleeingMerchant","floor":3,"turns":4},{"damage":15,"enemies":"Small Slimes","floor":4,"turns":4},{"damage":0,"enemies":"Jaw Worm","floor":5,"turns":4},{"damage":22,"enemies":"downfall:FleeingMerchant","floor":6,"turns":4},{"damage":23,"enemies":"downfall:FleeingMerchant","floor":9,"turns":4},{"damage":11,"enemies":"Lagavulin","floor":11,"turns":4},{"damage":0,"enemies":"3 Louse","floor":12,"turns":3},{"damage":3,"enemies":"Lots of Slimes","floor":13,"turns":4},{"damage":5,"enemies":"conspire:MimicChest","floor":14,"turns":5},{"damage":1,"enemies":"Large Slime","floor":15,"turns":3},{"damage":13,"enemies":"SI_SHIV_ARCHETYPE","floor":16,"turns":7},{"damage":24,"enemies":"Shell Parasite","floor":19,"turns":5},{"damage":13,"enemies":"downfall:FaceTrader","floor":20,"turns":6},{"damage":0,"enemies":"3 Byrds","floor":21,"turns":5},{"damage":12,"enemies":"Sentry and Sphere","floor":22,"turns":6},{"damage":6,"enemies":"downfall:FleeingMerchant","floor":23,"turns":4},{"damage":23,"enemies":"3 Cultists","floor":25,"turns":4},{"damage":6,"enemies":"theDuelist:KaibaA2","floor":26,"turns":3},{"damage":10,"enemies":"Cultist and Chosen","floor":27,"turns":6},{"damage":8,"enemies":"downfall:FleeingMerchant","floor":28,"turns":3},{"damage":7,"enemies":"Colosseum Nobs","floor":29,"turns":3},{"damage":3,"enemies":"Slavers","floor":31,"turns":3},{"damage":0,"enemies":"Sentry and Sphere","floor":32,"turns":4},{"damage":16,"enemies":"DF_ARCHETYPE_CLAW","floor":33,"turns":6},{"damage":0,"enemies":"Orb Walker","floor":36,"turns":3},{"damage":1,"enemies":"Orb Walker","floor":37,"turns":4},{"damage":2,"enemies":"3 Darklings","floor":39,"turns":2},{"damage":14,"enemies":"Reptomancer","floor":40,"turns":4},{"damage":6,"enemies":"Transient","floor":43,"turns":5},{"damage":0,"enemies":"Maw","floor":45,"turns":4},{"damage":28,"enemies":"4 Shapes","floor":46,"turns":3},{"damage":0,"enemies":"4 Shapes","floor":47,"turns":3},{"damage":0,"enemies":"Sphere and 2 Shapes","floor":49,"turns":4},{"damage":23,"enemies":"IC_BLOCK_ARCHETYPE","floor":50,"turns":4}],"seed_played":"-5712459657576453608","potions_obtained":[{"floor":11,"key":"BlessingOfTheForge"},{"floor":12,"key":"Explosive Potion"},{"floor":13,"key":"AttackPotion"},{"floor":15,"key":"Energy Potion"},{"floor":16,"key":"Regen Potion"},{"floor":21,"key":"SpeedPotion"},{"floor":25,"key":"Slimebound:ThreeZeroPotion"},{"floor":27,"key":"Block Potion"},{"floor":29,"key":"Dexterity Potion"},{"floor":32,"key":"champ:CounterPotion"},{"floor":37,"key":"EssenceOfSteel"},{"floor":40,"key":"bronze:BurnAndBuffPotion"},{"floor":46,"key":"SteroidPotion"},{"floor":49,"key":"Weak Potion"}],"is_trial":false,"path_per_floor":["R","M","$","M","M","$","T","R","$","?","E","M","M","?","M","B",null,"R","M","?","M","M","$","T","M","E","M","$","?","?","E","M","B",null,"R","M","?","T","M","E","T","?","M","R","M","M","?","T","M","B",null],"character_chosen":"SLIMEBOUND","items_purchased":["Slimebound:LeechEnergy","Slimebound:Gluttony","Slimebound:MegaLick+1","Tiny Chest","Slimebound:SamplingLick+1","expansioncontent:StudyTheSpire"],"campfire_rested":1,"item_purchase_floors":[9,23,23,28,28,28],"current_hp_per_floor":[47,50,52,39,42,23,23,42,21,21,12,15,18,19,21,17,65,65,53,53,66,60,62,62,50,53,62,57,54,54,55,62,56,76,76,77,78,78,79,69,69,61,83,83,86,87,90,90,91,77],"gold":1036,"neow_bonus":"ONE_RARE_RELIC","is_daily":false,"chose_seed":false,"campfire_upgraded":3,"win_rate":0.0,"timestamp":1610929986,"path_taken":["R","M","?","M","?","$","T","R","?","?","E","M","M","?","M","BOSS","R","M","?","M","M","$","T","?","E","M","$","?","?","E","M","BOSS","R","M","?","?","M","E","T","?","M","R","M","?","?","?","M","BOSS"],"items_purchased_type":["Card","Card","Card","Relic","Card","Card"],"build_version":"2020-12-22","purchased_purges":3,"victory":true,"max_hp_per_floor":[65,65,65,65,65,65,65,65,65,65,65,65,65,65,65,65,65,65,65,65,66,67,68,68,69,70,71,72,73,73,74,75,76,76,76,77,78,78,79,80,80,80,83,83,86,87,90,90,91,92],"card_choices":[{"not_picked":["Slimebound:RollThrough","Slimebound:GrowthPunch"],"picked":"Slimebound:Prepare","floor":2},{"not_picked":["Slimebound:GrowthPunch","Slimebound:Prepare"],"picked":"Slimebound:Repurpose","floor":3},{"not_picked":["Slimebound:GoopTackle","Slimebound:GrowthPunch"],"picked":"Slimebound:LivingWall","floor":4},{"not_picked":["Slimebound:SamplingLick","Slimebound:PressTheAttack"],"picked":"Slimebound:ViciousTackle","floor":5},{"not_picked":["Slimebound:PressTheAttack","Slimebound:GoopTackle","Slimebound:LevelUp"],"picked":"SKIP","floor":6},{"not_picked":["Slimebound:SplitAcid","Slimebound:Chomp"],"picked":"Slimebound:MegaLick","floor":9},{"not_picked":["Slimebound:TongueLash","Slimebound:WasteNot"],"picked":"Slimebound:SpikyOuterGoop","floor":11},{"not_picked":["Slimebound:LivingWall","Slimebound:SlimeTap"],"picked":"Slimebound:ItLooksTasty","floor":12},{"not_picked":["Slimebound:SplitBruiser","Slimebound:RollThrough"],"picked":"Slimebound:GrowthPunch","floor":13},{"not_picked":["Slimebound:Prepare+1","Slimebound:SplitLeeching+1"],"picked":"Slimebound:MegaLick+1","floor":14},{"not_picked":["Slimebound:TongueLash","Slimebound:RollThrough"],"picked":"Slimebound:Recycling","floor":15},{"not_picked":["Slimebound:MinionMaster","Slimebound:Recycling"],"picked":"Slimebound:LeechLife","floor":16},{"not_picked":["Slimebound:GrowthPunch+1","Slimebound:LivingWall+1"],"picked":"Slimebound:Prepare+1","floor":19},{"not_picked":["Slimebound:GrowthPunch","Slimebound:LivingWall+1"],"picked":"Slimebound:LeechingTouch","floor":21},{"not_picked":["Slimebound:SplitBruiser+1","Slimebound:ItLooksTasty"],"picked":"Slimebound:OozeBath+1","floor":22},{"not_picked":["Slimebound:SplitLeeching+1","Slimebound:DisruptingSlam","Slimebound:Prepare+1"],"picked":"SKIP","floor":23},{"not_picked":["Slimebound:GrowthPunch","Slimebound:FinishingTackle"],"picked":"Slimebound:SamplingLick+1","floor":25},{"not_picked":["Slimebound:Chomp","Slimebound:HauntingLick+1"],"picked":"Slimebound:OozeBath+1","floor":26},{"not_picked":["Slimebound:SplitMire+1","Slimebound:GoopTackle"],"picked":"Slimebound:AcidTongue","floor":27},{"not_picked":["Slimebound:Equalize","Slimebound:SlimeBrawl+1"],"picked":"Slimebound:MegaLick+1","floor":28},{"not_picked":["Slimebound:SlimeTap+1","Slimebound:LeadByExample","Slimebound:ComboTackle"],"picked":"SKIP","floor":31},{"not_picked":["Slimebound:PressTheAttack","Slimebound:GrowthPunch","Slimebound:ItLooksTasty"],"picked":"SKIP","floor":32},{"not_picked":["Slimebound:SelfFormingGoo","Slimebound:MassRepurpose+1"],"picked":"Slimebound:SlimeSlap","floor":33},{"not_picked":["Slimebound:PressTheAttack+1","Slimebound:DivideAndConquer+1","Slimebound:GoopTackle"],"picked":"SKIP","floor":36},{"not_picked":["Slimebound:LevelUp","Slimebound:SplitBruiser+1"],"picked":"Slimebound:HauntingLick+1","floor":37},{"not_picked":["Slimebound:Schlurp+1","Slimebound:SplitLeeching+1"],"picked":"Slimebound:RainOfGoop+1","floor":39},{"not_picked":["Slimebound:ComboTackle+1","Slimebound:LivingWall+1"],"picked":"Slimebound:SlimeSlap","floor":40},{"not_picked":["Slimebound:Gluttony","Slimebound:GoopSpray+1","Slimebound:ViciousTackle+1"],"picked":"Singing Bowl","floor":43},{"not_picked":["Slimebound:Prepare+1","Slimebound:PressTheAttack+1","Slimebound:RollThrough+1"],"picked":"Singing Bowl","floor":45},{"not_picked":["Slimebound:RollThrough+1","Slimebound:PressTheAttack"],"picked":"Slimebound:SamplingLick+1","floor":46},{"not_picked":["Slimebound:Prepare+1","Slimebound:Grow","Slimebound:PressTheAttack+1"],"picked":"Singing Bowl","floor":47},{"not_picked":["Slimebound:GrowthPunch+1","Slimebound:PrepareCrush+1","Slimebound:SlimeTap+1"],"picked":"Slimebound:SpikyOuterGoop","floor":49}],"player_experience":124635,"relics_obtained":[{"floor":7,"key":"Lizard Tail"},{"floor":11,"key":"PreservedInsect"},{"floor":14,"key":"Toxic Egg 2"},{"floor":20,"key":"downfall:CloakOfManyFaces"},{"floor":26,"key":"conspire:Dentures"},{"floor":29,"key":"Ginger"},{"floor":29,"key":"Mummified Hand"},{"floor":31,"key":"hubris:PeanutButter"},{"floor":40,"key":"Sundial"},{"floor":41,"key":"Singing Bowl"},{"floor":47,"key":"CaptainsWheel"},{"floor":48,"key":"Question Card"}],"event_choices":[{"cards_removed":["Slimebound:Defend_Slimebound"],"damage_healed":0,"gold_gain":0,"player_choice":"Card Removal","damage_taken":0,"max_hp_gain":0,"max_hp_loss":0,"event_name":"The Cleric","floor":10,"gold_loss":0}],"is_beta":false,"boss_relics":[{"not_picked":["Velvet Choker","hubris:Stopwatch"],"picked":"Coffee Dripper"},{"not_picked":["hubris:ScarierMask","Cursed Key"],"picked":"Empty Cage"}],"items_purged_floors":[3,23,28],"is_endless":false,"potions_floor_spawned":[11,12,13,15,16,21,25,27,29,32,37,40,46,49],"ascension_level":0}}