{"host":"goj2s4fnav97bn09","time":1610997755,"event":{"mods":["AchievementEnabler","Act Like it!","BaseMod","Colored Map","GifTheSpireLib","Hermit","Infinite Spire","Minty Spire (QoL Compilation)","Replay The Spire","StSLib","The Hierophant","The Servant 0.9.4"],"gold_per_floor":[14,14,14,30,46,78,88,118,118,136,136,61,61,95,95,95,95],"floor_reached":16,"language":"ENG","playtime":749,"items_purged":["Strike_R"],"score":145,"play_id":"563d20ac-199e-4d88-81c4-1b52ffed09e4","local_time":"20210118132235","is_ascension_mode":false,"campfire_choices":[{"data":"Armaments","floor":11,"key":"SMITH"},{"floor":15,"key":"REST"}],"circlet_count":0,"master_deck":["Strike_R","Strike_R","Strike_R","Defend_R+1","Defend_R+1","Defend_R+1","Defend_R+1","Bash","Secret Technique","Metallicize","Anger","Body Slam","Rage","Armaments+1"],"relics":["Burning Blood","Replay:Bottled Eggs","Replay:Wax Seal","WingedGreaves"],"acts_visited":["Exordium"],"potions_floor_usage":[8,16],"damage_taken":[{"damage":5,"enemies":"Cultist","floor":1,"turns":4},{"damage":7,"enemies":"2 Louse","floor":4,"turns":4},{"damage":6,"enemies":"Jaw Worm","floor":5,"turns":3},{"damage":28,"enemies":"3 Sentries","floor":6,"turns":15},{"damage":2,"enemies":"Looter","floor":7,"turns":3},{"damage":12,"enemies":"Gremlin Nob","floor":8,"turns":2},{"damage":29,"enemies":"Gremlin Gang","floor":10,"turns":6},{"damage":12,"enemies":"Lagavulin","floor":14,"turns":7},{"damage":56,"enemies":"Slime Boss","floor":16,"turns":12}],"seed_played":"-1189543390199154508","potions_obtained":[{"floor":4,"key":"Death Potion"},{"floor":5,"key":"Energy Potion"},{"floor":8,"key":"LiquidBronze"},{"floor":10,"key":"SpeedPotion"}],"is_trial":false,"path_per_floor":["M","$","?","M","M","E","M","E","T","M","R","$","?","E","R","B"],"character_chosen":"IRONCLAD","items_purchased":[],"campfire_rested":1,"item_purchase_floors":[],"current_hp_per_floor":[80,80,85,84,84,62,66,60,60,37,37,37,37,31,56,0,0],"gold":95,"neow_bonus":"RANDOM_COLORLESS_2","is_daily":false,"chose_seed":false,"campfire_upgraded":1,"win_rate":0.0,"timestamp":1610997755,"path_taken":["M","?","?","M","M","E","M","E","T","M","R","?","?","E","R","BOSS"],"items_purchased_type":[],"build_version":"2020-12-22","purchased_purges":1,"victory":false,"max_hp_per_floor":[80,80,85,85,85,85,85,85,85,85,85,85,85,85,85,85,85],"card_choices":[{"not_picked":["ReplayUltimateDefense","Secret Weapon"],"picked":"Secret Technique","floor":0},{"not_picked":["Shrug It Off","Defy Death"],"picked":"Metallicize","floor":1},{"not_picked":["Warcry","Clothesline","Heavy Blade"],"picked":"SKIP","floor":4},{"not_picked":["Twin Strike","Body Slam","Sword Boomerang"],"picked":"SKIP","floor":5},{"not_picked":["Perfected Strike","Sever Soul"],"picked":"Anger","floor":6},{"not_picked":["Sentinel","Cleave"],"picked":"Body Slam","floor":7},{"not_picked":["Replay:Undeath\u0027s Touch","Brutality"],"picked":"Rage","floor":8},{"not_picked":["Entrench","Shockwave"],"picked":"Armaments","floor":10},{"not_picked":["infinitespire:OneForAll","Clash","Perfected Strike"],"picked":"SKIP","floor":14}],"player_experience":329351,"relics_obtained":[{"floor":6,"key":"Replay:Bottled Eggs"},{"floor":8,"key":"Replay:Wax Seal"},{"floor":14,"key":"WingedGreaves"}],"event_choices":[{"damage_healed":0,"gold_gain":0,"player_choice":"Donut","damage_taken":0,"max_hp_gain":5,"max_hp_loss":0,"event_name":"Big Fish","floor":3,"gold_loss":0},{"cards_removed":["Strike_R"],"damage_healed":0,"gold_gain":0,"player_choice":"Purged","damage_taken":0,"max_hp_gain":0,"max_hp_loss":0,"event_name":"Purifier","floor":13,"gold_loss":0}],"is_beta":false,"boss_relics":[],"items_purged_floors":[12],"is_endless":false,"potions_floor_spawned":[4,5,8,10],"killed_by":"Slime Boss","ascension_level":0}}