{"host":"fghh6uc8siqeqraf","time":1610974996,"event":{"mods":["AchievementEnabler","BaseMod","Colored Powertips","Googly Eyes","Hermit","Jorbs\u0027s Wanderer Trilogy","Lobotomy","Marisa£®ÏF”Í°°ƒß¿Ì…≥£©","Minty Spire (QoL Compilation)","Quick Restart","Replay The Spire","Shop Mod","StSLib","The Bug Knight","The Cursed","The Hierophant","The Servant 0.9.4"],"gold_per_floor":[12,24,36,55,68,68,79,79,156,156,170,180,207,219,219,219,219],"floor_reached":16,"language":"ZHS","playtime":658,"items_purged":[],"score":113,"play_id":"23503830-7fa0-43b3-81af-280d38eecab5","local_time":"20210118210316","is_ascension_mode":true,"campfire_choices":[{"data":"Apotheosis","floor":6,"key":"SMITH"},{"data":"True Grit","floor":15,"key":"SMITH"}],"circlet_count":0,"master_deck":["Strike_R","Strike_R","Strike_R","Strike_R","Strike_R","Defend_R","Defend_R","Defend_R","Defend_R","Bash","Apotheosis+1","Perfected Strike","Battle Trance","Shrug It Off+1","ReplayTheSpireMod:Strike From Hell","Rage","Perfected Strike","True Grit+1","Shrug It Off"],"relics":["Burning Blood","Self Forming Clay","Centennial Puzzle"],"acts_visited":["Exordium"],"potions_floor_usage":[],"damage_taken":[{"damage":0,"enemies":"Cultist","floor":1,"turns":3},{"damage":0,"enemies":"2 Louse","floor":2,"turns":3},{"damage":12,"enemies":"Jaw Worm","floor":3,"turns":4},{"damage":11,"enemies":"Blue Slaver","floor":4,"turns":5},{"damage":17,"enemies":"Exordium Thugs","floor":5,"turns":5},{"damage":2,"enemies":"Looter","floor":7,"turns":3},{"damage":1,"enemies":"Blue Slaver","floor":11,"turns":3},{"damage":0,"enemies":"Large Slime","floor":12,"turns":3},{"damage":10,"enemies":"Gremlin Nob","floor":13,"turns":4},{"damage":0,"enemies":"Gremlin Gang","floor":14,"turns":5},{"damage":0,"enemies":"Slime Boss","floor":16,"turns":1}],"seed_played":"-8403608254148804760","potions_obtained":[{"floor":2,"key":"Languid Potion"},{"floor":4,"key":"FairyPotion"},{"floor":5,"key":"PowerPotion"}],"is_trial":false,"path_per_floor":["M","M","M","M","M","R","M","?","T","?","M","M","E","M","R","B"],"character_chosen":"IRONCLAD","items_purchased":[],"campfire_rested":0,"item_purchase_floors":[],"current_hp_per_floor":[80,80,74,69,58,58,62,62,62,62,67,73,69,75,75,75,75],"gold":219,"neow_bonus":"RANDOM_COLORLESS_2","is_daily":false,"chose_seed":false,"campfire_upgraded":2,"win_rate":0.0,"timestamp":1610974996,"path_taken":["M","M","?","M","M","R","M","?","T","?","M","?","E","M","R","BOSS"],"items_purchased_type":[],"build_version":"2020-12-22","purchased_purges":0,"victory":false,"max_hp_per_floor":[80,80,80,80,80,80,80,80,80,80,80,80,80,80,80,80,80],"card_choices":[{"not_picked":["Metamorphosis","Panache"],"picked":"Apotheosis","floor":0},{"not_picked":["Havoc","Carnage"],"picked":"Perfected Strike","floor":1},{"not_picked":["Reckless Charge","Thunderclap"],"picked":"Battle Trance","floor":2},{"not_picked":["Body Slam","Defy Death"],"picked":"Shrug It Off","floor":3},{"not_picked":["Replay:Undeath\u0027s Touch","Armaments"],"picked":"ReplayTheSpireMod:Strike From Hell","floor":4},{"not_picked":["Defy Death","Iron Wave"],"picked":"Rage","floor":5},{"not_picked":["Shockwave","Demonic Infusion"],"picked":"Perfected Strike","floor":7},{"not_picked":["Anger","Clash","Carnage"],"picked":"SKIP","floor":11},{"not_picked":["Combust","Headbutt","Carnage"],"picked":"SKIP","floor":12},{"not_picked":["Inflame","Sentinel"],"picked":"True Grit","floor":13},{"not_picked":["Replay:Many Hands","Headbutt"],"picked":"Shrug It Off","floor":14}],"player_experience":99708,"relics_obtained":[{"floor":9,"key":"Self Forming Clay"},{"floor":13,"key":"Centennial Puzzle"}],"event_choices":[{"damage_healed":0,"gold_gain":0,"player_choice":"Bought 0 Potions","damage_taken":0,"max_hp_gain":0,"max_hp_loss":0,"event_name":"The Woman in Blue","floor":10,"gold_loss":0}],"is_beta":false,"boss_relics":[],"items_purged_floors":[],"is_endless":false,"potions_floor_spawned":[2,4,5,12,14],"killed_by":"Slime Boss","ascension_level":1}}