{"host":"7vyuhf36gh5rmcz2","time":1610958182,"event":{"mods":["AchievementEnabler","BaseMod","Highlight Path","Minty Spire (QoL Compilation)","StSLib"],"gold_per_floor":[114,134,16,16,34,34,34,34,34,65,65,65,84,115,115,217,217,232,232,249,17,35,61,61,61,61,89,108,108,131,146,146,245,245,265,615,632,682,682,713,726,759,828,828,828,828,452,452,452,452,452,452,24,24,24],"floor_reached":54,"language":"ENG","playtime":4502,"items_purged":["Strike_R","Power Through","Searing Blow"],"score":1234,"play_id":"08c93c54-0d74-4796-95e7-8cc9fe801bb8","local_time":"20210118082302","is_ascension_mode":true,"campfire_choices":[{"data":"Pommel Strike","floor":6.0,"key":"SMITH"},{"data":"Metallicize","floor":8.0,"key":"SMITH"},{"data":"Shrug It Off","floor":11.0,"key":"SMITH"},{"data":"Defend_R","floor":15.0,"key":"SMITH"},{"data":"Demon Form","floor":24,"key":"SMITH"},{"data":"Heavy Blade","floor":29,"key":"SMITH"},{"data":"Heavy Blade","floor":32,"key":"SMITH"},{"floor":44,"key":"RECALL"},{"floor":46,"key":"REST"},{"data":"Dual Wield","floor":49,"key":"SMITH"},{"data":"Limit Break","floor":52,"key":"SMITH"}],"circlet_count":0,"master_deck":["AscendersBane","Bash+1","Clash+1","Shrug It Off+1","Metallicize+1","Flame Barrier","Pommel Strike+1","Impervious","Demon Form+1","Dual Wield+1","Heavy Blade+1","Feed","Heavy Blade+1","Limit Break+1","Rupture","Headbutt","Fiend Fire+1","Dual Wield+1","Shockwave","True Grit+1","Uppercut+1","Purity","Metallicize+1","Metallicize"],"relics":["Sozu","White Beast Statue","Orichalcum","TungstenRod","Lizard Tail","Velvet Choker","Gambling Chip","Torii","Thread and Needle","Pandora\u0027s Box","Old Coin","Champion Belt","Smiling Mask","Whetstone","Blue Candle","DollysMirror","Gremlin Horn","Membership Card","Bag of Marbles","Bird Faced Urn"],"acts_visited":["Exordium","TheCity","TheBeyond","TheEnding"],"potions_floor_usage":[],"damage_taken":[{"damage":0.0,"enemies":"Cultist","floor":1.0,"turns":2.0},{"damage":5.0,"enemies":"Small Slimes","floor":2.0,"turns":3.0},{"damage":0.0,"enemies":"Jaw Worm","floor":5.0,"turns":3.0},{"damage":12.0,"enemies":"Gremlin Nob","floor":10.0,"turns":4.0},{"damage":0.0,"enemies":"2 Fungi Beasts","floor":13.0,"turns":4.0},{"damage":0.0,"enemies":"3 Sentries","floor":14.0,"turns":10.0},{"damage":22.0,"enemies":"Hexaghost","floor":16.0,"turns":11.0},{"damage":1.0,"enemies":"Chosen","floor":18.0,"turns":4.0},{"damage":3.0,"enemies":"Spheric Guardian","floor":20.0,"turns":6.0},{"damage":17.0,"enemies":"3 Cultists","floor":22.0,"turns":6.0},{"damage":9,"enemies":"Book of Stabbing","floor":23,"turns":6},{"damage":37,"enemies":"Slavers","floor":27,"turns":6},{"damage":0,"enemies":"Snecko","floor":28,"turns":4},{"damage":0,"enemies":"Snake Plant","floor":31,"turns":4},{"damage":43,"enemies":"Automaton","floor":33,"turns":8},{"damage":8,"enemies":"3 Darklings","floor":35,"turns":6},{"damage":40,"enemies":"2 Orb Walkers","floor":36,"turns":4},{"damage":0,"enemies":"3 Shapes","floor":37,"turns":7},{"damage":0,"enemies":"Mind Bloom Boss Battle","floor":38,"turns":3},{"damage":0,"enemies":"Giant Head","floor":40,"turns":5},{"damage":5,"enemies":"3 Darklings","floor":41,"turns":7},{"damage":9,"enemies":"Nemesis","floor":42,"turns":5},{"damage":41,"enemies":"Awakened One","floor":50,"turns":9},{"damage":98,"enemies":"Shield and Spear","floor":54,"turns":9}],"seed_played":"-8696786190026020669","potions_obtained":[],"is_trial":false,"path_per_floor":["M","M","$","?","M","R","?","R","T","E","R","$","M","E","R","B",null,"M","?","M","$","M","E","R","?","T","E","M","R","T","M","R","B",null,"M","?","M","?","?","E","M","E","T","R","?","R","$","T","R","B",null,"R","$","E"],"character_chosen":"IRONCLAD","items_purchased":["Metallicize","Flame Barrier","Feed","Purity","DollysMirror","Metallicize","Membership Card","Bag of Marbles","Bird Faced Urn"],"campfire_rested":1,"item_purchase_floors":[3,3,21,47,47,47,53,53,53],"current_hp_per_floor":[72,67,67,55,55,55,55,55,55,43,43,43,43,43,43,21,65,64,64,61,61,47,41,41,41,41,7,7,7,7,7,7,44,78,70,33,36,39,39,39,34,25,25,25,25,54,54,54,54,13,77,77,77,0,0],"gold":24,"neow_bonus":"BOSS_RELIC","is_daily":false,"chose_seed":false,"campfire_upgraded":9,"win_rate":0.0,"timestamp":1610958182,"path_taken":["M","M","$","?","M","R","?","R","T","E","R","?","M","E","R","BOSS","M","?","M","$","M","E","R","?","T","E","?","R","?","M","R","BOSS","M","?","M","?","?","E","M","E","T","R","?","R","$","?","R","BOSS","R","$","E"],"items_purchased_type":["Card","Card","Card","Card","Relic","Card","Relic","Relic","Relic"],"build_version":"2020-12-22","purchased_purges":3,"victory":false,"max_hp_per_floor":[80,80,80,80,80,80,80,80,80,80,80,80,80,80,80,80,80,80,80,80,80,83,86,86,86,86,89,89,89,89,89,89,89,89,89,92,95,98,98,98,98,98,98,98,98,98,98,98,98,98,98,98,98,98,98],"card_choices":[{"not_picked":["Thunderclap","Havoc"],"picked":"Clash","floor":1.0},{"not_picked":["Power Through","Perfected Strike"],"picked":"Shrug It Off","floor":2.0},{"not_picked":["Carnage","Twin Strike"],"picked":"Pommel Strike","floor":5.0},{"not_picked":["Sword Boomerang","Havoc"],"picked":"Impervious","floor":10.0},{"not_picked":["Havoc","Reckless Charge","Body Slam"],"picked":"SKIP","floor":13.0},{"not_picked":["Shrug It Off","Seeing Red","Disarm"],"picked":"SKIP","floor":14.0},{"not_picked":["Offering","Feed"],"picked":"Demon Form","floor":16.0},{"not_picked":["Havoc","Wild Strike"],"picked":"Dual Wield+1","floor":18.0},{"not_picked":["Iron Wave","Sword Boomerang"],"picked":"Heavy Blade","floor":20.0},{"not_picked":["Pommel Strike","Shrug It Off","Brutality"],"picked":"SKIP","floor":22.0},{"not_picked":["Pommel Strike","Shrug It Off","Iron Wave"],"picked":"SKIP","floor":23},{"not_picked":["Iron Wave","Impervious","Twin Strike"],"picked":"SKIP","floor":27},{"not_picked":["Infernal Blade","Headbutt+1","Spot Weakness"],"picked":"SKIP","floor":28},{"not_picked":["Burning Pact","Flex","Clothesline+1"],"picked":"SKIP","floor":31},{"not_picked":["Impervious","Immolate"],"picked":"Limit Break","floor":33},{"not_picked":["Feel No Pain+1","Ghostly Armor","Sword Boomerang"],"picked":"SKIP","floor":35},{"not_picked":["Iron Wave+1","Sword Boomerang"],"picked":"True Grit+1","floor":36},{"not_picked":["Second Wind+1","Perfected Strike","Spot Weakness"],"picked":"SKIP","floor":37},{"not_picked":["Dark Embrace","Clothesline+1","Havoc+1"],"picked":"SKIP","floor":40},{"not_picked":["Exhume","Searing Blow","Dropkick+1"],"picked":"SKIP","floor":41},{"not_picked":["Twin Strike","Whirlwind+1"],"picked":"Uppercut+1","floor":42}],"player_experience":519898,"relics_obtained":[{"floor":9.0,"key":"Orichalcum"},{"floor":10.0,"key":"TungstenRod"},{"floor":14.0,"key":"Lizard Tail"},{"floor":23,"key":"Gambling Chip"},{"floor":26,"key":"Torii"},{"floor":27,"key":"Thread and Needle"},{"floor":36,"key":"Old Coin"},{"floor":38,"key":"Champion Belt"},{"floor":40,"key":"Smiling Mask"},{"floor":42,"key":"Whetstone"},{"floor":43,"key":"Blue Candle"},{"floor":48,"key":"Gremlin Horn"}],"event_choices":[{"damage_healed":0.0,"max_hp_gain":0.0,"max_hp_loss":0.0,"gold_gain":0.0,"event_name":"Scrap Ooze","player_choice":"Success","floor":4.0,"gold_loss":0.0,"damage_taken":12.0,"relics_obtained":["White Beast Statue"]},{"damage_healed":0.0,"max_hp_gain":0.0,"max_hp_loss":0.0,"gold_gain":0.0,"event_name":"Living Wall","player_choice":"Grow","floor":7.0,"gold_loss":0.0,"damage_taken":0.0,"cards_upgraded":["Bash"]},{"damage_healed":0.0,"max_hp_gain":0.0,"max_hp_loss":0.0,"gold_gain":0.0,"event_name":"Ghosts","player_choice":"Ignored","floor":19.0,"gold_loss":0.0,"damage_taken":0.0},{"damage_healed":0,"gold_gain":0,"cards_transformed":["Strike_R"],"player_choice":"Transformed","damage_taken":0,"max_hp_gain":0,"max_hp_loss":0,"event_name":"Transmorgrifier","floor":25,"gold_loss":0,"cards_obtained":["Heavy Blade"]},{"damage_healed":0,"gold_gain":0,"player_choice":"Fight","damage_taken":0,"max_hp_gain":0,"max_hp_loss":0,"event_name":"Mysterious Sphere","floor":36,"gold_loss":0},{"damage_healed":0,"gold_gain":0,"player_choice":"Fight","damage_taken":0,"max_hp_gain":0,"max_hp_loss":0,"event_name":"MindBloom","floor":38,"gold_loss":0},{"damage_healed":0,"gold_gain":0,"player_choice":"Ignored","damage_taken":0,"max_hp_gain":0,"max_hp_loss":0,"event_name":"Tomb of Lord Red Mask","floor":39,"gold_loss":0},{"damage_healed":0,"gold_gain":0,"player_choice":"Memory 1","damage_taken":0,"max_hp_gain":0,"max_hp_loss":0,"event_name":"SensoryStone","floor":45,"gold_loss":0}],"is_beta":false,"boss_relics":[{"not_picked":["Runic Dome","Calling Bell"],"picked":"Velvet Choker"},{"not_picked":["Snecko Eye","Runic Cube"],"picked":"Pandora\u0027s Box"}],"items_purged_floors":[21,47,53],"is_endless":false,"potions_floor_spawned":[2,5,10,13,14,16,18,20,22,23,27,28,31,33,35,36,37,38,40,41,42],"killed_by":"Shield and Spear","ascension_level":10}}