{"host":"jpcy2bclvs7juczu","time":1610977844,"event":{"mods":["AchievementEnabler","BaseMod","Block Reminder","Colored Map","Colored Powertips","Curses Come First","Dark Map","Minty Spire (QoL Compilation)","Quick Restart","Relic Stats","StSLib","ojb\u0027s Better Paths Mod","ojb\u0027s Info Mod","slay the spire mod where everything is the same but ironclad has a cowboy hat"],"gold_per_floor":[116,132,144,157,157,191,191,205,231,264,277,277,277,295,295,367,367,381,55,72,72,72,104,104,133,158,158,2,2,2,27,27,27,27],"floor_reached":33,"language":"ENG","playtime":1158,"items_purged":["Normality"],"score":726,"play_id":"df4af833-d1d0-48d5-8ca4-14300b26320c","local_time":"20210118135044","is_ascension_mode":true,"campfire_choices":[{"data":"Carnage","floor":7.0,"key":"SMITH"},{"data":"Uppercut","floor":12.0,"key":"SMITH"},{"floor":15.0,"key":"REST"},{"data":"Barricade","floor":24.0,"key":"SMITH"},{"data":"Offering","floor":27.0,"key":"SMITH"},{"data":"Evolve","floor":30.0,"key":"SMITH"},{"data":"Second Wind","floor":32,"key":"SMITH"}],"circlet_count":0,"master_deck":["AscendersBane","Strike_R+1","Strike_R+1","Strike_R+1","Defend_R+1","Defend_R+1","Defend_R+1","Defend_R+1","Bash","Infernal Blade+1","Uppercut+1","Wild Strike","Cleave","Headbutt","Carnage+1","Second Wind+1","Twin Strike","Barricade+1","Offering+1","Body Slam+1","Evolve+1","Dark Embrace","Rage+1"],"relics":["Burning Blood","NeowsBlessing","Vajra","Orichalcum","MealTicket","War Paint","Cursed Key","PreservedInsect","OrangePellets","Anchor","Paper Frog","Omamori"],"acts_visited":["Exordium","TheCity"],"potions_floor_usage":[31,33],"damage_taken":[{"damage":0.0,"enemies":"2 Louse","floor":1.0,"turns":1.0},{"damage":0.0,"enemies":"Cultist","floor":2.0,"turns":1.0},{"damage":0.0,"enemies":"Small Slimes","floor":3.0,"turns":1.0},{"damage":7.0,"enemies":"3 Louse","floor":4.0,"turns":3.0},{"damage":35.0,"enemies":"Lagavulin","floor":6.0,"turns":6.0},{"damage":12.0,"enemies":"Looter","floor":8.0,"turns":3.0},{"damage":12.0,"enemies":"3 Sentries","floor":10.0,"turns":6.0},{"damage":7.0,"enemies":"Blue Slaver","floor":11.0,"turns":2.0},{"damage":2.0,"enemies":"Gremlin Gang","floor":14.0,"turns":3.0},{"damage":27.0,"enemies":"Hexaghost","floor":16.0,"turns":11.0},{"damage":11.0,"enemies":"Shell Parasite","floor":18.0,"turns":3.0},{"damage":22.0,"enemies":"3 Byrds","floor":20.0,"turns":5.0},{"damage":6.0,"enemies":"Gremlin Leader","floor":23.0,"turns":6.0},{"damage":6.0,"enemies":"Slavers","floor":25.0,"turns":4.0},{"damage":37,"enemies":"Gremlin Leader","floor":31,"turns":6},{"damage":32,"enemies":"Automaton","floor":33,"turns":6}],"seed_played":"1101694403021144453","potions_obtained":[{"floor":2.0,"key":"Dexterity Potion"},{"floor":4.0,"key":"Strength Potion"},{"floor":6.0,"key":"Dexterity Potion"},{"floor":10.0,"key":"Weak Potion"},{"floor":16.0,"key":"DuplicationPotion"},{"floor":23.0,"key":"ElixirPotion"},{"floor":25.0,"key":"Regen Potion"}],"is_trial":false,"path_per_floor":["M","M","M","M","?","E","R","M","T","E","M","R","?","M","R","B",null,"M","$","M","?","?","E","R","E","T","R","$","?","R","E","R","B"],"character_chosen":"IRONCLAD","items_purchased":["PreservedInsect","OrangePellets","Dark Embrace"],"campfire_rested":1,"item_purchase_floors":[19,19,28],"current_hp_per_floor":[74,75,75,74,74,45,45,39,39,33,32,32,6,10,32,11,59,54,69,53,32,32,32,32,32,32,32,47,47,47,31,31,0,0],"gold":27,"neow_bonus":"THREE_ENEMY_KILL","is_daily":false,"chose_seed":false,"campfire_upgraded":6,"win_rate":0.0,"timestamp":1610977844,"path_taken":["M","M","M","M","?","E","R","?","T","E","M","R","?","M","R","BOSS","M","$","M","?","?","E","R","E","T","R","$","?","R","E","R","BOSS"],"items_purchased_type":["Relic","Relic","Card"],"build_version":"2020-12-22","purchased_purges":1,"victory":false,"max_hp_per_floor":[75,75,75,75,75,75,75,75,75,75,75,75,75,75,75,75,75,75,75,75,80,80,80,80,80,80,80,80,80,80,80,80,80,80],"relic_stats":{"OrangePellets":[0],"counters":[16,67],"MealTicket":30,"PreservedInsect":136,"Orichalcum":[126],"War Paint":["Infernal Blade","Defend_R"],"Cursed Key":1,"obtain_stats":[{"OrangePellets":19,"Anchor":23,"NeowsBlessing":0,"Vajra":6,"MealTicket":10,"PreservedInsect":19,"Omamori":31,"Orichalcum":9,"War Paint":13,"Cursed Key":17,"Burning Blood":0,"Paper Frog":25},{"OrangePellets":11,"Anchor":13,"NeowsBlessing":0,"Vajra":5,"MealTicket":7,"PreservedInsect":11,"Omamori":15,"Orichalcum":6,"War Paint":8,"Cursed Key":10,"Burning Blood":0,"Paper Frog":14},{"OrangePellets":40,"Anchor":51,"NeowsBlessing":0,"Vajra":12,"MealTicket":21,"PreservedInsect":40,"Omamori":61,"Orichalcum":15,"War Paint":23,"Cursed Key":37,"Burning Blood":0,"Paper Frog":55}],"Burning Blood":79},"card_choices":[{"not_picked":["Flex","Body Slam"],"picked":"Infernal Blade","floor":1.0},{"not_picked":["Havoc","Anger"],"picked":"Uppercut","floor":2.0},{"not_picked":["Spot Weakness","Second Wind"],"picked":"Wild Strike","floor":3.0},{"not_picked":["Heavy Blade","Dual Wield"],"picked":"Cleave","floor":4.0},{"not_picked":["Cleave","Iron Wave"],"picked":"Carnage","floor":6.0},{"not_picked":["Dual Wield","Spot Weakness","Warcry"],"picked":"SKIP","floor":8.0},{"not_picked":["Dropkick","Iron Wave"],"picked":"Second Wind","floor":10.0},{"not_picked":["Iron Wave","Carnage"],"picked":"Twin Strike","floor":11.0},{"not_picked":["Carnage","Clothesline"],"picked":"Barricade","floor":14.0},{"not_picked":["Berserk","Double Tap"],"picked":"Offering","floor":16.0},{"not_picked":["True Grit","Twin Strike"],"picked":"Body Slam+1","floor":18.0},{"not_picked":["Dual Wield","Seeing Red"],"picked":"Evolve","floor":20.0},{"not_picked":["Sever Soul","Dropkick","Exhume"],"picked":"SKIP","floor":23.0},{"not_picked":["Hemokinesis","Thunderclap","Heavy Blade"],"picked":"SKIP","floor":25.0},{"not_picked":["Intimidate","Dual Wield"],"picked":"Rage+1","floor":31}],"player_experience":416699,"relics_obtained":[{"floor":6.0,"key":"Vajra"},{"floor":9.0,"key":"Orichalcum"},{"floor":10.0,"key":"MealTicket"},{"floor":23.0,"key":"Anchor"},{"floor":25.0,"key":"Paper Frog"},{"floor":31,"key":"Omamori"}],"event_choices":[{"damage_healed":0.0,"max_hp_gain":0.0,"max_hp_loss":0.0,"gold_gain":0.0,"cards_transformed":["Strike_R"],"event_name":"Transmorgrifier","player_choice":"Transformed","floor":5.0,"gold_loss":0.0,"damage_taken":0.0,"cards_obtained":["Headbutt"]},{"damage_healed":0.0,"max_hp_gain":0.0,"max_hp_loss":0.0,"gold_gain":0.0,"event_name":"Scrap Ooze","player_choice":"Success","floor":13.0,"gold_loss":0.0,"damage_taken":26.0,"relics_obtained":["War Paint"]},{"damage_healed":0.0,"max_hp_gain":5.0,"max_hp_loss":0.0,"gold_gain":0.0,"event_name":"Forgotten Altar","player_choice":"Shed Blood","floor":21.0,"gold_loss":0.0,"damage_taken":26.0},{"damage_healed":0.0,"max_hp_gain":0.0,"max_hp_loss":0.0,"gold_gain":0.0,"event_name":"Back to Basics","player_choice":"Simplicity","floor":22.0,"gold_loss":0.0,"damage_taken":0.0,"cards_upgraded":["Strike_R","Strike_R","Strike_R","Strike_R","Defend_R","Defend_R","Defend_R"]},{"cards_removed":["Strike_R"],"damage_healed":0.0,"max_hp_gain":0.0,"max_hp_loss":0.0,"gold_gain":0.0,"event_name":"Wheel of Change","player_choice":"Card Removal","floor":29.0,"gold_loss":0.0,"damage_taken":0.0}],"is_beta":false,"boss_relics":[{"not_picked":["Mark of Pain","Runic Dome"],"picked":"Cursed Key"}],"items_purged_floors":[28],"is_endless":false,"potions_floor_spawned":[2,4,6,10,11,16,23,25],"killed_by":"Automaton","ascension_level":20}}