{"host":"1a3cjta80tad0aqj","time":1610955473,"event":{"mods":["2.2 Compatiblity","AchievementEnabler","BaseMod","Colored Map","DeckTracker","KOR Keyword Fix","Keyboard Shortcuts","Minty Spire (QoL Compilation)","Permanent Neow","Quick Restart","Random Character Button","StSLib","SuperFastMode","everything is the same but u backflip on backflip"],"gold_per_floor":[112,112,112,112,4,4,4,4],"floor_reached":7,"language":"KOR","playtime":129,"items_purged":[],"score":65,"play_id":"f76923b5-032e-4e50-8f6f-5de3e8d1ff31","local_time":"20210118163753","is_ascension_mode":true,"campfire_choices":[{"data":"Eruption","floor":6,"key":"SMITH"}],"circlet_count":0,"master_deck":["AscendersBane","Strike_P","Strike_P","Strike_P","Strike_P","Defend_P","Defend_P+1","Defend_P+1","Eruption+1","Vigilance","Halt","Adaptation","Tantrum"],"relics":["PureWater","Tiny Chest"],"acts_visited":["Exordium"],"potions_floor_usage":[],"damage_taken":[{"damage":7,"enemies":"Cultist","floor":1,"turns":3},{"damage":41,"enemies":"3 Sentries","floor":7,"turns":7}],"seed_played":"2283256024727307166","potions_obtained":[],"is_trial":false,"path_per_floor":["M","?","?","?","$","R","E"],"character_chosen":"WATCHER","items_purchased":["Adaptation","Tantrum"],"campfire_rested":0,"item_purchase_floors":[5,5],"current_hp_per_floor":[54,54,34,27,27,27,0,0],"gold":4,"neow_bonus":"RANDOM_COMMON_RELIC","is_daily":false,"chose_seed":false,"campfire_upgraded":1,"win_rate":0.0,"timestamp":1610955473,"path_taken":["M","?","?","?","$","R","E"],"items_purchased_type":["Card","Card"],"build_version":"2020-12-22","purchased_purges":0,"victory":false,"max_hp_per_floor":[68,68,68,68,68,68,68,68],"card_choices":[{"not_picked":["Wireheading","WreathOfFlame"],"picked":"Halt","floor":1}],"player_experience":737367,"relics_obtained":[],"event_choices":[{"damage_healed":0,"gold_gain":0,"player_choice":"Ignored","damage_taken":0,"max_hp_gain":0,"max_hp_loss":0,"event_name":"Liars Game","floor":2,"gold_loss":0},{"damage_healed":0,"gold_gain":0,"player_choice":"Entered Light","damage_taken":20,"max_hp_gain":0,"max_hp_loss":0,"event_name":"Shining Light","floor":3,"gold_loss":0,"cards_upgraded":["Defend_P","Defend_P"]},{"cards_removed":["Defend_P"],"damage_healed":0,"gold_gain":0,"player_choice":"Card Removal","damage_taken":7,"max_hp_gain":0,"max_hp_loss":0,"event_name":"Golden Wing","floor":4,"gold_loss":0}],"is_beta":false,"boss_relics":[],"items_purged_floors":[],"is_endless":false,"potions_floor_spawned":[],"killed_by":"3 Sentries","ascension_level":15}}