{"host":"xz7n3qy1zq36rzpg","time":1610968759,"event":{"mods":["BaseMod","Colored Map","Colored Powertips","Highlight Path","Minty Spire (QoL Compilation)","Quick Restart","Shop Mod"],"gold_per_floor":[115,130,148,162,175,206,218,218,218,218,218,242,122,134,134,236,236,254,254,85,97,114,114,114],"floor_reached":23,"language":"ENG","playtime":818,"items_purged":["Defend_G","Strike_G"],"score":234,"play_id":"98a62081-b57b-4c39-9472-e56c7cfe9f7e","local_time":"20210118121919","is_ascension_mode":true,"campfire_choices":[{"floor":10,"key":"REST"},{"data":"Blade Dance","floor":15,"key":"SMITH"}],"circlet_count":0,"master_deck":["Strike_G","Strike_G","Strike_G","Defend_G","Defend_G","Defend_G","Defend_G","Survivor","Neutralize","A Thousand Cuts","Blade Dance+1","Backflip","Cloak And Dagger","Phantasmal Killer","Tools of the Trade","Sucker Punch","Quick Slash","Accuracy","Envenom","Dagger Spray+1","Necronomicurse","Noxious Fumes","Footwork"],"relics":["Ring of the Snake","Tingsha","Question Card","Tiny Chest","WristBlade","Necronomicon"],"acts_visited":["Exordium","TheCity"],"potions_floor_usage":[7,22],"damage_taken":[{"damage":1,"enemies":"Cultist","floor":1,"turns":4},{"damage":0,"enemies":"Small Slimes","floor":2,"turns":4},{"damage":2,"enemies":"2 Louse","floor":3,"turns":4},{"damage":6,"enemies":"Blue Slaver","floor":4,"turns":4},{"damage":8,"enemies":"Looter","floor":5,"turns":3},{"damage":15,"enemies":"3 Sentries","floor":6,"turns":6},{"damage":13,"enemies":"Exordium Wildlife","floor":7,"turns":4},{"damage":0,"enemies":"2 Fungi Beasts","floor":14,"turns":3},{"damage":14,"enemies":"Hexaghost","floor":16,"turns":9},{"damage":0,"enemies":"Chosen","floor":18,"turns":4},{"damage":1,"enemies":"Spheric Guardian","floor":21,"turns":3},{"damage":10,"enemies":"Centurion and Healer","floor":22,"turns":6},{"damage":48,"enemies":"Gremlin Leader","floor":23,"turns":6}],"seed_played":"5695527166202441996","potions_obtained":[{"floor":4,"key":"Fire Potion"},{"floor":5,"key":"SteroidPotion"},{"floor":6,"key":"SkillPotion"},{"floor":7,"key":"Dexterity Potion"},{"floor":22,"key":"FearPotion"}],"is_trial":false,"path_per_floor":["M","M","M","M","M","E","M","?","T","R","?","T","$","M","R","B",null,"M","?","$","M","M","E"],"character_chosen":"THE_SILENT","items_purchased":["Quick Slash","Noxious Fumes"],"campfire_rested":1,"item_purchase_floors":[13,20],"current_hp_per_floor":[69,69,67,61,53,38,25,18,18,39,39,39,39,39,39,25,70,70,54,54,53,43,0,0],"gold":114,"neow_bonus":"ONE_RANDOM_RARE_CARD","is_daily":false,"chose_seed":false,"campfire_upgraded":1,"win_rate":0.0,"timestamp":1610968759,"path_taken":["M","M","M","?","M","E","M","?","T","R","?","?","?","M","R","BOSS","M","?","$","M","M","E"],"items_purchased_type":["Card","Card"],"build_version":"2020-12-22","purchased_purges":2,"victory":false,"max_hp_per_floor":[70,70,70,70,70,70,70,70,70,70,70,70,70,70,70,70,70,70,70,70,70,70,70,70],"card_choices":[{"not_picked":["Prepared","Underhanded Strike"],"picked":"Blade Dance","floor":1},{"not_picked":["Finisher","Escape Plan"],"picked":"Backflip","floor":2},{"not_picked":["Expertise","Outmaneuver","Backflip"],"picked":"SKIP","floor":3},{"not_picked":["Prepared","Masterful Stab"],"picked":"Cloak And Dagger","floor":4},{"not_picked":["Acrobatics","Bane"],"picked":"Phantasmal Killer","floor":5},{"not_picked":["Deflect","Dagger Throw"],"picked":"Tools of the Trade","floor":6},{"not_picked":["Riddle With Holes","Concentrate"],"picked":"Sucker Punch","floor":7},{"not_picked":["Backflip","Slice","Caltrops"],"picked":"Accuracy","floor":14},{"not_picked":["Burst","Adrenaline","Phantasmal Killer"],"picked":"Envenom","floor":16},{"not_picked":["Endless Agony","Deflect","Predator"],"picked":"Dagger Spray+1","floor":18},{"not_picked":["PiercingWail","Flechettes+1","Backflip+1","Dodge and Roll"],"picked":"SKIP","floor":21},{"not_picked":["Flying Knee","Dagger Throw","Doppelganger"],"picked":"Footwork","floor":22}],"player_experience":341417,"relics_obtained":[{"floor":6,"key":"Tingsha"},{"floor":9,"key":"Question Card"},{"floor":12,"key":"Tiny Chest"},{"floor":19,"key":"Necronomicon"}],"event_choices":[{"cards_removed":["Strike_G"],"damage_healed":0,"gold_gain":0,"player_choice":"Card Removal","damage_taken":7,"max_hp_gain":0,"max_hp_loss":0,"event_name":"Golden Wing","floor":8,"gold_loss":0},{"damage_healed":0,"gold_gain":0,"player_choice":"Searched \u00270\u0027 times","damage_taken":0,"max_hp_gain":0,"max_hp_loss":0,"event_name":"Dead Adventurer","floor":11,"gold_loss":0},{"damage_healed":0,"gold_gain":0,"player_choice":"Obtained Book","damage_taken":16,"max_hp_gain":0,"max_hp_loss":0,"event_name":"Cursed Tome","floor":19,"gold_loss":0}],"is_beta":false,"boss_relics":[{"not_picked":["Pandora\u0027s Box","Black Star"],"picked":"WristBlade"}],"items_purged_floors":[13,20],"is_endless":false,"potions_floor_spawned":[4,5,6,7,16,21,22],"killed_by":"Gremlin Leader","ascension_level":4}}