{"host":"91blwi3hgehj6ch9","time":1610962470,"event":{"mods":["2.2 Compatiblity","AchievementEnabler","BaseMod","Colored Map","DeckTracker","Keyboard Shortcuts","Marisa£¨Ùöéë¡¡Øª×âÞÞ£©","Minty Spire (QoL Compilation)","Permanent Neow","Quick Restart","StSLib","SuperFastMode","everything is the same but u backflip on backflip"],"gold_per_floor":[109,119,119,44,57,86,86,109,109,109,126,142,142,172,172,249,249,267,19,39,55,105,105,105,105,105],"floor_reached":25,"language":"KOR","playtime":771,"items_purged":["Strike_G","Strike_G"],"score":369,"play_id":"583e68c3-7ecf-4528-ab94-249fe1269eab","local_time":"20210118183430","is_ascension_mode":true,"campfire_choices":[{"floor":7.0,"key":"REST"},{"floor":13.0,"key":"REST"},{"data":"Deadly Poison","floor":15.0,"key":"SMITH"},{"floor":23.0,"key":"REST"}],"circlet_count":0,"master_deck":["AscendersBane","Strike_G","Defend_G","Defend_G","Defend_G","Defend_G","Survivor","Neutralize","Dagger Spray","Deadly Poison+1","Caltrops","Acrobatics","Well Laid Plans+1","Footwork","Dagger Throw","Corpse Explosion","Expertise+1","Poisoned Stab+1","A Thousand Cuts+1","PiercingWail","Ghostly","Ghostly","Ghostly"],"relics":["Ring of the Snake","Bag of Preparation","Sundial","Odd Mushroom","InkBottle","The Specimen","Astrolabe","TwistedFunnel"],"acts_visited":["Exordium","TheCity"],"potions_floor_usage":[25],"damage_taken":[{"damage":2.0,"enemies":"Jaw Worm","floor":1.0,"turns":6.0},{"damage":9.0,"enemies":"Small Slimes","floor":2.0,"turns":3.0},{"damage":6.0,"enemies":"Cultist","floor":5.0,"turns":4.0},{"damage":35.0,"enemies":"Lagavulin","floor":6.0,"turns":8.0},{"damage":3.0,"enemies":"The Mushroom Lair","floor":8.0,"turns":3.0},{"damage":8.0,"enemies":"Exordium Wildlife","floor":11.0,"turns":6.0},{"damage":0.0,"enemies":"Looter","floor":12.0,"turns":1.0},{"damage":28.0,"enemies":"3 Sentries","floor":14.0,"turns":9.0},{"damage":18.0,"enemies":"Hexaghost","floor":16.0,"turns":10.0},{"damage":24.0,"enemies":"Spheric Guardian","floor":18.0,"turns":5.0},{"damage":1.0,"enemies":"3 Byrds","floor":20.0,"turns":3.0},{"damage":0.0,"enemies":"3 Cultists","floor":21.0,"turns":3.0},{"damage":35,"enemies":"Slavers","floor":25,"turns":2}],"seed_played":"7774248161736404810","potions_obtained":[{"floor":5.0,"key":"Block Potion"},{"floor":11.0,"key":"SteroidPotion"},{"floor":12.0,"key":"Regen Potion"},{"floor":16.0,"key":"PowerPotion"}],"is_trial":false,"path_per_floor":["M","M","?","$","M","E","R","?","T","?","M","M","R","E","R","B",null,"M","$","M","M","?","R","?","E"],"character_chosen":"THE_SILENT","items_purchased":["TwistedFunnel"],"campfire_rested":3,"item_purchase_floors":[19],"current_hp_per_floor":[57,48,53,53,47,12,33,30,30,30,22,22,43,30,30,12,56,32,32,31,31,31,52,35,0,0],"gold":105,"neow_bonus":"RANDOM_COMMON_RELIC","is_daily":false,"chose_seed":false,"campfire_upgraded":1,"win_rate":0.0,"timestamp":1610962470,"path_taken":["M","M","?","$","M","E","R","?","T","?","?","M","R","E","R","BOSS","M","$","M","M","?","R","?","E"],"items_purchased_type":["Relic"],"build_version":"2020-12-22","purchased_purges":2,"victory":false,"max_hp_per_floor":[66,66,71,71,71,71,71,71,71,71,71,71,71,71,71,71,71,71,71,71,71,71,71,35,35,35],"card_choices":[{"not_picked":["Sucker Punch","Slice"],"picked":"Dagger Spray","floor":1.0},{"not_picked":["Backflip","Setup"],"picked":"Deadly Poison","floor":2.0},{"not_picked":["Accuracy","Dagger Spray"],"picked":"Caltrops","floor":5.0},{"not_picked":["Catalyst","Eviscerate"],"picked":"Acrobatics","floor":6.0},{"not_picked":["Masterful Stab","Choke"],"picked":"Well Laid Plans","floor":8.0},{"not_picked":["Riddle With Holes","Deflect"],"picked":"Footwork","floor":11.0},{"not_picked":["Terror","Predator"],"picked":"Dagger Throw","floor":12.0},{"not_picked":["Setup","Slice","A Thousand Cuts"],"picked":"SKIP","floor":14.0},{"not_picked":["Adrenaline","Wraith Form v2"],"picked":"Corpse Explosion","floor":16.0},{"not_picked":["Dagger Throw+1","Blade Dance","Cloak And Dagger"],"picked":"SKIP","floor":18.0},{"not_picked":["Expertise","Underhanded Strike","Quick Slash"],"picked":"SKIP","floor":20.0},{"not_picked":["Dagger Throw","Dagger Spray"],"picked":"PiercingWail","floor":21.0}],"player_experience":185650,"relics_obtained":[{"floor":6.0,"key":"Sundial"},{"floor":8.0,"key":"Odd Mushroom"},{"floor":9.0,"key":"InkBottle"},{"floor":14.0,"key":"The Specimen"}],"event_choices":[{"damage_healed":0.0,"max_hp_gain":5.0,"max_hp_loss":0.0,"gold_gain":0.0,"event_name":"Big Fish","player_choice":"Donut","floor":3.0,"gold_loss":0.0,"damage_taken":0.0},{"damage_healed":0.0,"max_hp_gain":0.0,"max_hp_loss":0.0,"gold_gain":0.0,"event_name":"Mushrooms","player_choice":"Fought Mushrooms","floor":8.0,"gold_loss":0.0,"damage_taken":0.0},{"damage_healed":0.0,"max_hp_gain":0.0,"max_hp_loss":0.0,"gold_gain":0.0,"event_name":"Accursed Blacksmith","player_choice":"Forge","floor":10.0,"gold_loss":0.0,"damage_taken":0.0,"cards_upgraded":["Well Laid Plans"]},{"damage_healed":0.0,"max_hp_gain":0.0,"max_hp_loss":0.0,"gold_gain":50.0,"event_name":"Nest","player_choice":"Stole From Cult","floor":22.0,"gold_loss":0.0,"damage_taken":0.0},{"damage_healed":0.0,"max_hp_gain":0.0,"max_hp_loss":36.0,"gold_gain":0.0,"event_name":"Ghosts","player_choice":"Became a Ghost","floor":24.0,"gold_loss":0.0,"damage_taken":0.0,"cards_obtained":["Ghostly","Ghostly","Ghostly"]}],"is_beta":false,"boss_relics":[{"not_picked":["Ectoplasm","Calling Bell"],"picked":"Astrolabe"}],"items_purged_floors":[4,19],"is_endless":false,"potions_floor_spawned":[5,11,12,16],"killed_by":"Slavers","ascension_level":15}}