{"host":"7vyuhf36gh5rmcz2","time":1610950342,"event":{"mods":["AchievementEnabler","BaseMod","Highlight Path","Minty Spire (QoL Compilation)","StSLib"],"gold_per_floor":[99,99,62,62,62,62,62,62,62,62,62,62,62,62,62,62,62,62,62,62,62,62,62,62,62,62,39,39,39,39,39,39,39,39],"floor_reached":33,"language":"ENG","playtime":1888,"items_purged":[],"score":404,"play_id":"e0e1e16d-6a54-41b6-aefe-db04b16266e4","local_time":"20210118061222","is_ascension_mode":true,"campfire_choices":[{"data":"Whirlwind","floor":7,"key":"SMITH"},{"data":"Bash","floor":15,"key":"SMITH"},{"data":"Limit Break","floor":23,"key":"SMITH"},{"data":"J.A.X.","floor":25,"key":"SMITH"},{"floor":29,"key":"REST"},{"data":"Inflame","floor":30,"key":"SMITH"},{"data":"Limit Break","floor":32,"key":"SMITH"}],"circlet_count":0,"master_deck":["AscendersBane","Strike_R","Strike_R","Strike_R","Defend_R","Defend_R+1","Defend_R","Defend_R+1","Bash+1","Clothesline","Rage","Bludgeon","Whirlwind+1","Headbutt","Flex","Spot Weakness","Limit Break+1","Inflame+1","J.A.X.+1","Shrug It Off","Limit Break+1"],"relics":["Ectoplasm","Oddly Smooth Stone","Juzu Bracelet","War Paint","WingedGreaves","Sozu","The Courier"],"acts_visited":["Exordium","TheCity"],"potions_floor_usage":[6,11,16],"damage_taken":[{"damage":3,"enemies":"2 Louse","floor":1,"turns":3},{"damage":2,"enemies":"Small Slimes","floor":2,"turns":3},{"damage":3,"enemies":"Jaw Worm","floor":4,"turns":3},{"damage":21,"enemies":"3 Sentries","floor":6,"turns":8},{"damage":12,"enemies":"Lagavulin","floor":8,"turns":5},{"damage":0,"enemies":"2 Fungi Beasts","floor":10,"turns":1},{"damage":7,"enemies":"Lots of Slimes","floor":11,"turns":2},{"damage":16,"enemies":"The Guardian","floor":16,"turns":7},{"damage":0,"enemies":"2 Thieves","floor":18,"turns":1},{"damage":8,"enemies":"Chosen","floor":24,"turns":2},{"damage":27,"enemies":"Gremlin Leader","floor":28,"turns":5},{"damage":76,"enemies":"Automaton","floor":33,"turns":6}],"seed_played":"3089060962391582776","potions_obtained":[{"floor":1,"key":"LiquidMemories"},{"floor":10,"key":"AttackPotion"},{"floor":11,"key":"ColorlessPotion"}],"is_trial":false,"path_per_floor":["M","M","$","M","?","E","R","E","T","M","M","?","?","?","R","B",null,"M","?","?","$","?","R","M","R","T","$","E","R","R","?","R","B"],"character_chosen":"IRONCLAD","items_purchased":["Rage","Shrug It Off"],"campfire_rested":1,"item_purchase_floors":[3,27],"current_hp_per_floor":[69,67,67,64,64,43,43,31,31,31,24,17,5,31,31,15,64,64,64,64,64,64,64,56,56,56,56,29,53,53,53,53,0,0],"gold":39,"neow_bonus":"BOSS_RELIC","is_daily":false,"chose_seed":false,"campfire_upgraded":6,"win_rate":0.0,"timestamp":1610950342,"path_taken":["M","M","$","M","?","E","R","E","T","M","M","?","?","?","R","BOSS","M","?","?","$","?","R","M","R","T","$","E","R","R","?","R","BOSS"],"items_purchased_type":["Card","Card"],"build_version":"2020-12-22","purchased_purges":0,"victory":false,"max_hp_per_floor":[80,80,80,80,80,80,80,80,80,80,80,80,80,80,80,80,80,80,80,80,80,80,80,80,80,80,80,80,80,80,80,80,80,80],"card_choices":[{"not_picked":["Rupture","Iron Wave"],"picked":"Clothesline","floor":1},{"not_picked":["Perfected Strike","Twin Strike","Iron Wave"],"picked":"SKIP","floor":2},{"not_picked":["Flame Barrier","Rupture"],"picked":"Bludgeon","floor":4},{"not_picked":["Clash","Warcry"],"picked":"Whirlwind","floor":6},{"not_picked":["Rampage","Warcry"],"picked":"Headbutt","floor":8},{"not_picked":["Armaments","Anger"],"picked":"Flex","floor":10},{"not_picked":["Whirlwind","Body Slam"],"picked":"Spot Weakness","floor":11},{"not_picked":["Brutality","Feed"],"picked":"Limit Break","floor":16},{"not_picked":["Flex","Clash","Havoc"],"picked":"SKIP","floor":18},{"not_picked":["Thunderclap+1","Twin Strike","Infernal Blade+1"],"picked":"SKIP","floor":24},{"not_picked":["Intimidate","Dual Wield","Body Slam"],"picked":"SKIP","floor":28}],"player_experience":514772,"relics_obtained":[{"floor":6,"key":"Oddly Smooth Stone"},{"floor":8,"key":"Juzu Bracelet"},{"floor":9,"key":"War Paint"},{"floor":28,"key":"The Courier"}],"event_choices":[{"cards_removed":["Strike_R"],"damage_healed":0,"gold_gain":0,"player_choice":"Forget","damage_taken":0,"max_hp_gain":0,"max_hp_loss":0,"event_name":"Living Wall","floor":5,"gold_loss":0},{"cards_removed":["Strike_R"],"damage_healed":0,"gold_gain":0,"player_choice":"Card Removal","damage_taken":7,"max_hp_gain":0,"max_hp_loss":0,"event_name":"Golden Wing","floor":12,"gold_loss":0},{"damage_healed":0,"gold_gain":0,"player_choice":"Success","damage_taken":12,"relics_obtained":["WingedGreaves"],"max_hp_gain":0,"max_hp_loss":0,"event_name":"Scrap Ooze","floor":13,"gold_loss":0},{"damage_healed":26,"gold_gain":0,"player_choice":"Banana","damage_taken":0,"max_hp_gain":0,"max_hp_loss":0,"event_name":"Big Fish","floor":14,"gold_loss":0},{"damage_healed":0,"gold_gain":0,"player_choice":"Read","damage_taken":0,"max_hp_gain":0,"max_hp_loss":0,"event_name":"The Library","floor":20,"gold_loss":0,"cards_obtained":["Inflame"]},{"damage_healed":0,"gold_gain":0,"player_choice":"Obtain J.A.X.","damage_taken":0,"max_hp_gain":0,"max_hp_loss":0,"event_name":"Drug Dealer","floor":22,"gold_loss":0,"cards_obtained":["J.A.X."]},{"damage_healed":0,"gold_gain":0,"player_choice":"1 cards matched","damage_taken":0,"max_hp_gain":0,"max_hp_loss":0,"event_name":"Match and Keep!","floor":31,"gold_loss":0,"cards_obtained":["Limit Break"]}],"is_beta":false,"boss_relics":[{"not_picked":["Astrolabe","Coffee Dripper"],"picked":"Sozu"}],"items_purged_floors":[],"is_endless":false,"potions_floor_spawned":[1,10,11,18,28],"killed_by":"Automaton","ascension_level":10}}