{"host":"59cc6k4ir9ghxqag","time":1610980826,"event":{"mods":["BaseMod","Colored Powertips","Hermit","Infinite Spire","Lobotomy","Marisa£®ÏF”Í°°ƒß¿Ì…≥£©","Minty Spire (QoL Compilation)","Remilia£®¿Ÿ√◊¿Ú—«£©","Replay The Spire","StSLib","The Bug Knight","The Cursed","The Jungle"],"gold_per_floor":[115,68,18,193,48,48,48,62,86,86,113,113],"floor_reached":11,"language":"ZHS","playtime":316,"items_purged":[],"score":69,"play_id":"b90628d6-dfc3-4403-b051-ff0c7b2a50d2","local_time":"20210118224026","daily_mods":["Draft","Diverse","Heirloom","Flight","Lethality"],"is_ascension_mode":false,"campfire_choices":[],"circlet_count":0,"master_deck":["Outmaneuver","TheCursedMod:RapidMovement","Pummel","Deflect","Collect","Seeing Red","hermit:BodyArmor","Leap","TheCursedMod:RavingStaff","hermit:ItchyTrigger+1","Go for the Eyes","Replay:BluntJabs","hermit:Roulette","hermit:WideOpen","Stigmanizer","WitchOfGreed","Doubt"],"relics":["PureWater","infinitespire:Magic Flask","Replay:Baseball","CeramicFish","Juzu Bracelet"],"acts_visited":["Exordium"],"potions_floor_usage":[],"damage_taken":[{"damage":0,"enemies":"Jaw Worm","floor":1,"turns":1},{"damage":0,"enemies":"2 Louse","floor":8,"turns":1},{"damage":12,"enemies":"Gremlin Nob","floor":11,"turns":3}],"seed_played":"5985716143783208282","potions_obtained":[{"floor":11,"key":"Swift Potion"}],"is_trial":true,"path_per_floor":["M","$","?","?","$","?","$","M","T","?","E"],"character_chosen":"WATCHER","items_purchased":["WitchOfGreed","Replay:Baseball"],"campfire_rested":0,"item_purchase_floors":[2,5],"current_hp_per_floor":[72,72,72,72,72,72,72,72,72,72,60,60],"gold":113,"neow_bonus":"","is_daily":false,"chose_seed":false,"campfire_upgraded":0,"win_rate":0.0,"timestamp":1610980826,"path_taken":["M","$","?","?","$","?","?","?","T","?","E"],"items_purchased_type":["Card","Relic"],"build_version":"2020-12-22","purchased_purges":0,"victory":false,"max_hp_per_floor":[72,72,72,72,72,72,72,72,72,72,72,72],"card_choices":[{"not_picked":["HunterOfTheNight","HollowMod:HowlingWraiths"],"picked":"Outmaneuver","floor":0},{"not_picked":["Tactician","SandsOfTime"],"picked":"TheCursedMod:RapidMovement","floor":0},{"not_picked":["hermit:FlashPowder","NightDance"],"picked":"Pummel","floor":0},{"not_picked":["hermit:Glare","Escape Plan"],"picked":"Deflect","floor":0},{"not_picked":["Deadly Poison","HollowMod:MawleksShell"],"picked":"Collect","floor":0},{"not_picked":["HollowMod:ChannelNail","6A"],"picked":"Seeing Red","floor":0},{"not_picked":["Panic Button","Infinite Blades"],"picked":"hermit:BodyArmor","floor":0},{"not_picked":["TheCursedMod:SmokeScreen","HollowMod:TaintedHusks"],"picked":"Leap","floor":0},{"not_picked":["hermit:LowProfile","PiercingWail"],"picked":"TheCursedMod:RavingStaff","floor":0},{"not_picked":["Scrape","BasicCrystalCard"],"picked":"hermit:ItchyTrigger","floor":0},{"not_picked":["hermit:ItchyTrigger","Concentrate"],"picked":"Go for the Eyes","floor":0},{"not_picked":["TheCursedMod:TacticalStrike","hermit:Quickdraw"],"picked":"Replay:BluntJabs","floor":0},{"not_picked":["BloodHunter","Predator"],"picked":"hermit:Roulette","floor":0},{"not_picked":["Shockwave","hermit:Misfire"],"picked":"Poisoned Stab","floor":0},{"not_picked":["Prepared","ScarletDevilSign"],"picked":"hermit:WideOpen","floor":0},{"not_picked":["EmptyBody","hermit:Virtue"],"picked":"Stigmanizer","floor":1},{"not_picked":["Ball Lightning","JustLucky","ScarletDevilSign"],"picked":"SKIP","floor":8},{"not_picked":["TheCursedMod:WearCloak","Dagger Throw","HollowMod:FallenFury"],"picked":"SKIP","floor":11}],"player_experience":527683,"relics_obtained":[{"floor":9,"key":"CeramicFish"},{"floor":11,"key":"Juzu Bracelet"}],"event_choices":[{"cards_removed":["Poisoned Stab"],"damage_healed":0,"gold_gain":0,"player_choice":"Card Removal","damage_taken":0,"max_hp_gain":0,"max_hp_loss":0,"event_name":"The Cleric","floor":3,"gold_loss":50},{"damage_healed":0,"gold_gain":175,"player_choice":"AGREE","damage_taken":0,"max_hp_gain":0,"max_hp_loss":0,"event_name":"Liars Game","floor":4,"gold_loss":0,"cards_obtained":["Doubt"]},{"damage_healed":0,"gold_gain":0,"player_choice":"Bought 0 Potions","damage_taken":0,"max_hp_gain":0,"max_hp_loss":0,"event_name":"The Woman in Blue","floor":10,"gold_loss":0}],"is_beta":false,"boss_relics":[],"items_purged_floors":[],"is_endless":false,"potions_floor_spawned":[11],"killed_by":"Gremlin Nob","ascension_level":0}}