{"host":"appz8zkad29u9482","time":1610956393,"event":{"mods":["2.2 Compatiblity","Act Like it!","Aspiration","BaseMod","Beaked The Cultist","Better Altar","Better Match","Better Note","Better Skull","Better Third Choice","BetterRewards","CapriCore","Conspire","Disable Question Mark Monsters","Energized Spire","Gensokyo","GifTheSpireLib","Gold Saver","Halation","Hermit","Hubris","Infinite Spire","Jedi Mod","Marisa????????","Minty Spire (QoL Compilation)","Permanent Neow","Reimu??????","Replay The Spire","Spicy Shops","StSLib","Strawberry Spire","Stuff the Spire","The Administrix","The Alterego","The Bug Knight","The Construct","The Cursed","The Florist","The Hierophant","The Immortal","The Servant 0.9.4","yUi"],"gold_per_floor":[752,752,951,951,965,965,999,1014,1040,940,968,1008,428,455,455,495,495],"floor_reached":16,"language":"ENG","playtime":697,"items_purged":["Strike_G"],"score":122,"play_id":"74e7824b-a23e-4d6e-b060-a0baf7c76de9","local_time":"20210117215313","is_ascension_mode":true,"campfire_choices":[{"floor":6,"key":"REST"},{"data":"Dash","floor":15,"key":"SMITH"}],"circlet_count":0,"master_deck":["Strike_G","Strike_G","Strike_G","Strike_G","Defend_G","Defend_G","Defend_G","Defend_G+1","Defend_G+1","Survivor","Neutralize","Deadly Poison+1","StuffTheSpire:Python","Calculated Gamble","Backflip","Dash+1","conspire:SpireCoStock","conspire:SpireCoStock","strawberrySpire:HopSkipAndJump","Doppelganger","Caltrops","strawberrySpire:Insectonator"],"relics":["Ring of the Snake","NeowsBlessing","jedi:bottledfury","StuffTheSpire:Mouthbags","Strange Spoon"],"acts_visited":["Exordium"],"potions_floor_usage":[11,16,16],"damage_taken":[{"damage":0,"enemies":"2 Louse","floor":1,"turns":1},{"damage":0,"enemies":"Small Slimes","floor":5,"turns":1},{"damage":6,"enemies":"strawberrySpire:EnergyPylons","floor":7,"turns":2},{"damage":0,"enemies":"Cultist","floor":8,"turns":4},{"damage":5,"enemies":"Lots of Slimes","floor":11,"turns":5},{"damage":0,"enemies":"Red Slaver","floor":12,"turns":4},{"damage":5,"enemies":"Large Slime","floor":14,"turns":7},{"damage":50,"enemies":"Slime Boss","floor":16,"turns":9}],"seed_played":"4977821515690825565","potions_obtained":[{"floor":1,"key":"Toxic Potion"},{"floor":5,"key":"jedi:hoardpotion"},{"floor":8,"key":"CunningPotion"},{"floor":12,"key":"GamblersBrew"}],"is_trial":false,"path_per_floor":["M","?","?","?","M","R","E","M","T","?","M","M","$","M","R","B"],"character_chosen":"THE_SILENT","items_purchased":["Doppelganger","Strange Spoon","Caltrops"],"campfire_rested":1,"item_purchase_floors":[13,13,13],"current_hp_per_floor":[70,56,39,39,39,60,54,54,54,54,49,49,49,44,44,0,0],"gold":495,"neow_bonus":"THREE_ENEMY_KILL","is_daily":false,"chose_seed":false,"campfire_upgraded":1,"win_rate":0.0,"timestamp":1610956393,"path_taken":["M","?","?","?","M","R","E","M","T","?","M","M","$","M","R","BOSS"],"items_purchased_type":["Card","Relic","Card"],"build_version":"2020-12-22","purchased_purges":1,"victory":false,"max_hp_per_floor":[70,70,70,70,70,70,70,70,70,70,70,70,70,70,70,70,70],"card_choices":[{"not_picked":["Flying Knee","Endless Agony"],"picked":"Deadly Poison","floor":1},{"not_picked":["StuffTheSpire:DoubleShiv","strawberrySpire:DreamfoilDart"],"picked":"StuffTheSpire:Python","floor":3},{"not_picked":["Outmaneuver","Blade Dance"],"picked":"Calculated Gamble","floor":5},{"not_picked":["Burst","Terror"],"picked":"Dash","floor":7},{"not_picked":["Slice","strawberrySpire:Rummage"],"picked":"Backflip","floor":8},{"not_picked":["hubris:SlightOfHand","PiercingWail","Backflip"],"picked":"SKIP","floor":11},{"not_picked":["Outmaneuver","strawberrySpire:Rummage"],"picked":"strawberrySpire:HopSkipAndJump","floor":12},{"not_picked":["StuffTheSpire:Incursion","Blade Dance"],"picked":"strawberrySpire:Insectonator","floor":14}],"player_experience":552675,"relics_obtained":[{"floor":7,"key":"jedi:bottledfury"},{"floor":9,"key":"StuffTheSpire:Mouthbags"}],"event_choices":[{"damage_healed":70,"gold_gain":0,"player_choice":"Upgrade","damage_taken":14,"max_hp_gain":0,"max_hp_loss":70,"event_name":"betterThird:BetterShining","floor":2,"gold_loss":0,"cards_upgraded":["Defend_G","Defend_G"]},{"damage_healed":0,"gold_gain":0,"player_choice":"Invest 2","damage_taken":0,"max_hp_gain":0,"max_hp_loss":0,"event_name":"conspire:Investor","floor":10,"gold_loss":0}],"is_beta":false,"boss_relics":[],"items_purged_floors":[13],"is_endless":false,"potions_floor_spawned":[1,5,8,12],"killed_by":"Slime Boss","ascension_level":4}}