{"host":"sav7uxregyirlf69","time":1610987120,"event":{"mods":["AchievementEnabler","BaseMod","Colored Map","DeckTracker","Keyboard Shortcuts","Minty Spire (QoL Compilation)","READ ME - Guardian Mod","StSLib","SuperFastMode"],"gold_per_floor":[211,136,152,152,23,50,50,60,60,90,90,110,110,124,124,201,201,178,10,28,46,65,65,95,95,119,148,148,11,29,48,48,48,48],"floor_reached":33,"language":"KOR","playtime":764,"items_purged":["Strike_R","Strike_R"],"score":694,"play_id":"aef2a95d-7f22-4ab6-b0bd-1f9d6ddc4d7d","local_time":"20210119012519","is_ascension_mode":true,"campfire_choices":[{"data":"Uppercut","floor":7,"key":"SMITH"},{"data":"Body Slam","floor":13,"key":"SMITH"},{"data":"Sword Boomerang","floor":15,"key":"SMITH"},{"data":"Pommel Strike","floor":23,"key":"SMITH"},{"floor":25,"key":"REST"},{"data":"Dark Embrace","floor":32,"key":"SMITH"}],"circlet_count":0,"master_deck":["AscendersBane","Strike_R","Defend_R","Defend_R","Defend_R","Bash","Uppercut+1","Power Through","Shrug It Off","Sword Boomerang+1","Body Slam+1","Wild Strike","Shrug It Off","CurseOfTheBell","Flame Barrier","Pommel Strike+1","True Grit+1","Seeing Red","Dark Embrace+1","Dropkick"],"relics":["Burning Blood","Champion Belt","White Beast Statue","Bag of Marbles","Calling Bell","Nunchaku","Blue Candle","Magic Flower","TheAbacus","Ancient Tea Set","Vajra","Lantern"],"acts_visited":["Exordium","TheCity"],"potions_floor_usage":[10,16,20,24,27,27,27,30,31,31,33],"damage_taken":[{"damage":5,"enemies":"Small Slimes","floor":1,"turns":5},{"damage":7,"enemies":"Jaw Worm","floor":3,"turns":4},{"damage":37,"enemies":"Gremlin Nob","floor":6,"turns":5},{"damage":0,"enemies":"Cultist","floor":8,"turns":3},{"damage":27,"enemies":"3 Sentries","floor":10,"turns":9},{"damage":0,"enemies":"Blue Slaver","floor":12,"turns":3},{"damage":3,"enemies":"Looter","floor":14,"turns":3},{"damage":0,"enemies":"Slime Boss","floor":16,"turns":5},{"damage":13,"enemies":"2 Thieves","floor":18,"turns":4},{"damage":14,"enemies":"Spheric Guardian","floor":20,"turns":6},{"damage":3,"enemies":"Centurion and Healer","floor":21,"turns":6},{"damage":41,"enemies":"Chosen and Byrds","floor":22,"turns":9},{"damage":65,"enemies":"Slavers","floor":24,"turns":9},{"damage":35,"enemies":"Book of Stabbing","floor":27,"turns":7},{"damage":29,"enemies":"Shelled Parasite and Fungi","floor":30,"turns":5},{"damage":3,"enemies":"Centurion and Healer","floor":31,"turns":13},{"damage":40,"enemies":"Automaton","floor":33,"turns":8}],"seed_played":"2242035838199076895","potions_obtained":[{"floor":6,"key":"SteroidPotion"},{"floor":8,"key":"ColorlessPotion"},{"floor":10,"key":"PowerPotion"},{"floor":12,"key":"Regen Potion"},{"floor":16,"key":"SteroidPotion"},{"floor":18,"key":"BloodPotion"},{"floor":20,"key":"EntropicBrew"},{"floor":24,"key":"Regen Potion"},{"floor":27,"key":"Block Potion"},{"floor":30,"key":"LiquidMemories"},{"floor":31,"key":"BloodPotion"}],"is_trial":false,"path_per_floor":["M","?","M","?","$","E","R","M","T","E","?","M","R","M","R","B",null,"M","$","M","M","M","R","E","R","T","E","?","$","M","M","R","B"],"character_chosen":"IRONCLAD","items_purchased":["Shrug It Off","TheAbacus","Seeing Red"],"campfire_rested":1,"item_purchase_floors":[5,19,29],"current_hp_per_floor":[69,69,68,61,61,30,30,36,36,15,15,21,21,24,24,30,64,60,60,70,75,43,43,11,33,33,31,31,31,11,17,17,0,0],"gold":48,"neow_bonus":"HUNDRED_GOLD","is_daily":false,"chose_seed":false,"campfire_upgraded":5,"win_rate":0.0,"timestamp":1610987119,"path_taken":["M","?","M","?","$","E","R","M","T","E","?","?","R","M","R","BOSS","M","$","M","M","M","R","E","R","T","E","?","$","M","M","R","BOSS"],"items_purchased_type":["Card","Relic","Card"],"build_version":"2020-12-22","purchased_purges":2,"victory":false,"max_hp_per_floor":[75,75,75,75,75,75,75,75,75,75,75,75,75,75,75,75,75,75,75,75,75,75,75,75,75,75,75,75,75,75,75,75,75,75],"card_choices":[{"not_picked":["Thunderclap","Rampage"],"picked":"Uppercut","floor":1},{"not_picked":["Ghostly Armor","Twin Strike"],"picked":"Power Through","floor":3},{"not_picked":["Anger","Infernal Blade"],"picked":"Sword Boomerang","floor":6},{"not_picked":["Disarm","Uppercut"],"picked":"Body Slam","floor":8},{"not_picked":["True Grit","Berserk"],"picked":"Wild Strike","floor":10},{"not_picked":["Rupture","Thunderclap","Dark Embrace"],"picked":"SKIP","floor":12},{"not_picked":["Heavy Blade","Sword Boomerang"],"picked":"Shrug It Off","floor":14},{"not_picked":["Reckless Charge","Armaments"],"picked":"Flame Barrier","floor":18},{"not_picked":["Headbutt+1","Sword Boomerang+1","Cleave"],"picked":"SKIP","floor":20},{"not_picked":["Armaments","Flex"],"picked":"Pommel Strike","floor":21},{"not_picked":["Bludgeon","Sword Boomerang","Havoc"],"picked":"SKIP","floor":22},{"not_picked":["Fiend Fire","Warcry"],"picked":"True Grit+1","floor":24},{"not_picked":["Spot Weakness","Disarm","Clash"],"picked":"SKIP","floor":27},{"not_picked":["Iron Wave","Clothesline"],"picked":"Dark Embrace","floor":30},{"not_picked":["Whirlwind","Cleave"],"picked":"Dropkick","floor":31}],"player_experience":1314781,"relics_obtained":[{"floor":6,"key":"Champion Belt"},{"floor":9,"key":"White Beast Statue"},{"floor":10,"key":"Bag of Marbles"},{"floor":17,"key":"Nunchaku"},{"floor":17,"key":"Blue Candle"},{"floor":17,"key":"Magic Flower"},{"floor":24,"key":"Ancient Tea Set"},{"floor":26,"key":"Vajra"},{"floor":27,"key":"Lantern"}],"event_choices":[{"cards_removed":["Strike_R"],"damage_healed":0,"gold_gain":0,"player_choice":"Card Removal","damage_taken":0,"max_hp_gain":0,"max_hp_loss":0,"event_name":"The Cleric","floor":2,"gold_loss":75},{"cards_removed":["Defend_R"],"damage_healed":0,"gold_gain":0,"player_choice":"Card Removal","damage_taken":7,"max_hp_gain":0,"max_hp_loss":0,"event_name":"Golden Wing","floor":4,"gold_loss":0},{"cards_removed":["Strike_R"],"damage_healed":0,"gold_gain":0,"player_choice":"Purged","damage_taken":0,"max_hp_gain":0,"max_hp_loss":0,"event_name":"Purifier","floor":11,"gold_loss":0},{"damage_healed":0,"gold_gain":0,"player_choice":"Ignored","damage_taken":0,"max_hp_gain":0,"max_hp_loss":0,"event_name":"Ghosts","floor":28,"gold_loss":0}],"is_beta":false,"boss_relics":[{"not_picked":["Velvet Choker","SlaversCollar"],"picked":"Calling Bell"}],"items_purged_floors":[5,29],"is_endless":false,"potions_floor_spawned":[6,8,10,12,14,16,18,20,21,22,24,27,30,31],"killed_by":"Automaton","ascension_level":20}}