{"host":"uxq2rly8rxtwffuf","time":1610974909,"event":{"mods":["BaseMod","Koishi","Minty Spire (QoL Compilation)","StSLib","The Servant 0.9.4"],"gold_per_floor":[115,130,150,64,64,64,64,91,91,91,91,108,108,119,119,195,195,210,221,251,26,40,56,56,88,88,88,88],"floor_reached":27,"language":"ENG","playtime":830,"items_purged":["Defend_B"],"score":408,"play_id":"71b6434b-789d-4b3d-930f-14657e28c603","local_time":"20210118160149","is_ascension_mode":true,"campfire_choices":[{"data":"Defragment","floor":6,"key":"SMITH"},{"floor":10,"key":"REST"},{"data":"Defragment","floor":15,"key":"SMITH"},{"floor":24,"key":"RECALL"}],"circlet_count":0,"master_deck":["AscendersBane","Strike_B","Strike_B","Strike_B","Defend_B","Defend_B","Defend_B","Zap+1","Dualcast","Defragment+1","Leap","Melter","Defragment+1","Ball Lightning","Undo","Melter","Leap","Electrodynamics","Steam","Recycle","Doom and Gloom","Conserve Battery","Conserve Battery"],"relics":["Cracked Core","Anchor","Bird Faced Urn","Cables","Nuclear Battery","Red Mask","Nunchaku","Torii","Eternal Feather"],"acts_visited":["Exordium","TheCity"],"potions_floor_usage":[3,8,18,20,25,27],"damage_taken":[{"damage":2,"enemies":"Jaw Worm","floor":1,"turns":3},{"damage":1,"enemies":"Cultist","floor":2,"turns":3},{"damage":1,"enemies":"2 Louse","floor":3,"turns":3},{"damage":16,"enemies":"Lagavulin","floor":8,"turns":5},{"damage":0,"enemies":"Blue Slaver","floor":12,"turns":3},{"damage":1,"enemies":"Looter","floor":14,"turns":2},{"damage":9,"enemies":"Slime Boss","floor":16,"turns":8},{"damage":12,"enemies":"2 Thieves","floor":18,"turns":2},{"damage":1,"enemies":"Shell Parasite","floor":19,"turns":4},{"damage":11,"enemies":"Masked Bandits","floor":20,"turns":3},{"damage":18,"enemies":"Snecko","floor":22,"turns":3},{"damage":7,"enemies":"Chosen and Byrds","floor":23,"turns":4},{"damage":42,"enemies":"Gremlin Leader","floor":25,"turns":6},{"damage":16,"enemies":"Slavers","floor":27,"turns":2}],"seed_played":"-2275228845388703792","potions_obtained":[{"floor":1,"key":"Weak Potion"},{"floor":2,"key":"PotionOfCapacity"},{"floor":16,"key":"PowerPotion"},{"floor":19,"key":"Explosive Potion"},{"floor":23,"key":"PotionOfCapacity"},{"floor":25,"key":"LiquidMemories"}],"is_trial":false,"path_per_floor":["M","M","M","$","?","R","$","E","T","R","?","M","?","M","R","B",null,"M","M","?","$","M","M","R","E","T","E"],"character_chosen":"DEFECT","items_purchased":["Defragment","Ball Lightning","Nunchaku"],"campfire_rested":1,"item_purchase_floors":[4,4,21],"current_hp_per_floor":[62,61,60,60,42,42,42,26,26,47,71,71,64,63,63,58,68,61,66,61,61,49,48,48,12,12,0,0],"gold":88,"neow_bonus":"UPGRADE_CARD","is_daily":false,"chose_seed":false,"campfire_upgraded":2,"win_rate":0.0,"timestamp":1610974909,"path_taken":["M","M","M","$","?","R","$","E","T","R","?","?","?","M","R","BOSS","M","M","?","$","M","M","R","E","T","E"],"items_purchased_type":["Card","Card","Relic"],"build_version":"2020-12-22","purchased_purges":1,"victory":false,"max_hp_per_floor":[71,71,71,71,71,71,71,71,71,71,71,71,71,71,71,71,71,71,71,71,71,71,71,71,71,71,71,71],"card_choices":[{"not_picked":["Melter","Redo"],"picked":"Defragment","floor":1},{"not_picked":["Streamline","Go for the Eyes"],"picked":"Leap","floor":2},{"not_picked":["Double Energy","Go for the Eyes"],"picked":"Melter","floor":3},{"not_picked":["Turbo","Force Field"],"picked":"Undo","floor":8},{"not_picked":["Coolheaded","Barrage"],"picked":"Melter","floor":12},{"not_picked":["Hyperbeam","Skim"],"picked":"Leap","floor":14},{"not_picked":["Thunder Strike","Biased Cognition"],"picked":"Electrodynamics","floor":16},{"not_picked":["Scrape","Beam Cell"],"picked":"Steam","floor":18},{"not_picked":["Barrage","Go for the Eyes"],"picked":"Recycle","floor":19},{"not_picked":["Hyperbeam","Go for the Eyes"],"picked":"Doom and Gloom","floor":22},{"not_picked":["Beam Cell","Darkness"],"picked":"Conserve Battery","floor":23},{"not_picked":["Compile Driver+1","Coolheaded"],"picked":"Conserve Battery","floor":25}],"player_experience":1407364,"relics_obtained":[{"floor":8,"key":"Bird Faced Urn"},{"floor":9,"key":"Cables"},{"floor":20,"key":"Red Mask"},{"floor":25,"key":"Torii"},{"floor":26,"key":"Eternal Feather"}],"event_choices":[{"damage_healed":0,"gold_gain":0,"player_choice":"Success","damage_taken":18,"relics_obtained":["Anchor"],"max_hp_gain":0,"max_hp_loss":0,"event_name":"Scrap Ooze","floor":5,"gold_loss":0},{"damage_healed":24,"gold_gain":0,"player_choice":"Full Heal","damage_taken":0,"max_hp_gain":0,"max_hp_loss":0,"event_name":"Wheel of Change","floor":11,"gold_loss":0},{"cards_removed":["Strike_B"],"damage_healed":0,"gold_gain":0,"player_choice":"Card Removal","damage_taken":7,"max_hp_gain":0,"max_hp_loss":0,"event_name":"Golden Wing","floor":13,"gold_loss":0},{"damage_healed":0,"gold_gain":0,"player_choice":"Fought Bandits","damage_taken":0,"max_hp_gain":0,"max_hp_loss":0,"event_name":"Masked Bandits","floor":20,"gold_loss":0}],"is_beta":false,"boss_relics":[{"not_picked":["Pandora\u0027s Box","Snecko Eye"],"picked":"Nuclear Battery"}],"items_purged_floors":[21],"is_endless":false,"potions_floor_spawned":[1,2,16,19,23,25],"killed_by":"Slavers","ascension_level":15}}