{"host":"oehe2dxjvdgux73m","time":1610954447,"event":{"mods":["AchievementEnabler","BaseMod","Colored Map","Colored Powertips","DeckTracker","Keyboard Shortcuts","Minty Spire (QoL Compilation)","Permanent Neow","Quick Restart","StSLib","SuperFastMode"],"gold_per_floor":[119,119,69,169,189,189,216,216,287,212,212,229,239,255,255,357,357,371,385,396,30,44,44,64,64,88,104,137,36,47,65,65,170,170,185,196,196,196,246,246,281,281,281,298,332,350,366,398,398,398],"floor_reached":51,"language":"KOR","playtime":1558,"items_purged":["Strike_B"],"score":849,"play_id":"75de305c-128b-43dc-a514-28d44d410da0","local_time":"20210118162047","is_ascension_mode":true,"campfire_choices":[{"data":"Zap","floor":6.0,"key":"SMITH"},{"data":"Dualcast","floor":8.0,"key":"SMITH"},{"data":"Electrodynamics","floor":11.0,"key":"SMITH"},{"data":"Defragment","floor":15.0,"key":"SMITH"},{"data":"Storm","floor":23.0,"key":"SMITH"},{"data":"Reinforced Body","floor":32.0,"key":"SMITH"},{"floor":40.0,"key":"RECALL"},{"floor":42.0,"key":"REST"},{"floor":49,"key":"REST"}],"circlet_count":0,"master_deck":["Defend_B","Defend_B","Defend_B","Zap+1","Dualcast+1","Self Repair","Ball Lightning","Glacier","Electrodynamics+1","Defragment+1","Seek","Electrodynamics","Sunder+1","Storm+1","Ball Lightning+1","Reinforced Body+1","Double Energy+1","Machine Learning","Conserve Battery+1","Biased Cognition","Force Field+1","Storm+1","Barrage+1","Ball Lightning+1","Loop+1","Conserve Battery+1"],"relics":["Cracked Core","Art of War","Bottled Lightning","Eternal Feather","Empty Cage","OrangePellets","Potion Belt","Tiny Chest","Ancient Tea Set","Fusion Hammer","Bronze Scales","Dead Branch","Happy Flower","Vajra","MealTicket"],"acts_visited":["Exordium","TheCity","TheBeyond"],"potions_floor_usage":[48,48,48,48,48,48,48,50,50,50],"damage_taken":[{"damage":6.0,"enemies":"Jaw Worm","floor":1.0,"turns":5.0},{"damage":0.0,"enemies":"Small Slimes","floor":5.0,"turns":2.0},{"damage":12.0,"enemies":"Lagavulin","floor":7.0,"turns":7.0},{"damage":0.0,"enemies":"Cultist","floor":12.0,"turns":2.0},{"damage":5.0,"enemies":"Looter","floor":13.0,"turns":2.0},{"damage":0.0,"enemies":"Exordium Thugs","floor":14.0,"turns":2.0},{"damage":0.0,"enemies":"Slime Boss","floor":16.0,"turns":5.0},{"damage":0.0,"enemies":"3 Byrds","floor":18.0,"turns":1.0},{"damage":5.0,"enemies":"Chosen","floor":19.0,"turns":3.0},{"damage":28.0,"enemies":"Shelled Parasite and Fungi","floor":20.0,"turns":3.0},{"damage":10.0,"enemies":"Snecko","floor":22.0,"turns":4.0},{"damage":0.0,"enemies":"Sentry and Sphere","floor":24.0,"turns":2.0},{"damage":11.0,"enemies":"Snake Plant","floor":27.0,"turns":2.0},{"damage":7.0,"enemies":"Book of Stabbing","floor":28.0,"turns":5.0},{"damage":14.0,"enemies":"Shelled Parasite and Fungi","floor":30.0,"turns":3.0},{"damage":0.0,"enemies":"Snecko","floor":31.0,"turns":3.0},{"damage":25.0,"enemies":"Champ","floor":33.0,"turns":10.0},{"damage":12.0,"enemies":"3 Shapes","floor":35.0,"turns":2.0},{"damage":5.0,"enemies":"Orb Walker","floor":36.0,"turns":2.0},{"damage":0.0,"enemies":"Mind Bloom Boss Battle","floor":39.0,"turns":5.0},{"damage":8.0,"enemies":"Nemesis","floor":41.0,"turns":6.0},{"damage":0.0,"enemies":"Spire Growth","floor":44.0,"turns":3.0},{"damage":17.0,"enemies":"Reptomancer","floor":45.0,"turns":3.0},{"damage":7.0,"enemies":"3 Darklings","floor":46.0,"turns":3.0},{"damage":10.0,"enemies":"Writhing Mass","floor":47.0,"turns":2.0},{"damage":22,"enemies":"Nemesis","floor":48,"turns":5},{"damage":7,"enemies":"Donu and Deca","floor":50,"turns":4}],"seed_played":"-3686388972324585866","potions_obtained":[{"floor":12.0,"key":"PotionOfCapacity"},{"floor":13.0,"key":"FearPotion"},{"floor":16.0,"key":"Fire Potion"},{"floor":24.0,"key":"SkillPotion"},{"floor":30.0,"key":"Dexterity Potion"},{"floor":31.0,"key":"Block Potion"},{"floor":33.0,"key":"SteroidPotion"},{"floor":36.0,"key":"LiquidBronze"},{"floor":41.0,"key":"PotionOfCapacity"},{"floor":45.0,"key":"AttackPotion"},{"floor":48,"key":"DistilledChaos"}],"is_trial":false,"path_per_floor":["M","?","?","?","M","R","E","R","T","$","R","M","M","M","R","B",null,"M","M","M","$","M","R","M","?","T","M","E","$","M","M","R","B",null,"M","M","?","T","?","R","E","R","T","M","E","M","M","E","R","B",null],"character_chosen":"DEFECT","items_purchased":["OrangePellets","Storm","Potion Belt","EntropicBrew"],"campfire_rested":2,"item_purchase_floors":[21,21,21,29],"current_hp_per_floor":[75,57,57,57,57,57,52,52,52,52,58,65,67,74,75,75,75,75,70,49,49,39,45,52,45,45,34,34,34,27,34,43,25,75,70,65,65,65,72,75,74,75,75,75,65,58,48,42,75,75],"gold":398,"neow_bonus":"TRANSFORM_CARD","is_daily":false,"chose_seed":false,"campfire_upgraded":6,"win_rate":0.0,"timestamp":1610954447,"path_taken":["M","?","?","?","M","R","E","R","T","$","R","M","M","M","R","BOSS","M","M","M","?","M","R","M","?","T","?","E","?","M","M","R","BOSS","M","M","?","?","?","R","E","R","T","M","E","M","M","E","R","BOSS"],"items_purchased_type":["Relic","Card","Relic","Potion"],"build_version":"2020-12-22","purchased_purges":1,"victory":true,"max_hp_per_floor":[75,75,75,75,75,75,75,75,75,75,75,75,75,75,75,75,75,75,75,75,75,75,75,75,75,75,75,75,75,75,75,75,75,75,75,75,75,75,75,75,75,75,75,75,75,75,75,75,75,75],"card_choices":[{"not_picked":["Stack","Leap"],"picked":"Ball Lightning","floor":1.0},{"not_picked":["Aggregate","Chill"],"picked":"Glacier","floor":5.0},{"not_picked":["Rip and Tear","Go for the Eyes"],"picked":"Electrodynamics","floor":7.0},{"not_picked":["Beam Cell","Streamline"],"picked":"Defragment","floor":12.0},{"not_picked":["Gash","Undo","Aggregate"],"picked":"SKIP","floor":13.0},{"not_picked":["Undo","Compile Driver"],"picked":"Seek","floor":14.0},{"not_picked":["Multi-Cast","Fission"],"picked":"Electrodynamics","floor":16.0},{"not_picked":["Fusion","Blizzard"],"picked":"Sunder+1","floor":18.0},{"not_picked":["Cold Snap","Sweeping Beam","Darkness"],"picked":"SKIP","floor":19.0},{"not_picked":["Compile Driver","Rainbow","Coolheaded"],"picked":"SKIP","floor":20.0},{"not_picked":["Compile Driver","Heatsinks","Stack+1"],"picked":"SKIP","floor":22.0},{"not_picked":["Melter","Doom and Gloom"],"picked":"Ball Lightning+1","floor":24.0},{"not_picked":["Stack","Redo","Turbo+1"],"picked":"SKIP","floor":27.0},{"not_picked":["Doom and Gloom+1","Stack"],"picked":"Defragment","floor":28.0},{"not_picked":["Undo","Echo Form"],"picked":"Reinforced Body","floor":30.0},{"not_picked":["Go for the Eyes","Genetic Algorithm"],"picked":"Double Energy+1","floor":31.0},{"not_picked":["Amplify","All For One"],"picked":"Machine Learning","floor":33.0},{"not_picked":["Beam Cell","Heatsinks+1"],"picked":"Conserve Battery+1","floor":35.0},{"not_picked":["Leap+1","Self Repair"],"picked":"Biased Cognition","floor":36.0},{"not_picked":["Streamline","Chill+1"],"picked":"Force Field+1","floor":39.0},{"not_picked":["Redo+1","Chill+1"],"picked":"Storm+1","floor":41.0},{"not_picked":["Sweeping Beam","Barrage","Chaos"],"picked":"SKIP","floor":44.0},{"not_picked":["FTL","Cold Snap+1"],"picked":"Barrage+1","floor":45.0},{"not_picked":["Barrage+1","Rainbow"],"picked":"Ball Lightning+1","floor":46.0},{"not_picked":["Genetic Algorithm","Cold Snap+1"],"picked":"Loop+1","floor":47.0},{"not_picked":["Beam Cell","Rebound+1"],"picked":"Conserve Battery+1","floor":48}],"player_experience":279078,"relics_obtained":[{"floor":7.0,"key":"Bottled Lightning"},{"floor":9.0,"key":"Eternal Feather"},{"floor":26.0,"key":"Tiny Chest"},{"floor":28.0,"key":"Ancient Tea Set"},{"floor":38.0,"key":"Bronze Scales"},{"floor":39.0,"key":"Dead Branch"},{"floor":41.0,"key":"Happy Flower"},{"floor":45.0,"key":"Vajra"},{"floor":48,"key":"MealTicket"}],"event_choices":[{"damage_healed":0.0,"max_hp_gain":0.0,"max_hp_loss":0.0,"gold_gain":0.0,"event_name":"Scrap Ooze","player_choice":"Success","floor":2.0,"gold_loss":0.0,"damage_taken":18.0,"relics_obtained":["Art of War"]},{"cards_removed":["Strike_B"],"damage_healed":0.0,"max_hp_gain":0.0,"max_hp_loss":0.0,"gold_gain":0.0,"event_name":"The Cleric","player_choice":"Card Removal","floor":3.0,"gold_loss":50.0,"damage_taken":0.0},{"damage_healed":0.0,"max_hp_gain":0.0,"max_hp_loss":0.0,"gold_gain":100.0,"event_name":"Wheel of Change","player_choice":"Gold","floor":4.0,"gold_loss":0.0,"damage_taken":0.0},{"damage_healed":0.0,"max_hp_gain":0.0,"max_hp_loss":0.0,"gold_gain":0.0,"event_name":"Wheel of Change","player_choice":"Damaged","floor":25.0,"gold_loss":0.0,"damage_taken":7.0},{"cards_removed":["Defragment"],"damage_healed":0.0,"max_hp_gain":0.0,"max_hp_loss":0.0,"gold_gain":0.0,"event_name":"Purifier","player_choice":"Purged","floor":37.0,"gold_loss":0.0,"damage_taken":0.0},{"damage_healed":0.0,"max_hp_gain":0.0,"max_hp_loss":0.0,"gold_gain":0.0,"event_name":"MindBloom","player_choice":"Fight","floor":39.0,"gold_loss":0.0,"damage_taken":0.0}],"is_beta":false,"boss_relics":[{"not_picked":["Runic Dome","Snecko Eye"],"picked":"Empty Cage"},{"not_picked":["Velvet Choker","Coffee Dripper"],"picked":"Fusion Hammer"}],"items_purged_floors":[10],"is_endless":false,"potions_floor_spawned":[12,13,16,19,24,30,31,33,36,41,45,48],"ascension_level":1}}