{"host":"03a85bwj0a5skoit","time":1610947896,"event":{"mods":["BaseMod","Block Reminder","Minty Spire (QoL Compilation)","Relic Stats","StSLib"],"gold_per_floor":[112,112,24,36,106,137,153,153,179,207,226,226,53,88,88,165,165,183,206,256,269,2,2,28,28,53,53,70,86,115,131,131,205,205,223,237,237,237,256,256,256,256,305,330,379,5,24,35,35,35,35],"floor_reached":50,"language":"ENG","playtime":2369,"items_purged":[],"score":1281,"play_id":"84e1039b-2ddb-42e5-ba38-6d7bbcc7b681","local_time":"20210118160136","is_ascension_mode":true,"campfire_choices":[{"data":"Dualcast","floor":8,"key":"SMITH"},{"data":"Redo","floor":15,"key":"SMITH"},{"floor":23,"key":"REST"},{"data":"Zap","floor":25,"key":"SMITH"},{"floor":27,"key":"REST"},{"floor":32,"key":"REST"},{"floor":40,"key":"REST"},{"floor":42,"key":"REST"},{"floor":49,"key":"REST"}],"circlet_count":0,"master_deck":["AscendersBane","Defend_B","Defend_B","Defend_B","Defend_B","Zap+1","Dualcast+1","Scrape","FTL","Ball Lightning","Sweeping Beam","Scrape","Gash","Defragment+1","Redo+1","Creative AI+1","Heatsinks+1","Steam Power+1","Fission+1","Static Discharge+1","Scrape","Defragment+1","Redo+1","Steam","Capacitor+1","Redo","Capacitor+1","Cold Snap","Defragment+1","Reboot","Cold Snap","Buffer+1","White Noise+1","Doom and Gloom+1","Flash of Steel","Trip","Enlightenment","Glacier","Madness","Madness","Turbo"],"relics":["Cracked Core","NeowsBlessing","HornCleat","Ancient Tea Set","Oddly Smooth Stone","Frozen Egg 2","Medical Kit","Dream Catcher","Astrolabe","Toy Ornithopter","DollysMirror","Anchor","MealTicket","Bottled Tornado","Busted Crown","Bag of Preparation","Bottled Lightning","StoneCalendar","Runic Capacitor","Bag of Marbles"],"acts_visited":["Exordium","TheCity","TheBeyond"],"potions_floor_usage":[10,14,33,45,45,50],"damage_taken":[{"damage":0,"enemies":"Jaw Worm","floor":1,"turns":1},{"damage":0,"enemies":"Cultist","floor":4,"turns":1},{"damage":0,"enemies":"3 Sentries","floor":6,"turns":1},{"damage":5,"enemies":"Small Slimes","floor":7,"turns":2},{"damage":0,"enemies":"Gremlin Nob","floor":10,"turns":3},{"damage":15,"enemies":"Gremlin Gang","floor":11,"turns":2},{"damage":3,"enemies":"3 Sentries","floor":14,"turns":5},{"damage":40,"enemies":"Hexaghost","floor":16,"turns":8},{"damage":22,"enemies":"2 Thieves","floor":18,"turns":3},{"damage":0,"enemies":"Chosen","floor":21,"turns":3},{"damage":14,"enemies":"Book of Stabbing","floor":24,"turns":3},{"damage":1,"enemies":"Shelled Parasite and Fungi","floor":28,"turns":3},{"damage":21,"enemies":"Centurion and Healer","floor":29,"turns":6},{"damage":3,"enemies":"Gremlin Leader","floor":30,"turns":7},{"damage":5,"enemies":"Snake Plant","floor":31,"turns":3},{"damage":0,"enemies":"Collector","floor":33,"turns":9},{"damage":5,"enemies":"3 Darklings","floor":35,"turns":5},{"damage":0,"enemies":"Orb Walker","floor":36,"turns":4},{"damage":26,"enemies":"Writhing Mass","floor":39,"turns":7},{"damage":3,"enemies":"Nemesis","floor":44,"turns":6},{"damage":24,"enemies":"2 Orb Walkers","floor":45,"turns":5},{"damage":11,"enemies":"4 Shapes","floor":47,"turns":4},{"damage":0,"enemies":"Transient","floor":48,"turns":6},{"damage":76,"enemies":"Awakened One","floor":50,"turns":6}],"seed_played":"5577105940425421413","potions_obtained":[{"floor":1,"key":"SpeedPotion"},{"floor":4,"key":"DistilledChaos"},{"floor":10,"key":"ColorlessPotion"},{"floor":21,"key":"Fire Potion"},{"floor":30,"key":"AttackPotion"},{"floor":35,"key":"EssenceOfSteel"},{"floor":44,"key":"SkillPotion"}],"is_trial":false,"path_per_floor":["M","?","$","M","T","E","M","R","T","E","M","?","$","E","R","B",null,"M","T","?","M","$","R","E","R","T","R","M","M","E","M","R","B",null,"M","M","?","?","M","R","?","R","T","E","?","$","M","M","R","B"],"character_chosen":"DEFECT","items_purchased":["FTL","Ball Lightning","Medical Kit","Defragment+1","DollysMirror","Steam","Runic Capacitor","Bag of Marbles","Energy Potion"],"campfire_rested":6,"item_purchase_floors":[3,3,13,22,22,22,46,46,46],"current_hp_per_floor":[64,64,64,64,64,64,59,59,59,59,44,71,71,68,68,28,60,38,38,38,38,38,59,45,45,45,66,65,44,41,36,57,62,69,64,64,54,54,28,49,36,57,57,54,40,55,44,44,65,0,0],"gold":35,"neow_bonus":"THREE_ENEMY_KILL","is_daily":false,"chose_seed":false,"campfire_upgraded":3,"win_rate":0.0,"timestamp":1610947896,"path_taken":["M","?","$","?","?","E","M","R","T","E","M","?","$","E","R","BOSS","M","?","?","M","$","R","E","R","T","R","?","M","E","M","R","BOSS","M","M","?","?","M","R","?","R","T","E","?","$","?","M","R","BOSS"],"items_purchased_type":["Card","Card","Relic","Card","Relic","Card","Relic","Relic","Potion"],"build_version":"2020-12-22","purchased_purges":0,"victory":false,"max_hp_per_floor":[71,71,71,71,71,71,71,71,71,71,71,71,71,71,71,71,71,71,71,71,71,71,71,71,71,71,71,71,71,71,71,71,71,71,71,71,71,71,71,71,71,71,71,71,71,71,71,71,71,71,71],"relic_stats":{"Dream Catcher":6,"Busted Crown":26,"counters":[24,103],"Astrolabe":["Heatsinks","Steam Power","Fission"],"MealTicket":15,"StoneCalendar":[0],"Bag of Preparation":[10],"Medical Kit":[34],"obtain_stats":[{"NeowsBlessing":0,"Astrolabe":17,"Oddly Smooth Stone":9,"StoneCalendar":45,"Bag of Preparation":43,"Runic Capacitor":46,"Frozen Egg 2":10,"Bottled Tornado":30,"Ancient Tea Set":6,"Medical Kit":13,"Dream Catcher":14,"Anchor":24,"HornCleat":5,"Busted Crown":34,"DollysMirror":22,"MealTicket":26,"Bag of Marbles":46,"Bottled Lightning":44,"Cracked Core":0,"Toy Ornithopter":19},{"NeowsBlessing":0,"Astrolabe":8,"Oddly Smooth Stone":4,"StoneCalendar":21,"Bag of Preparation":19,"Runic Capacitor":21,"Frozen Egg 2":5,"Bottled Tornado":14,"Ancient Tea Set":3,"Medical Kit":6,"Dream Catcher":7,"Anchor":11,"HornCleat":2,"Busted Crown":16,"DollysMirror":10,"MealTicket":11,"Bag of Marbles":21,"Bottled Lightning":20,"Cracked Core":0,"Toy Ornithopter":9},{"NeowsBlessing":0,"Astrolabe":23,"Oddly Smooth Stone":5,"StoneCalendar":87,"Bag of Preparation":76,"Runic Capacitor":87,"Frozen Egg 2":8,"Bottled Tornado":48,"Ancient Tea Set":3,"Medical Kit":10,"Dream Catcher":15,"Anchor":32,"HornCleat":2,"Busted Crown":60,"DollysMirror":29,"MealTicket":32,"Bag of Marbles":87,"Bottled Lightning":82,"Cracked Core":0,"Toy Ornithopter":26}],"Toy Ornithopter":20},"card_choices":[{"not_picked":["Steam","Redo"],"picked":"Scrape","floor":1},{"not_picked":["Aggregate","Force Field"],"picked":"Sweeping Beam","floor":4},{"not_picked":["Heatsinks","Hello World"],"picked":"Consume","floor":6},{"not_picked":["Ball Lightning","Static Discharge"],"picked":"Scrape","floor":7},{"not_picked":["Rip and Tear","Static Discharge+1"],"picked":"Gash","floor":10},{"not_picked":["Beam Cell","Coolheaded"],"picked":"Defragment+1","floor":11},{"not_picked":["Auto Shields","Undo"],"picked":"Redo","floor":14},{"not_picked":["Seek","Thunder Strike"],"picked":"Creative AI+1","floor":16},{"not_picked":["Beam Cell","Barrage+1"],"picked":"Static Discharge+1","floor":18},{"not_picked":["Barrage","Melter"],"picked":"Scrape","floor":21},{"not_picked":["Sweeping Beam","Hologram"],"picked":"Steam","floor":23},{"not_picked":["Steam","Machine Learning+1"],"picked":"Capacitor+1","floor":24},{"not_picked":["Compile Driver","Lockon"],"picked":"Redo","floor":27},{"not_picked":["Heatsinks+1","Turbo"],"picked":"Capacitor+1","floor":28},{"not_picked":["Ball Lightning","Sunder+1"],"picked":"Cold Snap","floor":29},{"not_picked":["Rip and Tear","Beam Cell"],"picked":"Defragment+1","floor":30},{"not_picked":["Tempest","Cold Snap"],"picked":"Reboot","floor":31},{"not_picked":["Capacitor+1","Ball Lightning"],"picked":"Cold Snap","floor":32},{"not_picked":["Creative AI+1","Machine Learning+1"],"picked":"Buffer+1","floor":33},{"not_picked":[],"picked":"White Noise+1","floor":35},{"not_picked":[],"picked":"Doom and Gloom+1","floor":36},{"not_picked":[],"picked":"Flash of Steel","floor":37},{"not_picked":[],"picked":"Trip","floor":37},{"not_picked":[],"picked":"Enlightenment","floor":37},{"not_picked":[],"picked":"Glacier","floor":39},{"not_picked":["Conserve Battery"],"picked":"SKIP","floor":44},{"not_picked":[],"picked":"Turbo","floor":45},{"not_picked":["Conserve Battery"],"picked":"SKIP","floor":47},{"not_picked":["Sunder"],"picked":"SKIP","floor":48}],"player_experience":2346233,"relics_obtained":[{"floor":5,"key":"HornCleat"},{"floor":6,"key":"Ancient Tea Set"},{"floor":9,"key":"Oddly Smooth Stone"},{"floor":10,"key":"Frozen Egg 2"},{"floor":14,"key":"Dream Catcher"},{"floor":19,"key":"Toy Ornithopter"},{"floor":24,"key":"Anchor"},{"floor":26,"key":"MealTicket"},{"floor":30,"key":"Bottled Tornado"},{"floor":43,"key":"Bag of Preparation"},{"floor":44,"key":"Bottled Lightning"},{"floor":45,"key":"StoneCalendar"}],"event_choices":[{"cards_removed":["Strike_B"],"damage_healed":0,"gold_gain":0,"player_choice":"Card Removal","damage_taken":0,"max_hp_gain":0,"max_hp_loss":0,"event_name":"Wheel of Change","floor":2,"gold_loss":0},{"cards_removed":["Consume"],"damage_healed":27,"gold_gain":0,"player_choice":"Offered Uncommon","damage_taken":0,"max_hp_gain":0,"max_hp_loss":0,"event_name":"Bonfire Elementals","floor":12,"gold_loss":0},{"damage_healed":0,"gold_gain":100,"player_choice":"Bet on Murderer","damage_taken":0,"max_hp_gain":0,"max_hp_loss":0,"event_name":"The Joust","floor":20,"gold_loss":50},{"damage_healed":0,"gold_gain":0,"player_choice":"Memory 3","damage_taken":10,"max_hp_gain":0,"max_hp_loss":0,"event_name":"SensoryStone","floor":37,"gold_loss":0},{"cards_removed":["Steam"],"damage_healed":0,"gold_gain":0,"player_choice":"Removed Skill","damage_taken":0,"max_hp_gain":0,"max_hp_loss":0,"event_name":"Falling","floor":38,"gold_loss":0},{"damage_healed":0,"gold_gain":0,"player_choice":"Embrace Madness","damage_taken":13,"max_hp_gain":0,"max_hp_loss":0,"event_name":"Winding Halls","floor":41,"gold_loss":0,"cards_obtained":["Madness","Madness"]},{"damage_healed":0,"gold_gain":0,"player_choice":"Fight","damage_taken":0,"max_hp_gain":0,"max_hp_loss":0,"event_name":"Mysterious Sphere","floor":45,"gold_loss":0}],"is_beta":false,"boss_relics":[{"not_picked":["Inserter","Black Star"],"picked":"Astrolabe"},{"not_picked":["Velvet Choker","Tiny House"],"picked":"Busted Crown"}],"items_purged_floors":[],"is_endless":false,"potions_floor_spawned":[1,4,7,10,21,28,30,31,35,44],"killed_by":"Awakened One","ascension_level":20}}