{"host":"qie07cxbi2v0we72","time":1610982390,"event":{"mods":["BaseMod","Minty Spire (QoL Compilation)","Relic Stats","StSLib","SuperFastMode","The Judge","Waifu the Spire","thorton"],"gold_per_floor":[126,126,159,159,194,194,209,209,209],"floor_reached":7,"language":"ENG","playtime":252,"items_purged":[],"score":41,"play_id":"eb34eaa9-b44e-4d48-8e7d-5391d381fdb2","local_time":"20210118160630","is_ascension_mode":false,"campfire_choices":[{"data":"thethorton:GemGun","floor":6,"key":"SMITH"}],"circlet_count":0,"master_deck":["thethorton:Strike","thethorton:Strike","thethorton:Strike","thethorton:Strike","thethorton:Defend","thethorton:Defend","thethorton:Defend","thethorton:Defend","thethorton:Heckle","thethorton:CreditCard","Normality","thethorton:ChartProject","thethorton:CoinClash","thethorton:CompoundInterest","thethorton:GemGun+1","thethorton:Investment"],"relics":["thethorton:CouragePotion"],"acts_visited":["Exordium"],"potions_floor_usage":[5,7],"damage_taken":[{"damage":7,"enemies":"2 Louse","floor":1,"turns":4},{"damage":14,"enemies":"Cultist","floor":3,"turns":6},{"damage":10,"enemies":"Jaw Worm","floor":5,"turns":4},{"damage":52,"enemies":"Lagavulin","floor":7,"turns":7}],"seed_played":"-1786837060184125400","potions_obtained":[{"floor":3,"key":"BlessingOfTheForge"},{"floor":5,"key":"Fruit Juice"}],"is_trial":true,"path_per_floor":["M","?","M","?","M","R","E"],"character_chosen":"THE_THORT","items_purchased":[],"campfire_rested":0,"item_purchase_floors":[],"current_hp_per_floor":[61,61,47,47,42,42,0,0,0],"gold":209,"neow_bonus":"","is_daily":false,"chose_seed":false,"campfire_upgraded":1,"win_rate":0.0,"timestamp":1610982390,"path_taken":["M","?","?","?","M","R","E"],"items_purchased_type":[],"build_version":"2020-12-22","purchased_purges":0,"victory":false,"max_hp_per_floor":[68,68,68,68,73,73,73,73,73],"relic_stats":{"counters":[4,21],"obtain_stats":[{"thethorton:CouragePotion":0},{"thethorton:CouragePotion":0},{"thethorton:CouragePotion":0}]},"card_choices":[{"not_picked":["thethorton:DownPayment","thethorton:DockPay"],"picked":"thethorton:ChartProject","floor":1},{"not_picked":["thethorton:Hindsight","thethorton:LongTermPayoff"],"picked":"thethorton:GemGun","floor":3},{"not_picked":["thethorton:LongTermPayoff","thethorton:ChartProject"],"picked":"thethorton:Investment","floor":5}],"player_experience":900519,"relics_obtained":[],"event_choices":[{"damage_healed":0,"gold_gain":0,"player_choice":"2 cards matched","damage_taken":0,"max_hp_gain":0,"max_hp_loss":0,"event_name":"Match and Keep!","floor":2,"gold_loss":0,"cards_obtained":["thethorton:CoinClash","thethorton:CompoundInterest"]},{"damage_healed":0,"gold_gain":0,"player_choice":"Bought 0 Potions","damage_taken":0,"max_hp_gain":0,"max_hp_loss":0,"event_name":"The Woman in Blue","floor":4,"gold_loss":0}],"is_beta":false,"boss_relics":[],"items_purged_floors":[],"is_endless":true,"potions_floor_spawned":[3,5],"killed_by":"Lagavulin","ascension_level":0}}