{"host":"gaqyve1328ta0etl","time":1610962390,"event":{"mods":["BaseMod","Colored Map","Colored Powertips","Googly Eyes","Minty Spire (QoL Compilation)","Shop Mod","StSLib","SuperFastMode","The Hierophant","The Runesmith"],"gold_per_floor":[116,41,6,6,83,83,83,117,117,117,117,127,127,145,145,216,216,228,56,56,56,66,66,83,98,121,139,139,89,89,121,121,192,192,202,152,152,152,152],"floor_reached":38,"language":"ENG","playtime":1638,"items_purged":["Dual Wield","Carnage","Flame Barrier"],"score":926,"play_id":"b969c64b-4cb8-49c3-96be-bd9de0809938","local_time":"20210118013310","daily_mods":["Draft","Heirloom","Flight","DeadlyEvents","Binary","Elite Swarm"],"is_ascension_mode":true,"campfire_choices":[{"data":"Body Slam","floor":6,"key":"SMITH"},{"data":"Body Slam","floor":7,"key":"SMITH"},{"data":"Dark Embrace","floor":10,"key":"SMITH"},{"data":"Havoc","floor":11,"key":"SMITH"},{"data":"True Grit","floor":13,"key":"SMITH"},{"data":"Rampage","floor":15,"key":"SMITH"},{"data":"Iron Wave","floor":23,"key":"SMITH"},{"data":"Iron Wave","floor":28,"key":"SMITH"},{"data":"Iron Wave","floor":30,"key":"SMITH"},{"data":"Pommel Strike","floor":32,"key":"SMITH"}],"circlet_count":0,"master_deck":["AscendersBane","True Grit+1","Iron Wave+1","Havoc+1","Iron Wave+1","Body Slam+1","Pommel Strike+1","Rampage+1","Dark Embrace+1","Iron Wave+1","Body Slam+1"],"relics":["Burning Blood","Dead Branch","Bird Faced Urn","Bottled Tornado","Busted Crown","HandDrill","Nilry\u0027s Codex","Smiling Mask","Akabeko","Empty Cage"],"acts_visited":["Exordium","TheCity","TheBeyond"],"potions_floor_usage":[16,24,31,38],"damage_taken":[{"damage":6,"enemies":"Cultist","floor":1,"turns":4},{"damage":0,"enemies":"Gremlin Nob","floor":8,"turns":3},{"damage":4,"enemies":"Small Slimes","floor":12,"turns":3},{"damage":8,"enemies":"2 Louse","floor":14,"turns":2},{"damage":31,"enemies":"The Guardian","floor":16,"turns":11},{"damage":0,"enemies":"Spheric Guardian","floor":18,"turns":2},{"damage":0,"enemies":"Shell Parasite","floor":22,"turns":4},{"damage":22,"enemies":"Cultist and Chosen","floor":24,"turns":7},{"damage":0,"enemies":"Centurion and Healer","floor":25,"turns":3},{"damage":13,"enemies":"Snecko","floor":27,"turns":4},{"damage":10,"enemies":"Slavers","floor":31,"turns":6},{"damage":6,"enemies":"Champ","floor":33,"turns":5},{"damage":4,"enemies":"3 Shapes","floor":35,"turns":10},{"damage":94,"enemies":"Time Eater","floor":38,"turns":8}],"seed_played":"-618884494877098935","potions_obtained":[{"floor":14,"key":"DistilledChaos"},{"floor":16,"key":"ColorlessPotion"},{"floor":22,"key":"AttackPotion"},{"floor":24,"key":"BloodPotion"},{"floor":27,"key":"Block Potion"},{"floor":33,"key":"FearPotion"}],"is_trial":true,"path_per_floor":["M","$","?","$","?","R","R","E","T","R","R","M","R","M","R","B",null,"M","$","?","?","M","R","M","M","T","M","R","$","R","E","R","B",null,"M","$","?","B"],"character_chosen":"IRONCLAD","items_purchased":["HandDrill"],"campfire_rested":0,"item_purchase_floors":[19],"current_hp_per_floor":[68,68,75,75,75,75,75,75,75,75,75,75,75,73,73,52,69,75,75,54,54,66,66,58,68,68,67,67,67,67,65,65,69,74,75,75,75,0,0],"gold":152,"neow_bonus":"","is_daily":false,"chose_seed":false,"campfire_upgraded":10,"win_rate":0.0,"timestamp":1610962390,"path_taken":["M","$","?","$","?","R","R","E","T","R","R","?","R","?","R","BOSS","M","$","?","?","?","R","M","M","T","M","R","$","R","?","R","BOSS","M","$","?","BOSS"],"items_purchased_type":["Relic"],"build_version":"2020-12-22","purchased_purges":3,"victory":false,"max_hp_per_floor":[75,75,75,75,75,75,75,75,75,75,75,75,75,75,75,75,75,75,75,75,75,75,75,75,75,75,75,75,75,75,75,75,75,75,75,75,75,75,75],"card_choices":[{"not_picked":["Clothesline","Power Through"],"picked":"True Grit","floor":0},{"not_picked":["Cleave","Flex"],"picked":"Iron Wave","floor":0},{"not_picked":["Shockwave","Wild Strike"],"picked":"Havoc","floor":0},{"not_picked":["Anger","True Grit"],"picked":"Flame Barrier","floor":0},{"not_picked":["Blood for Blood","Headbutt"],"picked":"Carnage","floor":0},{"not_picked":["Clothesline","Havoc"],"picked":"Iron Wave","floor":0},{"not_picked":["Perfected Strike","Iron Wave"],"picked":"Body Slam","floor":0},{"not_picked":["Heavy Blade","Clash"],"picked":"Pommel Strike","floor":0},{"not_picked":["Warcry","Sword Boomerang"],"picked":"Rampage","floor":0},{"not_picked":["Twin Strike","Power Through"],"picked":"Dark Embrace","floor":0},{"not_picked":["Ghostly Armor","Thunderclap"],"picked":"Iron Wave","floor":0},{"not_picked":["True Grit","Twin Strike"],"picked":"Dual Wield","floor":0},{"not_picked":["Metallicize","Wild Strike"],"picked":"Body Slam","floor":0},{"not_picked":["Dark Embrace","Dropkick"],"picked":"Ghostly Armor","floor":0},{"not_picked":["Thunderclap","Warcry"],"picked":"Carnage","floor":0},{"not_picked":["Body Slam","Entrench"],"picked":"SKIP","floor":1},{"not_picked":["Berserk","Immolate"],"picked":"SKIP","floor":8},{"not_picked":["Body Slam","Rage"],"picked":"SKIP","floor":12},{"not_picked":["Body Slam","Havoc"],"picked":"SKIP","floor":14}],"player_experience":2041810,"relics_obtained":[{"floor":8,"key":"Bird Faced Urn"},{"floor":9,"key":"Bottled Tornado"},{"floor":20,"key":"Nilry\u0027s Codex"},{"floor":26,"key":"Smiling Mask"},{"floor":31,"key":"Akabeko"}],"event_choices":[{"damage_healed":18,"gold_gain":0,"player_choice":"Healed","damage_taken":0,"max_hp_gain":0,"max_hp_loss":0,"event_name":"The Cleric","floor":3,"gold_loss":35},{"damage_healed":0,"gold_gain":77,"player_choice":"Gained Gold","damage_taken":0,"max_hp_gain":0,"max_hp_loss":0,"event_name":"Golden Wing","floor":5,"gold_loss":0},{"damage_healed":0,"gold_gain":0,"player_choice":"Obtained Book","damage_taken":21,"max_hp_gain":0,"max_hp_loss":0,"event_name":"Cursed Tome","floor":20,"gold_loss":0},{"damage_healed":0,"gold_gain":0,"player_choice":"Took Portal","damage_taken":0,"max_hp_gain":0,"max_hp_loss":0,"event_name":"SecretPortal","floor":37,"gold_loss":0}],"is_beta":false,"boss_relics":[{"not_picked":["Snecko Eye","Black Blood"],"picked":"Busted Crown"},{"not_picked":["Runesmith:UraniumAnvil","Calling Bell"],"picked":"Empty Cage"}],"items_purged_floors":[2,29,36],"is_endless":false,"potions_floor_spawned":[14,16,22,24,27,33,35],"killed_by":"Time Eater","ascension_level":20}}