{"host":"51fyd6gkml7xavq8","time":1610998894,"event":{"mods":["BaseMod","BetterRewards","Colored Map","Energized Spire","Infinite Spire","Minty Spire (QoL Compilation)","Replay The Spire","Shop Mod","Spicy Shops","StSLib","The Blue Laboratory","[IsaacMod]????"],"gold_per_floor":[112,112,112,126,44,78,90,151,174,192,205,20,20,34,34,34,34],"floor_reached":16,"language":"ENG","playtime":2496,"items_purged":["Defend_G","Regret","Defend_G"],"score":220,"play_id":"5ae1cf90-9bd9-4490-b8c7-04457127c94c","local_time":"20210118164134","is_ascension_mode":true,"campfire_choices":[{"data":"Footwork","floor":15.0,"key":"SMITH"}],"circlet_count":0,"master_deck":["Strike_G","Strike_G","Strike_G","Strike_G","Strike_G","Defend_G+1","Defend_G","Defend_G+1","Survivor","Neutralize","Endless Agony","Footwork+1","Bullet Time","Languid"],"relics":["Ring of the Snake","HushsDoor","BelialBook","MerchantsRug","Regal Pillow","Juzu Bracelet","Mummified Hand","SteamSale","Ring of Fangs","Ring of Panic"],"acts_visited":["Exordium"],"potions_floor_usage":[],"damage_taken":[{"damage":0.0,"enemies":"2 Louse","floor":1.0,"turns":4.0},{"damage":2.0,"enemies":"Jaw Worm","floor":4.0,"turns":4.0},{"damage":33.0,"enemies":"Gremlin Nob","floor":6.0,"turns":6.0},{"damage":0.0,"enemies":"Cultist","floor":7.0,"turns":4.0},{"damage":6.0,"enemies":"3 Sentries","floor":8.0,"turns":7.0},{"damage":0.0,"enemies":"3 Louse","floor":10.0,"turns":1.0},{"damage":1.0,"enemies":"Large Slime","floor":11.0,"turns":9.0},{"damage":11.0,"enemies":"2 Fungi Beasts","floor":14.0,"turns":9.0},{"damage":19,"enemies":"Slime Boss","floor":16,"turns":3}],"seed_played":"7152078371679388870","potions_obtained":[{"floor":7.0,"key":"EssenceOfSteel"},{"floor":8.0,"key":"Explosive Potion"}],"is_trial":false,"path_per_floor":["M","?","T","M","$","E","M","?","T","M","M","$","?","M","R","B"],"character_chosen":"THE_SILENT","items_purchased":["MerchantsRug","SteamSale"],"campfire_rested":0,"item_purchase_floors":[0,12],"current_hp_per_floor":[52,66,66,64,64,31,31,25,25,25,24,24,24,13,13,0,0],"gold":34,"neow_bonus":"","is_daily":false,"chose_seed":false,"campfire_upgraded":1,"win_rate":0.0,"timestamp":1610998894,"path_taken":["M","?","?","M","$","E","M","?","T","M","M","$","?","M","R","BOSS"],"items_purchased_type":["Relic","Relic"],"build_version":"2020-12-22","purchased_purges":3,"victory":false,"max_hp_per_floor":[70,84,84,84,84,84,84,84,84,84,84,84,84,84,84,84,84],"card_choices":[{"not_picked":["Deflect","Blur"],"picked":"Endless Agony","floor":1.0},{"not_picked":["ReplayTheSpireMod:Speed Training","Flying Knee"],"picked":"Footwork","floor":4.0},{"not_picked":["Bane","Outmaneuver","Masterful Stab"],"picked":"SKIP","floor":6.0},{"not_picked":["Acrobatics","Catalyst"],"picked":"Bullet Time","floor":7.0},{"not_picked":["Masterful Stab","Acrobatics","Slice"],"picked":"SKIP","floor":10.0},{"not_picked":["Prepared","Setup","Backflip"],"picked":"SKIP","floor":11.0},{"not_picked":["Sneak Up","Masterful Stab","Quick Slash"],"picked":"SKIP","floor":14.0}],"player_experience":590331,"relics_obtained":[{"floor":3.0,"key":"Regal Pillow"},{"floor":6.0,"key":"Juzu Bracelet"},{"floor":9.0,"key":"War Paint"},{"floor":13.0,"key":"Ring of Fangs"},{"floor":13.0,"key":"Ring of Panic"}],"event_choices":[{"damage_healed":0.0,"max_hp_gain":0.0,"max_hp_loss":0.0,"gold_gain":0.0,"event_name":"Big Fish","player_choice":"Box","floor":2.0,"gold_loss":0.0,"damage_taken":0.0,"relics_obtained":["Mango"],"cards_obtained":["Regret"]},{"damage_healed":0.0,"max_hp_gain":0.0,"max_hp_loss":0.0,"gold_gain":30.0,"event_name":"Dead Adventurer","player_choice":"Searched \u00273\u0027 times","floor":8.0,"gold_loss":0.0,"damage_taken":0.0,"relics_obtained":["Mummified Hand"]}],"is_beta":false,"boss_relics":[],"items_purged_floors":[0,5,12],"is_endless":false,"potions_floor_spawned":[7,8],"killed_by":"Slime Boss","ascension_level":9}}