{"host":"okzzojfld2krd5j7","time":1610971130,"event":{"mods":["BaseMod","Better Third Choice","Googly Eyes","Minty Spire (QoL Compilation)","Rare Cards Sparkle","Relic Stats","Replay The Spire","Spicy Shops","StSLib","TheLocksmith","Wandering Minibosses","vexMod"],"gold_per_floor":[114,114,79,79,79,100,120,120,144,144,171,184,208,233,233,233,290,416,416,429,429,450,450,450,450],"floor_reached":23,"language":"ENG","playtime":832,"items_purged":[],"score":183,"play_id":"7ea6ede8-9e6a-424d-83fa-ddf5d21207b3","local_time":"20210118125850","is_ascension_mode":false,"campfire_choices":[{"data":"locksmith:Absorb","floor":8,"key":"SMITH"},{"data":"locksmith:HiddenPower","floor":10,"key":"SMITH"},{"data":"locksmith:ValueDummy","floor":15,"key":"SMITH"}],"circlet_count":0,"master_deck":["locksmith:Strike","locksmith:Strike","locksmith:Strike","locksmith:Strike","locksmith:Defend","locksmith:Defend","locksmith:Defend","locksmith:Defend","locksmith:KeyMove","locksmith:Absorb+1","locksmith:HiddenPower+1","locksmith:Grab","locksmith:BlockAndKey","locksmith:ValueDummy+1","locksmith:CripplingDummy","locksmith:EvilKeys","locksmith:Grab","locksmith:Curse","locksmith:PuppetGuard+1"],"relics":["locksmith:FreeKey","NeowsBlessing","Golden Idol","Replay:Baseball","SlaversCollar"],"acts_visited":["Exordium","TheCity"],"potions_floor_usage":[12,12,23],"damage_taken":[{"damage":0,"enemies":"Jaw Worm","floor":1,"turns":1},{"damage":0,"enemies":"Small Slimes","floor":6,"turns":1},{"damage":0,"enemies":"2 Louse","floor":7,"turns":1},{"damage":12,"enemies":"Exordium Thugs","floor":9,"turns":7},{"damage":0,"enemies":"3 Louse","floor":12,"turns":1},{"damage":12,"enemies":"Looter","floor":13,"turns":4},{"damage":7,"enemies":"2 Fungi Beasts","floor":14,"turns":2},{"damage":25,"enemies":"Fading Forest","floor":18,"turns":11},{"damage":38,"enemies":"Spheric Guardian","floor":20,"turns":7},{"damage":30,"enemies":"Chosen","floor":22,"turns":8},{"damage":11,"enemies":"Centurion and Healer","floor":23,"turns":2}],"seed_played":"10985794702099616","potions_obtained":[{"floor":1,"key":"GamblersBrew"},{"floor":7,"key":"AttackPotion"},{"floor":14,"key":"Languid Potion"},{"floor":22,"key":"SpeedPotion"}],"is_trial":false,"path_per_floor":["M","?","?","PTL","PTL","M","M","R","M","R","T","M","M","M","R","?","R","B",null,"M","?","M","M"],"character_chosen":"THE_LOCKSMITH","items_purchased":[],"campfire_rested":0,"item_purchase_floors":[],"current_hp_per_floor":[79,60,79,79,79,79,79,79,67,67,67,67,55,48,48,48,48,23,79,41,41,11,0,0,0],"gold":450,"neow_bonus":"THREE_ENEMY_KILL","is_daily":false,"chose_seed":false,"campfire_upgraded":3,"win_rate":0.0,"timestamp":1610971130,"path_taken":["M","?","?","PTL","PTL","M","?","R","M","R","T","M","M","M","R","?","R","BOSS","M","?","M","M"],"items_purchased_type":[],"build_version":"2020-12-22","purchased_purges":0,"victory":false,"max_hp_per_floor":[79,79,79,79,79,79,79,79,79,79,79,79,79,79,79,79,79,79,79,79,79,79,79,79,79],"relic_stats":{"counters":[11,45],"Golden Idol":58,"obtain_stats":[{"SlaversCollar":19,"Replay:Baseball":11,"NeowsBlessing":0,"Golden Idol":2,"locksmith:FreeKey":0},{"SlaversCollar":8,"Replay:Baseball":4,"NeowsBlessing":0,"Golden Idol":1,"locksmith:FreeKey":0},{"SlaversCollar":28,"Replay:Baseball":10,"NeowsBlessing":0,"Golden Idol":1,"locksmith:FreeKey":0}]},"card_choices":[{"not_picked":["locksmith:Tsundere","locksmith:JingleLoan"],"picked":"locksmith:Absorb","floor":1},{"not_picked":["locksmith:CursedKey","locksmith:CripplingDummy"],"picked":"locksmith:HiddenPower","floor":6},{"not_picked":["locksmith:Exploit","locksmith:JingleLoan"],"picked":"locksmith:BuriedCurse","floor":7},{"not_picked":["locksmith:Keysmack","locksmith:BlockAndKey"],"picked":"locksmith:Grab","floor":9},{"not_picked":["locksmith:Prep","locksmith:Exploit"],"picked":"locksmith:BlockAndKey","floor":12},{"not_picked":["locksmith:Tsundere","locksmith:KeychainRain"],"picked":"locksmith:ValueDummy","floor":13},{"not_picked":["locksmith:Grab","locksmith:LockBlock"],"picked":"locksmith:CripplingDummy","floor":14},{"not_picked":["locksmith:SlowSapping","locksmith:Burden"],"picked":"locksmith:EvilKeys","floor":18},{"not_picked":["locksmith:BuriedCurse","locksmith:DarkBurst","locksmith:DeathGaze"],"picked":"SKIP","floor":20},{"not_picked":["locksmith:Horrify","locksmith:SmackSmackBurn"],"picked":"locksmith:PuppetGuard+1","floor":22}],"player_experience":639756,"relics_obtained":[{"floor":11,"key":"Replay:Baseball"}],"event_choices":[{"damage_healed":0,"gold_gain":0,"player_choice":"Take Damage","damage_taken":19,"relics_obtained":["Golden Idol"],"max_hp_gain":0,"max_hp_loss":0,"event_name":"Golden Idol","floor":2,"gold_loss":0},{"damage_healed":19,"gold_gain":0,"player_choice":"Healed","damage_taken":0,"max_hp_gain":0,"max_hp_loss":0,"event_name":"The Cleric","floor":3,"gold_loss":35},{"damage_healed":0,"gold_gain":0,"player_choice":"Ignored","damage_taken":233,"max_hp_gain":0,"max_hp_loss":0,"event_name":"betterThird:BetterSerpent","floor":16,"gold_loss":0},{"damage_healed":0,"gold_gain":57,"player_choice":"Gained Gold","damage_taken":0,"max_hp_gain":0,"max_hp_loss":0,"event_name":"Golden Wing","floor":17,"gold_loss":0},{"damage_healed":0,"gold_gain":0,"cards_transformed":["locksmith:BuriedCurse","locksmith:LockCrash"],"player_choice":"Became Test Subject","damage_taken":0,"max_hp_gain":0,"max_hp_loss":0,"event_name":"Drug Dealer","floor":21,"gold_loss":0,"cards_obtained":["locksmith:Grab","locksmith:Curse"]}],"is_beta":false,"boss_relics":[{"not_picked":["Cursed Key","Ring of Chaos"],"picked":"SlaversCollar"}],"items_purged_floors":[],"is_endless":false,"potions_floor_spawned":[1,7,14,22],"killed_by":"Centurion and Healer","ascension_level":0}}