{"host":"dt8tt9y5uobrbn6j","time":1610958020,"event":{"mods":["Act Like it!","Aspiration","BaseMod","Better Third Choice","BetterRewards","Card Forge","Colored Powertips","Conspire","Hubris","Infinite Spire","Minty Spire (QoL Compilation)","Quick Restart","Relic Stats","Replay The Spire","Retaliation","Shop Mod","StSLib","vexMod","óô»ðÖ¸ÄÏ"],"gold_per_floor":[112,130,144,155,155,155,186,204,273,308,322,333,333,363,363,436,436,453,453,158,173,184,213,213,246,246,260,273,302,302,329,329,403,403,418,430,430,430,441,475,475,508,508,528,528,543,562,590,615,615,615,615,537,350,375,643],"floor_reached":57,"language":"ZHS","playtime":3818,"items_purged":["Strike_R","Strike_R","Strike_R"],"score":4467,"play_id":"5186c68b-ee23-4caf-ac87-6e0f515e4f59","local_time":"20210118162020","is_ascension_mode":true,"campfire_choices":[{"data":"Dark Embrace","floor":6.0,"key":"SMITH"},{"data":"ReplayReversal","floor":15.0,"key":"SMITH"},{"data":"Entrench","floor":24.0,"key":"SMITH"},{"data":"DDmod:AllInSkill","floor":30.0,"key":"SMITH"},{"data":"Crow Ritual","floor":32.0,"key":"SMITH"},{"floor":45.0,"key":"RECALL"}],"circlet_count":0,"master_deck":["AscendersBane","Strike_R","Defend_R","Defend_R","Defend_R","Defend_R","Bash","Abandon","Feel No Pain","DDmod:EasePowerCard","Dark Embrace+1","Body Slam+1","Seeing Red","Poisoned Strike","Entrench+1","Whirlwind","ReplayReversal+1","Regret","hubris:StunningStrike","Crow Ritual+1","Second Wind+1","Warcry+1","DDmod:AllInSkill+1","Exhume","Offering","Power Through","Languid","Trip","Apotheosis+1","Flame Barrier"],"relics":["Burning Blood","Hammer of Thor","Seething Fire","Anvil of the Gods","aspiration:TomeofQuesting","hubris:BottledRain","Regal Pillow","hubris:Reverence","Another Sword","Medical Kit","BargainBundle","MerchantsRug","conspire:GlowingRock","aspiration:StickyExplosives_weak","infinitespire:Beetle Shell","InkBottle","hubris:TenFootPole","Iron Hammer","King of Hearts","ChewingGum","Membership Card","vexMod:ScavengeHelm","hubris:CrystalStatue","aspiration:FetidBarrel","ReplayTheSpireMod:TigerMarble","vexMod:MysteryBossChallenge","Black Star","ReplayTheSpireMod:Ring of Addiction","ReplayTheSpireMod:Ring of Exchange","Potion Belt","SacredBark","Gremlin Food","aspiration:Lifesprig","conspire:Dentures","aspiration:FrozenJewel","infinitespire:Broken Mirror","aspiration:HiddenCompartment","ReplayTheSpireMod:Lightbulb","Counterbalance","War Paint","Orichalcum","Replay:Bandana"],"acts_visited":["Exordium","TheCity","TheBeyond","TheEnding"],"potions_floor_usage":[56,56,56],"damage_taken":[{"damage":3.0,"enemies":"infinitespire:Voidling","floor":1.0,"turns":3.0},{"damage":5.0,"enemies":"conspire:RoseBush","floor":2.0,"turns":3.0},{"damage":15.0,"enemies":"2 Louse","floor":3.0,"turns":4.0},{"damage":16.0,"enemies":"Exordium Thugs","floor":4.0,"turns":3.0},{"damage":0.0,"enemies":"Gremlin Nob","floor":7.0,"turns":2.0},{"damage":11.0,"enemies":"Exordium Wildlife","floor":8.0,"turns":3.0},{"damage":0.0,"enemies":"Lagavulin","floor":10.0,"turns":5.0},{"damage":0.0,"enemies":"Gremlin Gang","floor":11.0,"turns":3.0},{"damage":0.0,"enemies":"Lots of Slimes","floor":12.0,"turns":1.0},{"damage":11.0,"enemies":"Gremlin Nob","floor":14.0,"turns":3.0},{"damage":0.0,"enemies":"Slime Boss","floor":16.0,"turns":4.0},{"damage":0.0,"enemies":"Chosen","floor":18.0,"turns":4.0},{"damage":27.0,"enemies":"Spheric Guardian","floor":21.0,"turns":5.0},{"damage":0.0,"enemies":"Snake Plant","floor":22.0,"turns":4.0},{"damage":0.0,"enemies":"Book of Stabbing","floor":23.0,"turns":5.0},{"damage":21.0,"enemies":"conspire:SneckoGhost","floor":25.0,"turns":5.0},{"damage":8.0,"enemies":"conspire:HollyBat","floor":27.0,"turns":6.0},{"damage":0.0,"enemies":"Chosen and Byrds","floor":28.0,"turns":3.0},{"damage":0.0,"enemies":"Book of Stabbing","floor":29.0,"turns":2.0},{"damage":29.0,"enemies":"conspire:SneckoGhost","floor":31.0,"turns":5.0},{"damage":0.0,"enemies":"Collector","floor":33.0,"turns":3.0},{"damage":16.0,"enemies":"3 Shapes","floor":35.0,"turns":1.0},{"damage":6.0,"enemies":"3 Darklings","floor":36.0,"turns":1.0},{"damage":9.0,"enemies":"Jaw Worm Horde","floor":39.0,"turns":3.0},{"damage":0.0,"enemies":"R_Hoarder","floor":40.0,"turns":1.0},{"damage":12.0,"enemies":"Giant Head","floor":42.0,"turns":4.0},{"damage":6.0,"enemies":"Writhing Mass","floor":44.0,"turns":3.0},{"damage":12.0,"enemies":"Maw","floor":46.0,"turns":4.0},{"damage":0.0,"enemies":"Jaw Worm Horde","floor":47.0,"turns":1.0},{"damage":6.0,"enemies":"R_Hoarder","floor":48.0,"turns":4.0},{"damage":6.0,"enemies":"Mind Bloom Boss Battle","floor":49.0,"turns":4.0},{"damage":0.0,"enemies":"Awakened One","floor":50.0,"turns":6.0},{"damage":1.0,"enemies":"conspire:OrnateMirror","floor":51.0,"turns":3.0},{"damage":6.0,"enemies":"Shield and Spear","floor":55.0,"turns":1.0},{"damage":12,"enemies":"The Heart","floor":56,"turns":5}],"seed_played":"7734523048052592001","potions_obtained":[{"floor":8.0,"key":"Block Potion"},{"floor":11.0,"key":"SteroidPotion"},{"floor":16.0,"key":"FairyPotion"},{"floor":18.0,"key":"Weak Potion"},{"floor":22.0,"key":"Elixir"},{"floor":33.0,"key":"BlessingOfTheForge"},{"floor":36.0,"key":"Fruit Juice"},{"floor":37.0,"key":"FearPotion"},{"floor":37.0,"key":"Fire Potion"},{"floor":37.0,"key":"Block Potion"},{"floor":40.0,"key":"DDmod:CleansePotion"},{"floor":44.0,"key":"SteroidPotion"}],"is_trial":false,"path_per_floor":["M","M","M","M","?","R","E","M","T","E","M","M","?","E","R","B",null,"M","?","$","M","M","E","R","E","T","M","M","E","R","E","R","B",null,"M","M","?","AVR","M","E","?","E","T","M","R","M","M","E","R","B","B",null,"R","$","E","B",null],"character_chosen":"IRONCLAD","items_purchased":["aspiration:TomeofQuesting","Abandon","hubris:BottledRain","Feel No Pain","Regal Pillow","hubris:Reverence","Another Sword","DDmod:EasePowerCard","Medical Kit","Dark Embrace","Body Slam","BargainBundle","MerchantsRug","BloodPotion","GamblersBrew","SteroidPotion","Seeing Red","Poisoned Strike","conspire:GlowingRock","aspiration:StickyExplosives_weak","Membership Card","Crow Ritual","Second Wind","Swift Potion","War Paint","Milkshake"],"campfire_rested":0,"item_purchase_floors":[0,0,0,0,0,0,0,0,0,0,0,0,0,0,0,0,0,0,0,0,20,20,20,53,54,54],"current_hp_per_floor":[39,48,49,45,45,45,54,49,49,69,75,75,75,74,74,75,75,75,75,75,69,75,75,75,60,60,75,75,75,75,52,52,58,71,65,70,70,70,70,80,75,81,81,81,81,79,81,81,81,81,81,81,81,79,79,73],"gold":643,"neow_bonus":"","is_daily":false,"chose_seed":false,"campfire_upgraded":5,"win_rate":0.0,"timestamp":1610958020,"path_taken":["M","?","M","?","?","R","E","M","T","E","M","M","?","E","R","BOSS","M","?","?","M","M","E","R","E","T","?","?","E","R","E","R","BOSS","M","M","?","AVR","M","E","?","E","T","M","R","M","M","E","R","BOSS","BOSS","R","$","E","BOSS"],"items_purchased_type":["Relic","Card","Relic","Card","Relic","Relic","Relic","Card","Relic","Card","Card","Relic","Relic","Potion","Potion","Potion","Card","Card","Relic","Relic","Relic","Card","Card","Potion","Relic","Potion"],"build_version":"2020-12-22","purchased_purges":3,"victory":true,"max_hp_per_floor":[75,75,75,75,75,75,75,75,75,75,75,75,75,75,75,75,75,75,75,75,75,75,75,75,75,75,75,75,75,75,75,75,75,75,75,80,80,80,80,80,80,81,81,81,81,81,81,81,81,81,81,81,81,79,79,79],"relic_stats":{"Regal Pillow":0,"counters":[35,114],"Black Star":4,"War Paint":["Apotheosis","Second Wind"],"Orichalcum":[0],"Medical Kit":[38],"obtain_stats":[{"ReplayTheSpireMod:Ring of Exchange":37,"Regal Pillow":0,"aspiration:Lifesprig":40,"hubris:CrystalStatue":25,"SacredBark":37,"aspiration:TomeofQuesting":0,"Hammer of Thor":0,"King of Hearts":14,"Burning Blood":0,"aspiration:StickyExplosives_weak":0,"conspire:GlowingRock":0,"Replay:Bandana":55,"Iron Hammer":13,"InkBottle":9,"Potion Belt":37,"Gremlin Food":40,"conspire:Dentures":42,"MerchantsRug":0,"BargainBundle":0,"vexMod:ScavengeHelm":23,"aspiration:FetidBarrel":29,"ReplayTheSpireMod:Ring of Addiction":37,"Counterbalance":49,"vexMod:MysteryBossChallenge":34,"infinitespire:Beetle Shell":7,"Seething Fire":0,"War Paint":54,"Orichalcum":55,"Medical Kit":0,"aspiration:HiddenCompartment":48,"aspiration:FrozenJewel":42,"Anvil of the Gods":0,"infinitespire:Broken Mirror":43,"ChewingGum":17,"Another Sword":0,"hubris:TenFootPole":10,"ReplayTheSpireMod:TigerMarble":31,"Black Star":34,"Membership Card":20,"ReplayTheSpireMod:Lightbulb":48,"hubris:BottledRain":0,"hubris:Reverence":0},{"ReplayTheSpireMod:Ring of Exchange":23,"Regal Pillow":0,"aspiration:Lifesprig":25,"hubris:CrystalStatue":16,"SacredBark":23,"aspiration:TomeofQuesting":0,"Hammer of Thor":0,"King of Hearts":10,"Burning Blood":0,"aspiration:StickyExplosives_weak":0,"conspire:GlowingRock":0,"Replay:Bandana":34,"Iron Hammer":9,"InkBottle":6,"Potion Belt":23,"Gremlin Food":25,"conspire:Dentures":26,"MerchantsRug":0,"BargainBundle":0,"vexMod:ScavengeHelm":15,"aspiration:FetidBarrel":19,"ReplayTheSpireMod:Ring of Addiction":23,"Counterbalance":31,"vexMod:MysteryBossChallenge":21,"infinitespire:Beetle Shell":5,"Seething Fire":0,"War Paint":33,"Orichalcum":34,"Medical Kit":0,"aspiration:HiddenCompartment":30,"aspiration:FrozenJewel":26,"Anvil of the Gods":0,"infinitespire:Broken Mirror":26,"ChewingGum":11,"Another Sword":0,"hubris:TenFootPole":7,"ReplayTheSpireMod:TigerMarble":20,"Black Star":21,"Membership Card":12,"ReplayTheSpireMod:Lightbulb":30,"hubris:BottledRain":0,"hubris:Reverence":0},{"ReplayTheSpireMod:Ring of Exchange":76,"Regal Pillow":0,"aspiration:Lifesprig":80,"hubris:CrystalStatue":55,"SacredBark":76,"aspiration:TomeofQuesting":0,"Hammer of Thor":0,"King of Hearts":30,"Burning Blood":0,"aspiration:StickyExplosives_weak":0,"conspire:GlowingRock":0,"Replay:Bandana":109,"Iron Hammer":27,"InkBottle":18,"Potion Belt":76,"Gremlin Food":80,"conspire:Dentures":84,"MerchantsRug":0,"BargainBundle":0,"vexMod:ScavengeHelm":50,"aspiration:FetidBarrel":66,"ReplayTheSpireMod:Ring of Addiction":76,"Counterbalance":99,"vexMod:MysteryBossChallenge":74,"infinitespire:Beetle Shell":15,"Seething Fire":0,"War Paint":108,"Orichalcum":109,"Medical Kit":0,"aspiration:HiddenCompartment":95,"aspiration:FrozenJewel":84,"Anvil of the Gods":0,"infinitespire:Broken Mirror":84,"ChewingGum":34,"Another Sword":0,"hubris:TenFootPole":23,"ReplayTheSpireMod:TigerMarble":71,"Black Star":74,"Membership Card":37,"ReplayTheSpireMod:Lightbulb":95,"hubris:BottledRain":0,"hubris:Reverence":0}],"Burning Blood":129,"InkBottle":[64]},"card_choices":[{"not_picked":["Replay:Undeath\u0027s Touch","Anger","ReplayTheSpireMod:LeadingStrike"],"picked":"SKIP","floor":1.0},{"not_picked":["Thunderclap","DDmod:EasePowerCard"],"picked":"Entrench","floor":2.0},{"not_picked":["Dropkick","hubris:CleavingFinish"],"picked":"Whirlwind","floor":3.0},{"not_picked":["Run Through","True Grit","Perfected Strike"],"picked":"SKIP","floor":4.0},{"not_picked":["hubris:CleavingFinish","Metallicize","Shrug It Off"],"picked":"SKIP","floor":7.0},{"not_picked":["Twin Strike","Dark Embrace","Clothesline"],"picked":"SKIP","floor":8.0},{"not_picked":["Inflame","Limit Break","DDmod:PokeAttack"],"picked":"SKIP","floor":10.0},{"not_picked":["Clothesline","Body Slam","Heavy Blade"],"picked":"SKIP","floor":11.0},{"not_picked":["Reckless Charge","Body Slam"],"picked":"ReplayReversal","floor":12.0},{"not_picked":["Shrug It Off","Whirlwind","ReplayTheSpireMod:Limb From Limb"],"picked":"SKIP","floor":14.0},{"not_picked":["Bludgeon","Limit Break"],"picked":"hubris:StunningStrike","floor":16.0},{"not_picked":["Warcry","True Grit","Heavy Blade"],"picked":"SKIP","floor":18.0},{"not_picked":["Twin Strike","Perfected Strike"],"picked":"Warcry+1","floor":21.0},{"not_picked":["Bludgeon","hubris:ReadiedAction+1","Feel No Pain"],"picked":"SKIP","floor":22.0},{"not_picked":["Havoc","Sword Boomerang","Run Through"],"picked":"SKIP","floor":23.0},{"not_picked":["Anger","DDmod:CallousedSkill+1"],"picked":"DDmod:AllInSkill","floor":25.0},{"not_picked":["Flex","Warcry","Shrug It Off"],"picked":"SKIP","floor":27.0},{"not_picked":["ReplayTheSpireMod:LeadingStrike","Cleave","Dual Wield+1"],"picked":"SKIP","floor":28.0},{"not_picked":["Abandon","True Grit+1"],"picked":"Exhume","floor":29.0},{"not_picked":["DDmod:CallousedSkill","Defy Death","DDmod:BurningFumesPowerCard"],"picked":"SKIP","floor":31.0},{"not_picked":["Limit Break","DDmod:GrandUltimatumAttack"],"picked":"Offering","floor":33.0},{"not_picked":["hubris:ReadiedAction+1","Combust+1","Clothesline"],"picked":"SKIP","floor":35.0},{"not_picked":["Rage","Warcry"],"picked":"Power Through","floor":36.0},{"not_picked":["Whirlwind","Clash+1","DDmod:SpikeInjectionSkill"],"picked":"SKIP","floor":39.0},{"not_picked":["Reckless Charge","Run Through+1","Clothesline"],"picked":"SKIP","floor":40.0},{"not_picked":["Reckless Charge","Run Through+1","Clothesline"],"picked":"SKIP","floor":40.0},{"not_picked":["Finesse","Blind"],"picked":"Trip","floor":41.0},{"not_picked":["Metamorphosis","Chrysalis"],"picked":"Apotheosis","floor":41.0},{"not_picked":["Inflame","Body Slam+1","Wild Strike"],"picked":"SKIP","floor":42.0},{"not_picked":["Run Through","Battle Trance+1","Sever Soul"],"picked":"SKIP","floor":44.0},{"not_picked":["hubris:SharpeningStone+1","Life Link","Sever Soul+1"],"picked":"SKIP","floor":46.0},{"not_picked":["Cleave","Wild Strike","Flame Barrier+1"],"picked":"SKIP","floor":47.0},{"not_picked":["hubris:StunningStrike","Carnage","Replay:Undeath\u0027s Touch"],"picked":"SKIP","floor":48.0},{"not_picked":["Ghostly Armor+1","ReplayTheSpireMod:Strike From Hell"],"picked":"Flame Barrier","floor":55.0}],"player_experience":834607,"relics_obtained":[{"floor":7.0,"key":"infinitespire:Beetle Shell"},{"floor":9.0,"key":"InkBottle"},{"floor":10.0,"key":"hubris:TenFootPole"},{"floor":14.0,"key":"King of Hearts"},{"floor":23.0,"key":"vexMod:ScavengeHelm"},{"floor":25.0,"key":"hubris:CrystalStatue"},{"floor":29.0,"key":"aspiration:FetidBarrel"},{"floor":31.0,"key":"ReplayTheSpireMod:TigerMarble"},{"floor":37.0,"key":"ReplayTheSpireMod:Ring of Addiction"},{"floor":37.0,"key":"ReplayTheSpireMod:Ring of Exchange"},{"floor":37.0,"key":"Potion Belt"},{"floor":37.0,"key":"SacredBark"},{"floor":40.0,"key":"Gremlin Food"},{"floor":40.0,"key":"aspiration:Lifesprig"},{"floor":42.0,"key":"conspire:Dentures"},{"floor":42.0,"key":"aspiration:FrozenJewel"},{"floor":43.0,"key":"infinitespire:Broken Mirror"},{"floor":48.0,"key":"aspiration:HiddenCompartment"},{"floor":48.0,"key":"ReplayTheSpireMod:Lightbulb"},{"floor":49.0,"key":"Counterbalance"},{"floor":55.0,"key":"Orichalcum"},{"floor":55.0,"key":"Replay:Bandana"}],"event_choices":[{"damage_healed":0.0,"max_hp_gain":0.0,"max_hp_loss":0.0,"gold_gain":0.0,"event_name":"Big Fish","player_choice":"Box","floor":13.0,"gold_loss":0.0,"damage_taken":0.0,"relics_obtained":["Iron Hammer"],"cards_obtained":["Regret"]},{"damage_healed":0.0,"max_hp_gain":0.0,"max_hp_loss":0.0,"gold_gain":0.0,"event_name":"Upgrade Shrine","player_choice":"Upgraded","floor":19.0,"gold_loss":0.0,"damage_taken":0.0,"cards_upgraded":["Body Slam"]},{"damage_healed":0.0,"max_hp_gain":0.0,"max_hp_loss":0.0,"gold_gain":0.0,"event_name":"SensoryStone","player_choice":"Memory 3","floor":41.0,"gold_loss":0.0,"damage_taken":10.0},{"damage_healed":0.0,"max_hp_gain":0.0,"max_hp_loss":0.0,"gold_gain":0.0,"event_name":"MindBloom","player_choice":"Fight","floor":49.0,"gold_loss":0.0,"damage_taken":0.0}],"is_beta":false,"boss_relics":[{"not_picked":["Electric Blood","vexMod:BigBerry"],"picked":"ChewingGum"},{"not_picked":["vexMod:TanglingVine","aspiration:FutureDiary"],"picked":"vexMod:MysteryBossChallenge"}],"items_purged_floors":[0,53,54],"is_endless":false,"potions_floor_spawned":[3,4,8,10,11,16,18,22,23,27,28,33,35,36,40,44],"ascension_level":20}}