{"host":"m4zn6rtsd36lrr22","time":1610962358,"event":{"mods":["2.2 Compatiblity","Act Like it!","BaseMod","Better Synergies","CapriCore","Colored Map","Custom Start","Gensokyo","GungeonMod","HololiveMod","Ironclad Rager","Lobotomy","LobotomyExtend","Luminous","Minty Spire (QoL Compilation)","Permanent Neow","Prisma Mod","Quick Restart","Rare Cards Sparkle","Reimu（博丽灵梦）","Relic Stats","Remilia（蕾米莉亚）","Replay The Spire","RumiaBox-露米娅的神秘盒子","Ryuuou龙王","Shop Mod","Spicy Shops","StSLib","The Animator","The Immortal","The Senshi","Waifu the Spire","WarShipGirlsR/战舰少女R mod","【功能Mod】混沌之环修复补丁"],"gold_per_floor":[114,129,129,146,146,173,173,186,265,42,42,42,53,71,71,171,171,688,888,907,907,832,867,867,867,867],"floor_reached":25,"language":"ZHS","playtime":1532,"items_purged":["Yesod"],"score":246,"play_id":"130a925a-75b0-4544-99bb-cc3459267503","local_time":"20210118173238","is_ascension_mode":false,"campfire_choices":[],"circlet_count":0,"master_deck":["SpecialBullet","SpecialBullet","SpecialBullet","SpecialBullet","SpecialBullet","SpecialBullet","SpecialBullet","SpecialBullet","InformationCode","DisciplinaryCode","RecordCode","WristCuter","Penitence","Horn","SecurityCode","Reverberation","DaCapo","Regret_ego+1","ControlCode"],"relics":["CogitoBucket","RabbitCall","NeowsBlessing","LetterFromLob","Oddly Smooth Stone","Chemical X","Art of War","Fusion Hammer","MoreBug"],"acts_visited":["Gensokyo:Gensokyo","Gensokyo:Gensokyoer"],"potions_floor_usage":[16,16],"damage_taken":[{"damage":0,"enemies":"Gensokyo:3_Fairies","floor":1,"turns":1},{"damage":0,"enemies":"Gensokyo:Python","floor":2,"turns":1},{"damage":0,"enemies":"Gensokyo:Gryphon","floor":4,"turns":1},{"damage":52,"enemies":"Gensokyo:Cirno","floor":6,"turns":7},{"damage":0,"enemies":"Gensokyo:Python_and_Kodama","floor":8,"turns":5},{"damage":16,"enemies":"Gensokyo:CorruptedTreant","floor":13,"turns":5},{"damage":12,"enemies":"Gensokyo:Gryphon_and_Rabbit","floor":14,"turns":7},{"damage":18,"enemies":"Gensokyo:Yukari","floor":16,"turns":17},{"damage":32,"enemies":"Gensokyo:AngelMirror","floor":18,"turns":6},{"damage":20,"enemies":"Gensokyo:Chomper","floor":20,"turns":4},{"damage":26,"enemies":"Gensokyo:Koishi","floor":23,"turns":6},{"damage":32,"enemies":"Gensokyo:Swordslinger","floor":25,"turns":2}],"seed_played":"-4980035482183855491","potions_obtained":[{"floor":4,"key":"SkillPotion"},{"floor":13,"key":"Regen Potion"},{"floor":14,"key":"ZuzhouPotion:ReiMu"},{"floor":16,"key":"Weak Potion"},{"floor":20,"key":"Adrenaline Potion"}],"is_trial":false,"path_per_floor":["M","M","?","M","?","E","M","M","T","COS","R","$","M","M","R","B",null,"M","?","M","?","$","E","R","M"],"character_chosen":"Angela","items_purchased":[],"campfire_rested":0,"item_purchase_floors":[],"current_hp_per_floor":[70,70,70,70,70,25,25,30,30,30,30,30,25,21,21,29,70,49,49,43,43,43,31,31,0,0],"gold":867,"neow_bonus":"THREE_ENEMY_KILL","is_daily":false,"chose_seed":false,"campfire_upgraded":0,"win_rate":0.0,"timestamp":1610962358,"path_taken":["M","M","?","M","?","E","?","M","T","COS","R","$","M","M","R","BOSS","M","?","M","?","$","E","R","M"],"items_purchased_type":[],"build_version":"2020-12-22","purchased_purges":1,"victory":false,"max_hp_per_floor":[70,70,70,70,70,70,70,70,70,70,70,70,70,70,70,70,70,70,70,70,70,70,70,70,70,70],"relic_stats":{"counters":[14,64],"Art of War":[6],"Chemical X":[15],"obtain_stats":[{"MoreBug":23,"RabbitCall":0,"Frozen Eye":23,"CogitoBucket":0,"NeowsBlessing":0,"Oddly Smooth Stone":6,"DemoMod:GlassGuonStoneRelic":4,"Fusion Hammer":17,"LetterFromLob":1,"Art of War":16,"Chemical X":10},{"MoreBug":12,"RabbitCall":0,"Frozen Eye":11,"CogitoBucket":0,"NeowsBlessing":0,"Oddly Smooth Stone":4,"DemoMod:GlassGuonStoneRelic":3,"Fusion Hammer":9,"LetterFromLob":1,"Art of War":9,"Chemical X":5},{"MoreBug":61,"RabbitCall":0,"Frozen Eye":55,"CogitoBucket":0,"NeowsBlessing":0,"Oddly Smooth Stone":10,"DemoMod:GlassGuonStoneRelic":3,"Fusion Hammer":45,"LetterFromLob":1,"Art of War":33,"Chemical X":15}]},"card_choices":[{"not_picked":["LifeForTheDareDevil","BlueScar"],"picked":"SKIP","floor":1},{"not_picked":["SomewhereSpear"],"picked":"WristCuter","floor":2},{"not_picked":["WristCuter"],"picked":"ShedSkin","floor":3},{"not_picked":["Horn"],"picked":"Penitence","floor":3},{"not_picked":["Lantern"],"picked":"Soda","floor":4},{"not_picked":["Loneliness","Twilight"],"picked":"SKIP","floor":6},{"not_picked":["SomewhereSpear"],"picked":"Horn","floor":8},{"not_picked":["Noise","Pleasure"],"picked":"SKIP","floor":13},{"not_picked":["BlackSwan_ego"],"picked":"Reverberation","floor":14},{"not_picked":["TheSmile"],"picked":"DaCapo","floor":16},{"not_picked":["SomewhereSpear","FrostShard+1"],"picked":"SKIP","floor":18},{"not_picked":["Lantern"],"picked":"Regret_ego+1","floor":19},{"not_picked":["TodaysExpression","BloodyDesire"],"picked":"SKIP","floor":20},{"not_picked":["Beak","FrostShard"],"picked":"SKIP","floor":23}],"player_experience":314486,"relics_obtained":[{"floor":1,"key":"LetterFromLob"},{"floor":6,"key":"Oddly Smooth Stone"},{"floor":23,"key":"MoreBug"}],"event_choices":[],"is_beta":false,"boss_relics":[{"not_picked":["Kintsugi","Replay:Drink Me"],"picked":"Fusion Hammer"}],"items_purged_floors":[22],"is_endless":false,"potions_floor_spawned":[4,13,14,16,20,23],"killed_by":"Gensokyo:Swordslinger","ascension_level":0}}