{"host":"tf5skwcwe0vlu2md","time":1610979774,"event":{"mods":["BaseMod","Downfall","Highlight Path","Minty Spire (QoL Compilation)","StSLib","The Hierophant"],"gold_per_floor":[109,109,119,132,152,187,200,200,251,251,270,233,42,86,86,216,216,234,259,277,298,319,319,319],"floor_reached":23,"playtime":1389,"items_purged":["Injury"],"score":257,"play_id":"0e2fe5bc-dcd7-4f40-bc1f-61f8a01307c6","local_time":"20210119012254","is_ascension_mode":false,"campfire_choices":[{"data":"Eruption","floor":8,"key":"SMITH"},{"data":"Conclude","floor":15,"key":"SMITH"}],"circlet_count":0,"master_deck":["Strike_P","Strike_P","Strike_P","Strike_P","Defend_P","Defend_P","Defend_P","Defend_P","Eruption+1","Vigilance","expansioncontent:Hexaburn+1","Protect","Conclude+1","FollowUp","Vengeance","ReachHeaven","FlurryOfBlows","Swivel","Wallop","Vault","Scrawl","FlyingSleeves","EmptyFist+1","Judgement"],"relics":["PureWater","Anchor","Golden Idol","Matryoshka","VioletLotus"],"acts_visited":["TheCity"],"potions_floor_usage":[6,6,19,20,22,23],"damage_taken":[{"damage":4,"enemies":"Small Slimes","floor":1,"turns":4},{"damage":0,"enemies":"Cultist","floor":3,"turns":2},{"damage":4,"enemies":"Jaw Worm","floor":4,"turns":5},{"damage":0,"enemies":"Gremlin Gang","floor":5,"turns":3},{"damage":33,"enemies":"3 Sentries","floor":6,"turns":6},{"damage":0,"enemies":"Large Slime","floor":7,"turns":5},{"damage":0,"enemies":"2 Fungi Beasts","floor":11,"turns":1},{"damage":13,"enemies":"Lagavulin","floor":14,"turns":5},{"damage":0,"enemies":"Slime Boss","floor":16,"turns":5},{"damage":14,"enemies":"2 Thieves","floor":18,"turns":4},{"damage":0,"enemies":"Chosen","floor":19,"turns":5},{"damage":19,"enemies":"3 Cultists","floor":20,"turns":3},{"damage":0,"enemies":"Snecko","floor":21,"turns":3},{"damage":9,"enemies":"Snake Plant","floor":22,"turns":6},{"damage":45,"enemies":"Book of Stabbing","floor":23,"turns":4}],"seed_played":"-3449448971281919533","potions_obtained":[{"floor":1,"key":"PowerPotion"},{"floor":5,"key":"SpeedPotion"},{"floor":7,"key":"ColorlessPotion"},{"floor":11,"key":"DistilledChaos"},{"floor":20,"key":"Explosive Potion"},{"floor":21,"key":"Guardian:BlockOnCardUsePotion"}],"is_trial":false,"path_per_floor":["M","?","M","M","M","E","M","R","T","?","M","?","$","E","R","B",null,"M","M","M","M","M","E"],"character_chosen":"WATCHER","items_purchased":["Swivel","Wallop"],"campfire_rested":0,"item_purchase_floors":[13,13],"current_hp_per_floor":[68,68,68,64,64,31,31,31,31,31,31,31,31,18,18,18,72,58,58,39,39,30,0,0],"gold":319,"neow_bonus":"RANDOM_COLORLESS","is_daily":false,"chose_seed":false,"campfire_upgraded":2,"win_rate":0.0,"timestamp":1610979774,"path_taken":["M","?","?","M","M","E","?","R","T","?","M","?","?","E","R","BOSS","M","M","M","?","?","E"],"items_purchased_type":["Card","Card"],"build_version":"2020-12-13","purchased_purges":1,"victory":false,"max_hp_per_floor":[72,72,72,72,72,72,72,72,72,72,72,72,72,72,72,72,72,72,72,72,72,72,72,72],"card_choices":[{"not_picked":["Enlightenment","expansioncontent:SlimeTackle"],"picked":"expansioncontent:Hexaburn","floor":0},{"not_picked":["ThirdEye","WaveOfTheHand"],"picked":"Protect","floor":1},{"not_picked":["Meditate","Consecrate"],"picked":"Conclude","floor":3},{"not_picked":["Wireheading","PathToVictory"],"picked":"FollowUp","floor":4},{"not_picked":["ClearTheMind","PathToVictory","JustLucky"],"picked":"SKIP","floor":5},{"not_picked":["CrushJoints","Pray"],"picked":"Vengeance","floor":6},{"not_picked":["CrushJoints","EmptyFist"],"picked":"ReachHeaven","floor":7},{"not_picked":["Evaluate","JustLucky"],"picked":"FlurryOfBlows","floor":11},{"not_picked":["EmptyFist","WheelKick"],"picked":"Vault","floor":14},{"not_picked":["Brilliance","SpiritShield"],"picked":"Scrawl","floor":16},{"not_picked":["JustLucky+1","CutThroughFate"],"picked":"FlyingSleeves","floor":18},{"not_picked":["CrushJoints","Swivel"],"picked":"EmptyFist+1","floor":19},{"not_picked":["EmptyBody+1","ForeignInfluence"],"picked":"Judgement","floor":20},{"not_picked":["PathToVictory","ClearTheMind","FollowUp"],"picked":"SKIP","floor":21},{"not_picked":["EmptyBody+1","FlurryOfBlows","CarveReality"],"picked":"SKIP","floor":22}],"player_experience":207743,"relics_obtained":[{"floor":6,"key":"Anchor"},{"floor":14,"key":"Matryoshka"}],"event_choices":[{"damage_healed":0,"gold_gain":0,"player_choice":"Upgraded","damage_taken":0,"max_hp_gain":0,"max_hp_loss":0,"event_name":"Upgrade Shrine","floor":2,"gold_loss":0,"cards_upgraded":["expansioncontent:Hexaburn"]},{"damage_healed":0,"gold_gain":0,"player_choice":"Take Wound","damage_taken":0,"relics_obtained":["Golden Idol"],"max_hp_gain":0,"max_hp_loss":0,"event_name":"Golden Idol","floor":10,"gold_loss":0,"cards_obtained":["Injury"]},{"damage_healed":0,"gold_gain":0,"player_choice":"Left Gold","damage_taken":0,"max_hp_gain":0,"max_hp_loss":0,"event_name":"World of Goop","floor":12,"gold_loss":37}],"is_beta":false,"boss_relics":[{"not_picked":["Snecko Eye","SlaversCollar"],"picked":"VioletLotus"}],"items_purged_floors":[13],"is_endless":false,"potions_floor_spawned":[1,5,7,11,20,21],"killed_by":"Book of Stabbing","ascension_level":0}}