{"host":"h4qgcirtxz6qax9j","time":1610988658,"event":{"mods":["AchievementEnabler","BaseMod","Colored Powertips","Hermit","Minty Spire (QoL Compilation)","StSLib","SuperFastMode","The Runesmith","The Servant 0.9.4"],"gold_per_floor":[113,113,127,100,100,100,126,136,136,153,116,132,144,159,159,261,311,326,343,343,310,310,310,325,325,325],"floor_reached":25,"language":"KOR","playtime":796,"items_purged":[],"score":230,"play_id":"32f415e0-c487-4209-acd2-e4a964e4e5eb","local_time":"20210119015058","is_ascension_mode":false,"campfire_choices":[{"data":"Runesmith:CraftFirestone","floor":6,"key":"SMITH"},{"floor":15,"key":"REST"},{"floor":23,"key":"REST"}],"circlet_count":0,"master_deck":["Runesmith:Strike_RS+1","Runesmith:Strike_RS","Runesmith:Strike_RS","Runesmith:Strike_RS","Runesmith:Defend_RS","Runesmith:Defend_RS","Runesmith:Defend_RS","Runesmith:Defend_RS","Runesmith:CraftFirestone+1","Runesmith:Fortify","Runesmith:CraftMagma+1","Runesmith:Permafrost","Runesmith:Repurpose","Runesmith:FrozenChisel","Runesmith:BackupBattery","Runesmith:ChiselStab","Runesmith:HeatedChisel","Runesmith:HammerThrow","Runesmith:FieryHammer","Runesmith:Duplicate","Runesmith:ArcReactor","Runesmith:Firewall","Runesmith:CraftMagma","Runesmith:Firestorm","Runesmith:Duplicate"],"relics":["Runesmith:BrokenRuby","NeowsBlessing","The Courier","Nunchaku","Tiny House","Bird Faced Urn"],"acts_visited":["Exordium","TheCity"],"potions_floor_usage":[25,25],"damage_taken":[{"damage":0,"enemies":"Cultist","floor":1,"turns":1},{"damage":0,"enemies":"2 Louse","floor":3,"turns":2},{"damage":0,"enemies":"3 Sentries","floor":7,"turns":2},{"damage":8,"enemies":"Jaw Worm","floor":8,"turns":6},{"damage":0,"enemies":"Blue Slaver","floor":10,"turns":4},{"damage":15,"enemies":"Exordium Thugs","floor":12,"turns":4},{"damage":18,"enemies":"Lots of Slimes","floor":13,"turns":5},{"damage":12,"enemies":"Looter","floor":14,"turns":3},{"damage":23,"enemies":"Hexaghost","floor":16,"turns":11},{"damage":25,"enemies":"Shell Parasite","floor":18,"turns":7},{"damage":15,"enemies":"2 Thieves","floor":19,"turns":4},{"damage":44,"enemies":"Shelled Parasite and Fungi","floor":24,"turns":8},{"damage":34,"enemies":"Cultist and Chosen","floor":25,"turns":4}],"seed_played":"-1636871138335749739","potions_obtained":[{"floor":7,"key":"SkillPotion"},{"floor":10,"key":"Swift Potion"},{"floor":12,"key":"DuplicationPotion"}],"is_trial":false,"path_per_floor":["M","$","M","$","?","R","E","M","T","M","$","M","M","M","R","B",null,"M","M","?","$","?","R","M","M"],"character_chosen":"RUNESMITH_CLASS","items_purchased":["Runesmith:Repurpose","Runesmith:HeatedChisel","Runesmith:Firestorm"],"campfire_rested":2,"item_purchase_floors":[4,11,21],"current_hp_per_floor":[70,70,70,70,75,75,75,67,67,67,67,52,34,22,44,21,80,55,40,40,40,40,64,26,0,0],"gold":325,"neow_bonus":"THREE_ENEMY_KILL","is_daily":false,"chose_seed":false,"campfire_upgraded":1,"win_rate":0.0,"timestamp":1610988658,"path_taken":["M","$","M","?","?","R","E","M","T","M","$","M","M","M","R","BOSS","M","M","?","?","?","R","M","M"],"items_purchased_type":["Card","Card","Card"],"build_version":"2020-12-22","purchased_purges":0,"victory":false,"max_hp_per_floor":[70,70,70,70,75,75,75,75,75,75,75,75,75,75,75,75,80,80,80,80,80,80,80,80,80,80],"card_choices":[{"not_picked":["Runesmith:ChiselStab","Runesmith:WhiteBalance"],"picked":"Runesmith:CraftMagma","floor":1},{"not_picked":["Runesmith:CraftReservo","Runesmith:CraftObretio"],"picked":"Runesmith:Permafrost","floor":3},{"not_picked":["Runesmith:Overpower","Runesmith:CraftProtectio"],"picked":"Runesmith:FrozenChisel","floor":7},{"not_picked":["Runesmith:CraftMagma","Runesmith:RuneHurl"],"picked":"Runesmith:BackupBattery","floor":8},{"not_picked":["Runesmith:Grindstone","Runesmith:LithiumIon"],"picked":"Runesmith:ChiselStab","floor":10},{"not_picked":["Runesmith:Overpower","Runesmith:Superposition"],"picked":"Runesmith:HammerThrow","floor":12},{"not_picked":["Runesmith:Permafrost","Runesmith:HeatExchange"],"picked":"Runesmith:FieryHammer","floor":13},{"not_picked":["Runesmith:ShiftingStrike","Runesmith:Firewall"],"picked":"Runesmith:Duplicate","floor":14},{"not_picked":["Runesmith:ReplicatingBarrier","Runesmith:Duplicate"],"picked":"Runesmith:ArcReactor","floor":16},{"not_picked":["Runesmith:Reinforce","Runesmith:ShiftingStrike"],"picked":"Runesmith:Firewall","floor":17},{"not_picked":["Runesmith:UnstableHammer","Runesmith:RuneHurl"],"picked":"Runesmith:CraftMagma","floor":18},{"not_picked":["Runesmith:HeatExchange","Runesmith:ElementalConversion","Runesmith:Augment"],"picked":"SKIP","floor":19},{"not_picked":["Runesmith:FrozenChisel+1","Runesmith:Grindstone"],"picked":"Runesmith:Duplicate","floor":24}],"player_experience":67863,"relics_obtained":[{"floor":7,"key":"The Courier"},{"floor":9,"key":"Nunchaku"}],"event_choices":[{"damage_healed":0,"gold_gain":0,"player_choice":"Donut","damage_taken":0,"max_hp_gain":5,"max_hp_loss":0,"event_name":"Big Fish","floor":5,"gold_loss":0},{"damage_healed":0,"gold_gain":0,"player_choice":"Forge","damage_taken":0,"max_hp_gain":0,"max_hp_loss":0,"event_name":"Accursed Blacksmith","floor":20,"gold_loss":0,"cards_upgraded":["Runesmith:CraftMagma"]},{"damage_healed":0,"gold_gain":0,"player_choice":"Opened","damage_taken":0,"relics_obtained":["Bird Faced Urn"],"max_hp_gain":0,"max_hp_loss":0,"event_name":"The Mausoleum","floor":22,"gold_loss":0}],"is_beta":false,"boss_relics":[{"not_picked":["Snecko Eye","Astrolabe"],"picked":"Tiny House"}],"items_purged_floors":[],"is_endless":false,"potions_floor_spawned":[7,10,12,16,18],"killed_by":"Cultist and Chosen","ascension_level":0}}