{"host":"w05x4i13f2m9joq1","time":1610939020,"event":{"mods":["Act Like it!","Bard","BaseMod","Better Altar","Better Match","Better Note","Better Sensory Stone","Better Skull","Better Third Choice","BetterRewards","Colored Map","Colored Powertips","Duelist Mod","GifTheSpireLib","Googly Eyes","Ironclad Rager","Lobotomy","LobotomyExtend","Marisa????????","Minty Spire (QoL Compilation)","Replay The Spire","Spire Birthday Party","StSLib","The Bug Knight","The Construct","The Hierophant","The IronCluck","The Mystic","TheBandit","everything is the same but u backflip on backflip","slay the spire mod where everything is the same but ironclad has a cowboy hat"],"gold_per_floor":[242,257,257,257,257,290,290,290,316,53,87,87,102,112,112,215,215,231,244,92,32,47,82,82,95,122,122,43,76,94,94,94,194,194,209,209,209,56,74,108,108,108,155,155,170,170,184,197,197,197],"floor_reached":51,"language":"ENG","playtime":3159,"items_purged":["theDuelist:Sparks","Wraith"],"score":1008,"play_id":"f0a23678-0b8a-4553-accc-5b8d53052e31","local_time":"20210117220340","is_ascension_mode":true,"campfire_choices":[{"data":"theDuelist:ToonWorld","floor":7,"key":"SMITH"},{"floor":15,"key":"REST"},{"data":"theDuelist:ToonWorld+1","floor":24,"key":"PURGE"},{"floor":27,"key":"REST"},{"floor":32,"key":"REST"},{"data":"theDuelist:ToonMagic","floor":41,"key":"SMITH"},{"data":"theDuelist:TrapHole","floor":44,"key":"SMITH"},{"data":"theDuelist:AncientGearFist+1","floor":46,"key":"SMITH"},{"data":"theDuelist:ToonTable","floor":49,"key":"SMITH"}],"circlet_count":1,"master_deck":["Dazed","theDuelist:ToonBarrelDragon+1","theDuelist:AncientGearFist+2","theDuelist:ToonKingdom+1","theDuelist:Sparks","theDuelist:CastleWalls","theDuelist:MagicCylinder","theDuelist:ToonMermaid","theDuelist:ToonDarkMagicianGirl+1","theDuelist:ToonCannonSoldier","theDuelist:ToonGeminiElf+1","theDuelist:BlueEyesToon","theDuelist:ToonTable+1","theDuelist:ToonMagic+1","theDuelist:RedEyesToon","theDuelist:ToonTable+1","theDuelist:ForbiddenLance+1","theDuelist:ToonAncientGear","theDuelist:ToonAncientGear","theDuelist:TrapHole+1","theDuelist:ToonAncientGear","theDuelist:FlyingSaucer","theDuelist:ToonMask","theDuelist:CastleWalls","theDuelist:ToonDarkMagicianGirl","theDuelist:ToonSummonedSkull+1","theDuelist:RedEyesToon","theDuelist:MangaRyuRan","theDuelist:ToonMermaid","theDuelist:ToonMermaid"],"relics":["theDuelist:MillenniumPuzzle","theDuelist:CardPoolRelic","theDuelist:CardPoolBasicRelic","theDuelist:BoosterPackPoolRelic","theDuelist:CardPoolAddRelic","theDuelist:CardPoolMinusRelic","theDuelist:CardPoolSaveRelic","theDuelist:CardPoolOptionsRelic","LetterFromLob","theDuelist:MillenniumArmor","Lizard Tail","Heaven_r","Lantern","Happy Flower","King of Hearts","Inserter","theDuelist:MillenniumSymbol","Replay:Multitool","Pen Nib","theDuelist:MerchantPendant","theDuelist:MonsterEggRelic","Snecko Scales","Pet Ghost","Replay:Rubber Ducky","Circlet"],"acts_visited":["Exordium","TheCity","TheBeyond"],"potions_floor_usage":[29,29,29,51,51],"damage_taken":[{"damage":11,"enemies":"2 Louse","floor":1,"turns":4},{"damage":15,"enemies":"Jaw Worm","floor":2,"turns":3},{"damage":12,"enemies":"3 Sentries","floor":6,"turns":5},{"damage":35,"enemies":"Gremlin Nob","floor":8,"turns":3},{"damage":0,"enemies":"Gremlin Nob","floor":11,"turns":3},{"damage":1,"enemies":"Small Slimes","floor":13,"turns":3},{"damage":0,"enemies":"3 Louse","floor":14,"turns":3},{"damage":12,"enemies":"Fading Forest","floor":16,"turns":11},{"damage":18,"enemies":"2 Thieves","floor":18,"turns":5},{"damage":14,"enemies":"Snake Plant","floor":19,"turns":4},{"damage":14,"enemies":"Snecko","floor":22,"turns":5},{"damage":13,"enemies":"Book of Stabbing","floor":23,"turns":6},{"damage":0,"enemies":"Chosen and Byrds","floor":25,"turns":4},{"damage":23,"enemies":"Gremlin Leader","floor":29,"turns":6},{"damage":0,"enemies":"Cultist and Chosen","floor":30,"turns":3},{"damage":0,"enemies":"Champ","floor":33,"turns":8},{"damage":0,"enemies":"Orb Walker","floor":35,"turns":3},{"damage":0,"enemies":"3 Shapes","floor":39,"turns":2},{"damage":0,"enemies":"Giant Head","floor":40,"turns":6},{"damage":0,"enemies":"Writhing Mass","floor":45,"turns":2},{"damage":0,"enemies":"3 Darklings","floor":47,"turns":3},{"damage":0,"enemies":"Transient","floor":48,"turns":5},{"damage":0,"enemies":"Donu and Deca","floor":50,"turns":4},{"damage":38,"enemies":"Malkuth","floor":51,"turns":6},{"damage":0,"enemies":"Hod","floor":51,"turns":6}],"seed_played":"-4661460865085370056","potions_obtained":[{"floor":1,"key":"FearPotion"},{"floor":6,"key":"Block Potion"},{"floor":14,"key":"Cursed Concoction"},{"floor":23,"key":"Energy Potion"},{"floor":35,"key":"theDuelist:WhiteBottle"},{"floor":39,"key":"theDuelist:DestructPotionPotB"},{"floor":48,"key":"construct:ShiftPotion"}],"is_trial":false,"path_per_floor":["M","M","?","?","?","E","R","E","T","$","E","?","M","M","R_BF","B",null,"M","M","$","?","M","E","R","M","T","R","$","E","M","?","R","B",null,"M","?","?","$","M","E","R","$","T","R","M","R","M","M","R","B",null],"character_chosen":"THE_DUELIST","items_purchased":["theDuelist:ToonDarkMagicianGirl","Happy Flower","theDuelist:ToonCannonSoldier","theDuelist:MillenniumSymbol","theDuelist:MerchantPendant","theDuelist:ToonMagic","theDuelist:RedEyesToon"],"campfire_rested":3,"item_purchase_floors":[10,10,10,20,28,28,38],"current_hp_per_floor":[69,54,80,80,74,62,62,27,27,27,27,27,26,26,50,48,80,62,48,48,48,34,21,21,21,21,45,45,22,22,22,46,46,80,80,80,80,80,80,80,80,80,80,80,80,80,80,80,80,80],"gold":197,"neow_bonus":"HUNDRED_GOLD","is_daily":false,"chose_seed":false,"campfire_upgraded":5,"win_rate":0.0,"timestamp":1610939020,"path_taken":["M","M","?","?","?","E","R","E","T","$","E","?","M","M","R_BF","BOSS","M","?","$","?","M","E","R","M","T","R","?","E","M","?","R","BOSS","M","?","?","?","M","E","R","$","T","R","M","R","M","M","R","BOSS"],"items_purchased_type":["Card","Relic","Card","Relic","Relic","Card","Card"],"build_version":"2020-12-22","purchased_purges":2,"victory":true,"max_hp_per_floor":[80,80,80,80,80,80,80,80,80,80,80,80,80,80,80,80,80,80,80,80,80,80,80,80,80,80,80,80,80,80,80,80,80,80,80,80,80,80,80,80,80,80,80,80,80,80,80,80,80,80],"card_choices":[{"not_picked":["theDuelist:Terraforming","theDuelist:PowerGiant","theDuelist:JamBreeding","theDuelist:TimeSeal"],"picked":"theDuelist:BigFire","floor":1},{"not_picked":["theDuelist:ToonBarrelDragon","theDuelist:GiantTrunade","theDuelist:BlueEyesToon","theDuelist:TrapHole"],"picked":"theDuelist:ToonGeminiElf","floor":2},{"not_picked":["theDuelist:FlyingSaucer","theDuelist:RedEyesToon","theDuelist:SpellShatteringArrow","theDuelist:MangaRyuRan"],"picked":"theDuelist:ToonMermaid","floor":6},{"not_picked":["theDuelist:ToonMermaid","theDuelist:ToonBarrelDragon","theDuelist:SpellShatteringArrow","theDuelist:FlyingSaucer"],"picked":"theDuelist:ToonAncientGear","floor":11},{"not_picked":["theDuelist:DokiDoki","theDuelist:EarthquakeGiant","theDuelist:GolemSentry","theDuelist:LabyrinthWall","theDuelist:RainbowOverdragon"],"picked":"SKIP","floor":13},{"not_picked":["theDuelist:RedEyesToon","theDuelist:ToonBarrelDragon","theDuelist:FlyingSaucer","theDuelist:MangaRyuRan"],"picked":"theDuelist:ToonAncientGear","floor":14},{"not_picked":["theDuelist:FeatherShot","theDuelist:Mathematician","theDuelist:SmashingGround","theDuelist:SolemnStrike"],"picked":"theDuelist:MagicCylinder","floor":16},{"not_picked":["theDuelist:MangaRyuRan+1","theDuelist:ToonMermaid","theDuelist:ComicHand","theDuelist:ToonDarkMagician"],"picked":"theDuelist:ToonMask","floor":18},{"not_picked":["theDuelist:FlyingSaucer","theDuelist:GracefulCharity","theDuelist:ToonDefense","theDuelist:ToonRollback"],"picked":"theDuelist:ToonTable","floor":19},{"not_picked":["theDuelist:ToonMaskedSorcerer","theDuelist:ToonBarrelDragon","theDuelist:ToonDarkMagicianGirl","theDuelist:RedEyesToon"],"picked":"theDuelist:FlyingSaucer","floor":22},{"not_picked":["theDuelist:TrapHole","theDuelist:ToonCannonSoldier","theDuelist:ToonWorld"],"picked":"theDuelist:ToonKingdom+1","floor":23},{"not_picked":["theDuelist:AncientGearFist","theDuelist:ToonMaskedSorcerer"],"picked":"theDuelist:BlueEyesToon","floor":25},{"not_picked":["theDuelist:ToonMask","theDuelist:ToonRollback","theDuelist:ToonGeminiElf","theDuelist:AncientGearFist"],"picked":"theDuelist:TrapHole","floor":29},{"not_picked":["theDuelist:FeatherShot+1","theDuelist:ComicHand+1"],"picked":"theDuelist:AncientGearFist+1","floor":30},{"not_picked":["theDuelist:MagicCylinder","theDuelist:SlotMachine","theDuelist:Solidarity","theDuelist:WingedKuribohLv10+1"],"picked":"theDuelist:ForbiddenLance+1","floor":33},{"not_picked":["theDuelist:MangaRyuRan+1","theDuelist:CheerfulCoffin+1","theDuelist:SpellShatteringArrow+1","theDuelist:FlyingSaucer"],"picked":"theDuelist:ToonMermaid","floor":35},{"not_picked":["theDuelist:SpellShatteringArrow+1","theDuelist:MangaRyuRan","theDuelist:ToonMermaid","theDuelist:BlueEyesToon"],"picked":"theDuelist:ToonBarrelDragon+1","floor":39},{"not_picked":["theDuelist:MangaRyuRan","theDuelist:FlyingSaucer","theDuelist:ToonAncientGear+1","theDuelist:ToonCannonSoldier+1"],"picked":"theDuelist:RedEyesToon","floor":40},{"not_picked":["theDuelist:MangaRyuRan+1","theDuelist:ToonMermaid","theDuelist:ToonDarkMagician+1","theDuelist:ToonGoblin+1"],"picked":"theDuelist:ToonDarkMagicianGirl+1","floor":45},{"not_picked":["theDuelist:LightningDarts+1","theDuelist:BigKoala+1","theDuelist:EvilswarmHeliotrope+1","theDuelist:JamBreeding","theDuelist:DarkMirrorForce"],"picked":"SKIP","floor":47},{"not_picked":["theDuelist:RedEyesToon","theDuelist:ToonAncientGear","theDuelist:MangaRyuRan","theDuelist:FlyingSaucer+1"],"picked":"theDuelist:ToonTable+1","floor":48}],"player_experience":79241,"relics_obtained":[{"floor":1,"key":"LetterFromLob"},{"floor":6,"key":"Lizard Tail"},{"floor":9,"key":"Lantern"},{"floor":11,"key":"King of Hearts"},{"floor":23,"key":"Replay:Multitool"},{"floor":26,"key":"Pen Nib"},{"floor":29,"key":"theDuelist:MonsterEggRelic"},{"floor":40,"key":"Pet Ghost"},{"floor":43,"key":"Replay:Rubber Ducky"}],"event_choices":[{"damage_healed":26,"gold_gain":0,"player_choice":"Banana","damage_taken":0,"max_hp_gain":0,"max_hp_loss":0,"event_name":"Big Fish","floor":3,"gold_loss":0},{"damage_healed":0,"gold_gain":0,"player_choice":"Grow","damage_taken":0,"max_hp_gain":0,"max_hp_loss":0,"event_name":"Living Wall","floor":4,"gold_loss":0,"cards_upgraded":["theDuelist:ToonGeminiElf"]},{"damage_healed":0,"gold_gain":0,"player_choice":"Dig - random Duelist relic","duelist":true,"damage_taken":0,"max_hp_gain":0,"max_hp_loss":0,"event_name":"Aknamkanon\u0027s Tomb","floor":5,"gold_loss":0},{"damage_healed":0,"gold_gain":0,"player_choice":"Leave","duelist":true,"damage_taken":0,"max_hp_gain":0,"max_hp_loss":0,"event_name":"Visit from Anubis","floor":12,"gold_loss":0},{"damage_healed":0,"gold_gain":0,"player_choice":"Leave","duelist":true,"damage_taken":0,"max_hp_gain":0,"max_hp_loss":0,"event_name":"Egyptian Village","floor":36,"gold_loss":0},{"damage_healed":0,"gold_gain":0,"player_choice":"Ignored","damage_taken":0,"max_hp_gain":0,"max_hp_loss":0,"event_name":"OrinTheCat","floor":37,"gold_loss":0}],"is_beta":false,"boss_relics":[{"not_picked":["Snecko Eye","Kintsugi"],"picked":"Inserter"},{"not_picked":["Coffee Dripper","Astrolabe"],"picked":"Snecko Scales"}],"items_purged_floors":[28,38],"is_endless":false,"potions_floor_spawned":[1,6,14,19,22,23,35,39,48],"ascension_level":2}}