{"host":"0rxdudjy6rylha1k","time":1610983583,"event":{"mods":["Aspiration","BaseMod","Colored Map","Colored Powertips","Downfall","Highlight Path","Hubris","Minty Spire (QoL Compilation)","StSLib"],"gold_per_floor":[99,117,117,136,236,254,326,343,243,243,151,151,151,151,161,259,259,259,270,270,285,303,303,383,400,400,500,514,34,45,45,45,144,144,144,34,34,34,51,51,51,73,92,92,111,111,131,150,166,166,166],"floor_reached":50,"language":"ENG","playtime":11764,"items_purged":["Clumsy"],"score":665,"play_id":"1efbdc7c-02b9-44a8-a8ce-1148c65522b4","local_time":"20210118082623","is_ascension_mode":false,"campfire_choices":[{"floor":1.0,"key":"RECALL"},{"floor":9.0,"key":"REST"},{"floor":12.0,"key":"REST"},{"data":"bronze:HardenedForm","floor":18.0,"key":"SMITH"},{"floor":23.0,"key":"REST"},{"data":"bronze:InfiniteBeams","floor":26.0,"key":"SMITH"},{"data":"Machine Learning","floor":35.0,"key":"SMITH"},{"floor":40.0,"key":"REST"},{"floor":44,"key":"REST"},{"floor":46,"key":"REST"}],"circlet_count":0,"master_deck":["bronze:Strike","bronze:Strike","bronze:Strike+1","bronze:Defend","bronze:Defend","bronze:Defend","bronze:Defend","bronze:Replicate","bronze:Boost","bronze:Flail","bronze:FollowUp","bronze:Terminator","bronze:Separator","bronze:HardenedForm+1","bronze:Optimize","bronze:InfiniteBeams+1","bronze:CleanCode","bronze:WhirlingStrike","bronze:SpaghettiCode","bronze:DelayedSlice","bronze:DelayedGuard","Machine Learning+1","expansioncontent:StudyTheSpire","Collect","Judgement","hubris:Greed","Armaments+1","Iron Wave+1","Cloak And Dagger+1"],"relics":["bronze:BronzeCore","Toy Ornithopter","Darkstone Periapt","downfall:HeartBlessingRed","Cursed Key","Sundial","OrangePellets","aspiration:FetidBarrel","PrismaticShard","aspiration:WatcherSkillbook","Lee\u0027s Waffle","bronze:CableSpool"],"acts_visited":["Exordium","TheCity","TheBeyond"],"potions_floor_usage":[42,45,45,48,50],"damage_taken":[{"damage":0.0,"enemies":"2 Louse","floor":2.0,"turns":3.0},{"damage":0.0,"enemies":"Cultist","floor":4.0,"turns":3.0},{"damage":40.0,"enemies":"downfall:LadyInBlue","floor":5.0,"turns":11.0},{"damage":3.0,"enemies":"Jaw Worm","floor":6.0,"turns":4.0},{"damage":4.0,"enemies":"Exordium Wildlife","floor":8.0,"turns":4.0},{"damage":0.0,"enemies":"downfall:FleeingMerchant","floor":11.0,"turns":4.0},{"damage":0.0,"enemies":"Red Slaver","floor":13.0,"turns":1.0},{"damage":0.0,"enemies":"Lots of Slimes","floor":15.0,"turns":1.0},{"damage":28.0,"enemies":"IC_STATUS_ARCHETYPE","floor":16.0,"turns":5.0},{"damage":0.0,"enemies":"Spheric Guardian","floor":19.0,"turns":3.0},{"damage":0.0,"enemies":"3 Byrds","floor":21.0,"turns":2.0},{"damage":24.0,"enemies":"Shelled Parasite and Fungi","floor":22.0,"turns":5.0},{"damage":0.0,"enemies":"Snecko","floor":25.0,"turns":4.0},{"damage":23.0,"enemies":"Sentry and Sphere","floor":28.0,"turns":4.0},{"damage":0.0,"enemies":"downfall:FleeingMerchant","floor":29.0,"turns":4.0},{"damage":10.0,"enemies":"Chosen and Byrds","floor":30.0,"turns":5.0},{"damage":0.0,"enemies":"Cultist and Chosen","floor":32.0,"turns":1.0},{"damage":18.0,"enemies":"WA_ARCHETYPE_CALM","floor":33.0,"turns":7.0},{"damage":0.0,"enemies":"downfall:FleeingMerchant","floor":36.0,"turns":4.0},{"damage":56.0,"enemies":"3 Darklings","floor":39.0,"turns":3.0},{"damage":23,"enemies":"3 Shapes","floor":42,"turns":5},{"damage":24,"enemies":"Sphere and 2 Shapes","floor":43,"turns":7},{"damage":0,"enemies":"Spire Growth","floor":45,"turns":4},{"damage":23,"enemies":"4 Shapes","floor":47,"turns":6},{"damage":21,"enemies":"Sphere and 2 Shapes","floor":48,"turns":4},{"damage":5,"enemies":"3 Darklings","floor":49,"turns":3},{"damage":49,"enemies":"DF_ARCHETYPE_ORBS","floor":50,"turns":5}],"seed_played":"-7962484655303798594","potions_obtained":[{"floor":2.0,"key":"Ancient Potion"},{"floor":5.0,"key":"EntropicBrew"},{"floor":5.0,"key":"Dexterity Potion"},{"floor":5.0,"key":"Swift Potion"},{"floor":6.0,"key":"SmokeBomb"},{"floor":16.0,"key":"Strength Potion"},{"floor":25.0,"key":"champ:CounterPotion"},{"floor":28.0,"key":"hexamod:SoulburnPotion"},{"floor":30.0,"key":"SmokeBomb"},{"floor":33.0,"key":"DistilledChaos"},{"floor":42,"key":"DistilledChaos"},{"floor":43,"key":"Energy Potion"},{"floor":47,"key":"Swift Potion"},{"floor":49,"key":"hexamod:SoulburnPotion"}],"is_trial":false,"path_per_floor":["R","M","?","M","?","M","T","M","R","?","$","R","M","?","M","B",null,"R","M","?","M","M","R","T","M","R","?","M","$","M","?","M","B",null,"R","$","?","$","M","R","T","M","M","R","M","R","M","M","M","B"],"character_chosen":"THE_AUTOMATON","items_purchased":["bronze:Optimize","OrangePellets","aspiration:FetidBarrel","Lee\u0027s Waffle","BlessingOfTheForge","expansioncontent:StudyTheSpire","Collect"],"campfire_rested":6,"item_purchase_floors":[11,29,29,36,36,36,36],"current_hp_per_floor":[70,70,70,70,30,27,27,23,44,44,44,65,70,75,75,71,75,75,75,67,67,43,65,71,76,76,76,58,63,53,45,50,32,81,81,88,88,88,32,58,64,46,22,50,60,88,65,49,44,0,0],"gold":166,"neow_bonus":"THREE_CARDS","is_daily":false,"chose_seed":false,"campfire_upgraded":3,"win_rate":0.0,"timestamp":1610983583,"path_taken":["R","M","?","M","?","?","T","?","R","?","?","R","?","?","M","BOSS","R","M","?","?","M","R","T","M","R","?","?","?","M","?","M","BOSS","R","$","?","$","M","R","T","M","M","R","M","R","M","?","M","BOSS"],"items_purchased_type":["Card","Relic","Relic","Relic","Potion","Card","Card"],"build_version":"2020-12-22","purchased_purges":1,"victory":false,"max_hp_per_floor":[70,70,70,70,70,70,70,70,70,70,70,70,70,75,75,75,75,75,75,75,75,75,75,81,81,81,81,81,81,81,81,81,81,81,81,88,88,88,88,88,94,94,94,94,94,94,94,94,94,94,94],"card_choices":[{"not_picked":["bronze:Backtrace","bronze:WhirlingStrike"],"picked":"bronze:Boost","floor":0.0},{"not_picked":["bronze:Deprecate","bronze:Refactor"],"picked":"bronze:Flail","floor":2.0},{"not_picked":["bronze:Deprecate","bronze:ForceShield"],"picked":"bronze:FollowUp","floor":4.0},{"not_picked":["bronze:BronzeOrb","bronze:Overheat"],"picked":"bronze:Terminator","floor":5.0},{"not_picked":["bronze:OilSpill","bronze:WildBeam"],"picked":"bronze:Separator","floor":6.0},{"not_picked":["bronze:Turbo","bronze:WhirlingStrike"],"picked":"bronze:HardenedForm","floor":8.0},{"not_picked":["bronze:Backtrace","bronze:Safeguard","bronze:BugBarrage"],"picked":"SKIP","floor":11.0},{"not_picked":["bronze:CutThrough","bronze:BronzeOrb"],"picked":"bronze:InfiniteBeams","floor":15.0},{"not_picked":["bronze:FindAndReplace","bronze:Format"],"picked":"bronze:CleanCode","floor":16.0},{"not_picked":["bronze:Overheat","bronze:Separator+1"],"picked":"bronze:WhirlingStrike","floor":19.0},{"not_picked":["bronze:CloningBeam","bronze:Overheat"],"picked":"bronze:SpaghettiCode","floor":21.0},{"not_picked":["bronze:Separator","bronze:Shield","bronze:ForLoop"],"picked":"SKIP","floor":22.0},{"not_picked":["bronze:Turbo+1","bronze:Safeguard","bronze:BitShift"],"picked":"SKIP","floor":25.0},{"not_picked":["bronze:CloningBeam","bronze:DelayedGuard+1","bronze:Flail"],"picked":"SKIP","floor":28.0},{"not_picked":["bronze:BronzeArmor","bronze:Deprecate","bronze:Overheat+1"],"picked":"SKIP","floor":29.0},{"not_picked":["bronze:DelayedGuard","bronze:Allocate"],"picked":"bronze:DelayedSlice","floor":30.0},{"not_picked":["bronze:Overheat+1","bronze:Boost"],"picked":"bronze:DelayedGuard","floor":31.0},{"not_picked":["hexamod:TurnItUp","Hyperbeam"],"picked":"Machine Learning","floor":33.0},{"not_picked":["bronze:WildBeam","sneckomod:UnknownClassTHE_CHAMP_GRAY","bronze:DarkDash+1","sneckomod:QuickMove"],"picked":"SKIP","floor":36.0},{"not_picked":["Vengeance","sneckomod:UnknownCommonAttack","hexamod:HeatShield","Warcry"],"picked":"SKIP","floor":39.0},{"not_picked":["Rip and Tear","champ:PerfectedStrike+1","Guardian:EvasiveProtocol","Bane"],"picked":"SKIP","floor":42},{"not_picked":["bronze:NullPointer+1","champ:RapidStrikes+1","Nirvana+1"],"picked":"Armaments+1","floor":43},{"not_picked":["bronze:BitShift","champ:BerserkersShout","Slimebound:GoopSpray+1","Guardian:CrystalBeam"],"picked":"SKIP","floor":45},{"not_picked":["Armaments","expansioncontent:StudyTheSpire","Guardian:SentryBeam+1"],"picked":"Iron Wave+1","floor":47},{"not_picked":["bronze:Safeguard+1","Guardian:ShieldSpikes","BowlingBash"],"picked":"Cloak And Dagger+1","floor":48},{"not_picked":["Compile Driver+1","bronze:WildBeam+1","CrushJoints","hexamod:SpectersWail+1"],"picked":"SKIP","floor":49}],"player_experience":2560807,"relics_obtained":[{"floor":5.0,"key":"Toy Ornithopter"},{"floor":7.0,"key":"Darkstone Periapt"},{"floor":24.0,"key":"Sundial"},{"floor":31.0,"key":"PrismaticShard"},{"floor":41.0,"key":"bronze:CableSpool"}],"event_choices":[{"damage_healed":0.0,"max_hp_gain":5.0,"max_hp_loss":0.0,"gold_gain":0.0,"event_name":"Big Fish","player_choice":"Donut","floor":14.0,"gold_loss":0.0,"damage_taken":0.0}],"is_beta":false,"boss_relics":[{"not_picked":["Busted Crown","hubris:RunicObelisk"],"picked":"Cursed Key"},{"not_picked":["Empty Cage","Pandora\u0027s Box"],"picked":"aspiration:WatcherSkillbook"}],"items_purged_floors":[29],"is_endless":false,"potions_floor_spawned":[2,6,13,16,25,28,30,33,42,43,47,49],"killed_by":"DF_ARCHETYPE_ORBS","ascension_level":0}}