{"host":"lh9qfzqeqctr28d2","time":1610955415,"event":{"mods":["BaseMod","Luminous","Minty Spire (QoL Compilation)","Quick Restart","Relic Stats","Remilia£®¿Ÿ√◊¿Ú—«£©","Replay The Spire","StSLib","Yakumo Yukari mod"],"gold_per_floor":[119,135,310,310,310,310,310,310,330,330,354,371,385,385,231,246,246,348,448,468,468,486,486,486,486,486,486],"floor_reached":26,"language":"ZHS","playtime":926,"items_purged":[],"score":196,"play_id":"3177c08d-a0c7-4856-bbde-62bc4f663c6d","local_time":"20210118153655","is_ascension_mode":false,"campfire_choices":[{"data":"Dualcast","floor":8.0,"key":"SMITH"},{"data":"ReplayTheSpireMod:Calculation Training","floor":10.0,"key":"SMITH"},{"floor":17.0,"key":"REST"},{"floor":25.0,"key":"REST"}],"circlet_count":0,"master_deck":["Strike_B","Strike_B","Strike_B","Defend_B","Defend_B","Defend_B","Defend_B","Zap+1","Dualcast+1","Panic Button","ReplayTheSpireMod:Calculation Training+1","Redo","Genetic Algorithm","Echo Form","Ball Lightning"],"relics":["Cracked Core","NeowsBlessing","Centennial Puzzle","Art of War","Replay:Wanted Poster","CultistMask"],"acts_visited":["Exordium","TheCity"],"potions_floor_usage":[],"damage_taken":[{"damage":0.0,"enemies":"2 Louse","floor":1.0,"turns":1.0},{"damage":0.0,"enemies":"Small Slimes","floor":2.0,"turns":1.0},{"damage":0.0,"enemies":"Cultist","floor":9.0,"turns":1.0},{"damage":14.0,"enemies":"Large Slime","floor":12.0,"turns":5.0},{"damage":14.0,"enemies":"Exordium Thugs","floor":13.0,"turns":4.0},{"damage":6.0,"enemies":"2 Fungi Beasts","floor":16.0,"turns":3.0},{"damage":43.0,"enemies":"The Guardian","floor":18.0,"turns":9.0},{"damage":32.0,"enemies":"Shell Parasite","floor":20.0,"turns":5.0},{"damage":14.0,"enemies":"Spheric Guardian","floor":22.0,"turns":4.0},{"damage":0,"enemies":"Centurion and Healer","floor":26,"turns":1}],"seed_played":"4424569449377802975","potions_obtained":[{"floor":9.0,"key":"SpeedPotion"},{"floor":13.0,"key":"Doom Potion"},{"floor":14.0,"key":"PowerPotion"},{"floor":14.0,"key":"FocusPotion"},{"floor":18.0,"key":"Reflective Coating"},{"floor":20.0,"key":"EntropicBrew"}],"is_trial":false,"path_per_floor":["M","M","?","PTL","PTL","?","?","R","M","R","T","M","M","?","$","M","R","B",null,"M","?","M","$","?","R","M"],"character_chosen":"DEFECT","items_purchased":["Art of War"],"campfire_rested":2,"item_purchase_floors":[15],"current_hp_per_floor":[75,75,75,75,75,68,68,68,68,68,68,54,40,40,40,34,56,13,75,43,43,29,29,29,51,51,51],"gold":486,"neow_bonus":"THREE_ENEMY_KILL","is_daily":false,"chose_seed":false,"campfire_upgraded":2,"win_rate":0.0,"timestamp":1610955415,"path_taken":["M","M","?","PTL","PTL","?","?","R","M","R","T","M","?","?","?","M","R","BOSS","M","?","?","$","?","R","?"],"items_purchased_type":["Relic"],"build_version":"2020-12-22","purchased_purges":0,"victory":false,"max_hp_per_floor":[75,75,75,75,75,75,75,75,75,75,75,75,75,75,75,75,75,75,75,75,75,75,75,75,75,75,75],"relic_stats":{"Centennial Puzzle":[18],"counters":[10,33],"Art of War":[8],"obtain_stats":[{"Replay:Wanted Poster":19,"Centennial Puzzle":11,"NeowsBlessing":0,"CultistMask":21,"Art of War":15,"Cracked Core":0},{"Replay:Wanted Poster":7,"Centennial Puzzle":3,"NeowsBlessing":0,"CultistMask":8,"Art of War":5,"Cracked Core":0},{"Replay:Wanted Poster":24,"Centennial Puzzle":3,"NeowsBlessing":0,"CultistMask":29,"Art of War":12,"Cracked Core":0}]},"card_choices":[{"not_picked":["Barrage","Rebound","ReplayGash"],"picked":"SKIP","floor":1.0},{"not_picked":["Lockon","Hologram"],"picked":"Panic Button","floor":2.0},{"not_picked":["Coolheaded","ReplayTheSpireMod:Repulse"],"picked":"ReplayTheSpireMod:Calculation Training","floor":9.0},{"not_picked":["FTL","Darkness"],"picked":"Redo","floor":12.0},{"not_picked":["Streamline","Compile Driver","All For One"],"picked":"SKIP","floor":13.0},{"not_picked":["Doom and Gloom","Hello World"],"picked":"Genetic Algorithm","floor":16.0},{"not_picked":["Multi-Cast","Thunder Strike"],"picked":"Echo Form","floor":18.0},{"not_picked":["Cold Snap","Undo","Steam"],"picked":"SKIP","floor":20.0},{"not_picked":["ReplayTheSpireMod:GoodbyeWorld","Leap"],"picked":"Ball Lightning","floor":22.0}],"player_experience":420119,"relics_obtained":[{"floor":11.0,"key":"Centennial Puzzle"}],"event_choices":[{"damage_healed":0.0,"max_hp_gain":0.0,"max_hp_loss":0.0,"gold_gain":175.0,"event_name":"Liars Game","player_choice":"AGREE","floor":3.0,"gold_loss":0.0,"damage_taken":0.0,"cards_obtained":["Doubt"]},{"cards_removed":["Doubt"],"damage_healed":0.0,"max_hp_gain":0.0,"max_hp_loss":0.0,"gold_gain":0.0,"event_name":"Golden Wing","player_choice":"Card Removal","floor":6.0,"gold_loss":0.0,"damage_taken":7.0},{"damage_healed":0.0,"max_hp_gain":0.0,"max_hp_loss":0.0,"gold_gain":0.0,"event_name":"Upgrade Shrine","player_choice":"Upgraded","floor":7.0,"gold_loss":0.0,"damage_taken":0.0,"cards_upgraded":["Zap"]},{"damage_healed":0.0,"max_hp_gain":0.0,"max_hp_loss":0.0,"gold_gain":0.0,"event_name":"Lab","player_choice":"Got Potions","floor":14.0,"gold_loss":0.0,"damage_taken":0.0},{"damage_healed":0.0,"max_hp_gain":0.0,"max_hp_loss":0.0,"gold_gain":0.0,"event_name":"FaceTrader","player_choice":"Trade","floor":21.0,"gold_loss":0.0,"damage_taken":0.0,"relics_obtained":["CultistMask"]},{"cards_removed":["Strike_B"],"damage_healed":0.0,"max_hp_gain":0.0,"max_hp_loss":0.0,"gold_gain":0.0,"event_name":"Purifier","player_choice":"Purged","floor":24.0,"gold_loss":0.0,"damage_taken":0.0}],"is_beta":false,"boss_relics":[{"not_picked":["Runic Dome","Coffee Dripper"],"picked":"Replay:Wanted Poster"}],"items_purged_floors":[],"is_endless":false,"potions_floor_spawned":[9,13,16,18,20],"killed_by":"Centurion and Healer","ascension_level":0}}