{"host":"121m0oxswv9tg9hk","time":1610969747,"event":{"mods":["AchievementEnabler","BaseMod","Better Third Choice","Downfall","Hermit","Hubris","Infinite Spire","MarisaÅiñ∂âJÅ@ñÇóùçπÅj","Minty Spire (QoL Compilation)","Shade Mod","StSLib","The Construct","The Cursed","The Gatherer","The Hierophant","The Mystic"],"gold_per_floor":[114,114,114,131,149,184,184,197,220,237,237,237,237,237,237,341,341,358,358,391,341,341],"floor_reached":21,"language":"ENG","playtime":1577,"items_purged":["Shade:Strike_Shade"],"score":329,"play_id":"a137805d-5100-4fb6-be8d-0ab9847b62b5","local_time":"20210118123547","is_ascension_mode":true,"campfire_choices":[{"data":"Shade:Brains","floor":7,"key":"SMITH"},{"data":"Shade:PoundOfFlesh","floor":11,"key":"SMITH"},{"data":"infinitespire:Collect","floor":13,"key":"SMITH"},{"floor":15,"key":"REST"}],"circlet_count":0,"master_deck":["Shade:Strike_Shade+1","Shade:Strike_Shade+1","Shade:Strike_Shade","Shade:Defend_Shade","Shade:Defend_Shade","Shade:Defend_Shade","Shade:Defend_Shade","Shade:AnimateDead","Shade:CarefulCut","Shade:FleshToFlesh","Shade:Carnophage","Shade:FleshToFlesh","Shade:FreshBones","Shade:Brains+1","Shade:ExtraLimbs","Shade:PoundOfFlesh+1","downfall:Aged","downfall:Aged","infinitespire:Collect+1","Shade:LichForm","Shade:ClawBack","Shade:Trample"],"relics":["Shade:YorickSkull","hubris:Towel","hubris:TenFootPole","Regal Pillow","hubris:Icosahedron","hubris:Backtick","Guardian:BottledAnomaly","hubris:EmptyBottle","SacredBark","Red Mask"],"acts_visited":["Exordium","TheCity"],"potions_floor_usage":[6,18,20,20],"damage_taken":[{"damage":0,"enemies":"Small Slimes","floor":1,"turns":4},{"damage":0,"enemies":"2 Louse","floor":4,"turns":3},{"damage":0,"enemies":"Jaw Worm","floor":5,"turns":4},{"damage":6,"enemies":"Gremlin Nob","floor":6,"turns":4},{"damage":0,"enemies":"Red Slaver","floor":8,"turns":4},{"damage":0,"enemies":"Exordium Wildlife","floor":10,"turns":4},{"damage":0,"enemies":"Slime Boss","floor":16,"turns":18},{"damage":0,"enemies":"Spheric Guardian","floor":18,"turns":6},{"damage":63,"enemies":"Masked Bandits","floor":20,"turns":5},{"damage":2,"enemies":"Shell Parasite","floor":21,"turns":2}],"seed_played":"-2360495895579580369","potions_obtained":[{"floor":1,"key":"Slimebound:ThreeZeroPotion"},{"floor":6,"key":"Strength Potion"},{"floor":16,"key":"DistilledChaos"}],"is_trial":false,"path_per_floor":["M","?","?","M","M","E","R","M","T","M","R","?","R","?","R","B",null,"M","AVR","?","M"],"character_chosen":"SHADE","items_purchased":[],"campfire_rested":1,"item_purchase_floors":[],"current_hp_per_floor":[59,46,46,46,46,40,40,40,40,40,40,40,40,40,65,65,65,65,65,2,0,0],"gold":341,"neow_bonus":"THREE_CARDS","is_daily":false,"chose_seed":false,"campfire_upgraded":3,"win_rate":0.0,"timestamp":1610969747,"path_taken":["M","?","?","M","M","E","R","M","T","M","R","?","R","?","R","BOSS","M","AVR","?","M"],"items_purchased_type":[],"build_version":"2020-12-22","purchased_purges":1,"victory":false,"max_hp_per_floor":[65,65,65,65,65,65,65,65,65,65,65,65,65,65,65,65,65,65,65,65,65,65],"card_choices":[{"not_picked":["Shade:BoneShards","Shade:SkeletonArmy"],"picked":"Shade:FleshToFlesh","floor":0},{"not_picked":["Shade:ClawBack","Shade:FeralStrike"],"picked":"Shade:Carnophage","floor":1},{"not_picked":["Shade:WallOfFlesh","Shade:BoneShards"],"picked":"Shade:FleshToFlesh","floor":4},{"not_picked":["Shade:WallOfFlesh","Shade:PotionOfRestlessness"],"picked":"Shade:FreshBones","floor":5},{"not_picked":["Shade:Excise","Shade:Bonestorm"],"picked":"Shade:Brains","floor":6},{"not_picked":["Shade:PotionOfRestlessness","Shade:GraveStillness"],"picked":"Shade:ExtraLimbs","floor":8},{"not_picked":["Shade:Carnophage","Shade:Excise"],"picked":"Shade:PoundOfFlesh","floor":10},{"not_picked":["hubris:Fate","infinitespire:Punishment"],"picked":"infinitespire:Collect","floor":12},{"not_picked":["Shade:DarkOfNight","Shade:Consume"],"picked":"Shade:LichForm","floor":16},{"not_picked":["Shade:SkeletonHug","Shade:CommandSoldier+1"],"picked":"Shade:ClawBack","floor":18},{"not_picked":["Shade:SelfBurial","Shade:DangerousRitual"],"picked":"Shade:Trample","floor":20}],"player_experience":2940982,"relics_obtained":[{"floor":6,"key":"hubris:TenFootPole"},{"floor":9,"key":"Regal Pillow"},{"floor":20,"key":"Red Mask"}],"event_choices":[{"damage_healed":59,"gold_gain":0,"player_choice":"Upgrade","damage_taken":13,"max_hp_gain":0,"max_hp_loss":65,"event_name":"betterThird:BetterShining","floor":2,"gold_loss":0,"cards_upgraded":["Shade:Strike_Shade","Shade:Strike_Shade"]},{"damage_healed":0,"gold_gain":0,"player_choice":"Fought Bandits","damage_taken":0,"max_hp_gain":0,"max_hp_loss":0,"event_name":"Masked Bandits","floor":20,"gold_loss":0}],"is_beta":false,"boss_relics":[{"not_picked":["construct:ClawGrip","Tiny House"],"picked":"hubris:Backtick"}],"items_purged_floors":[19],"is_endless":false,"potions_floor_spawned":[1,6,16],"killed_by":"Shell Parasite","ascension_level":9}}