{"host":"i09pxcjttd31eh4q","time":1610971034,"event":{"mods":["AchievementEnabler","BaseMod","Colored Map","Keyboard Shortcuts","Minty Spire (QoL Compilation)","StSLib","SuperFastMode"],"gold_per_floor":[369,384,233,243,254,284,284,610,610,610,623,636,636,646,646,725,725,738,749,769,506,516,516,391,419,419,431,431,146,159,74,74,148,148,163,1162,629,629,57,75,75,102,149,168,188,205,215,243,243,243,243,243,243,15,45,45],"floor_reached":57,"language":"KOR","playtime":2046,"items_purged":["Strike_G","Strike_G","Strike_G","Strike_G","Normality","Normality"],"score":2846,"play_id":"34b7c682-1277-49b7-b533-64b947df5b64","local_time":"20210118205714","is_ascension_mode":true,"campfire_choices":[{"data":"Cloak And Dagger","floor":10.0,"key":"SMITH"},{"data":"1","floor":13.0,"key":"LIFT"},{"data":"2","floor":15.0,"key":"LIFT"},{"data":"3","floor":23.0,"key":"LIFT"},{"data":"After Image","floor":28.0,"key":"SMITH"},{"data":"Apotheosis","floor":32.0,"key":"SMITH"},{"floor":41.0,"key":"RECALL"},{"data":"After Image","floor":49.0,"key":"SMITH"},{"data":"Calculated Gamble","floor":53.0,"key":"SMITH"}],"circlet_count":0,"master_deck":["AscendersBane","Strike_G","Defend_G","Defend_G","Defend_G","Defend_G","Defend_G","Survivor","Neutralize","Dagger Throw","Blade Dance","Escape Plan","Backflip","Accuracy","Cloak And Dagger+1","Crippling Poison","Cloak And Dagger","Calculated Gamble+1","Cloak And Dagger","After Image+1","Leg Sweep","Cloak And Dagger+1","Well Laid Plans","Apotheosis+1","Escape Plan","Accuracy","Cloak And Dagger","Backflip+1","Cloak And Dagger+1","Backflip","After Image+1","Footwork","Footwork","Footwork"],"relics":["Ring of the Snake","Art of War","FaceOfCleric","Old Coin","Girya","WristBlade","DollysMirror","HornCleat","The Courier","Ninja Scroll","SlaversCollar","Mummified Hand","Lantern","Anchor","Nunchaku","ClockworkSouvenir","Omamori","Paper Crane","Bag of Marbles"],"acts_visited":["Exordium","TheCity","TheBeyond","TheEnding"],"potions_floor_usage":[56],"damage_taken":[{"damage":7.0,"enemies":"Small Slimes","floor":1.0,"turns":4.0},{"damage":1.0,"enemies":"Cultist","floor":2.0,"turns":4.0},{"damage":1.0,"enemies":"2 Louse","floor":4.0,"turns":3.0},{"damage":0.0,"enemies":"Exordium Wildlife","floor":5.0,"turns":3.0},{"damage":19.0,"enemies":"Lagavulin","floor":6.0,"turns":7.0},{"damage":2.0,"enemies":"Gremlin Nob","floor":8.0,"turns":3.0},{"damage":4.0,"enemies":"Blue Slaver","floor":11.0,"turns":4.0},{"damage":9.0,"enemies":"Exordium Thugs","floor":12.0,"turns":4.0},{"damage":0.0,"enemies":"Large Slime","floor":14.0,"turns":4.0},{"damage":24.0,"enemies":"The Guardian","floor":16.0,"turns":16.0},{"damage":0.0,"enemies":"Spheric Guardian","floor":18.0,"turns":3.0},{"damage":10.0,"enemies":"Shell Parasite","floor":19.0,"turns":4.0},{"damage":6.0,"enemies":"Snake Plant","floor":20.0,"turns":3.0},{"damage":0.0,"enemies":"Cultist and Chosen","floor":22.0,"turns":5.0},{"damage":14.0,"enemies":"Gremlin Leader","floor":25.0,"turns":7.0},{"damage":2.0,"enemies":"Centurion and Healer","floor":27.0,"turns":4.0},{"damage":4.0,"enemies":"Shelled Parasite and Fungi","floor":30.0,"turns":5.0},{"damage":6.0,"enemies":"Automaton","floor":33.0,"turns":7.0},{"damage":0.0,"enemies":"3 Darklings","floor":35.0,"turns":4.0},{"damage":0.0,"enemies":"3 Shapes","floor":40.0,"turns":2.0},{"damage":5.0,"enemies":"Reptomancer","floor":42.0,"turns":4.0},{"damage":0.0,"enemies":"Transient","floor":44.0,"turns":6.0},{"damage":0.0,"enemies":"Maw","floor":45.0,"turns":4.0},{"damage":0.0,"enemies":"Sphere and 2 Shapes","floor":46.0,"turns":4.0},{"damage":0.0,"enemies":"3 Darklings","floor":47.0,"turns":3.0},{"damage":0.0,"enemies":"Giant Head","floor":48.0,"turns":5.0},{"damage":5.0,"enemies":"Awakened One","floor":50.0,"turns":13.0},{"damage":4.0,"enemies":"Time Eater","floor":51.0,"turns":10.0},{"damage":0.0,"enemies":"Shield and Spear","floor":55.0,"turns":8.0},{"damage":33,"enemies":"The Heart","floor":56,"turns":10}],"seed_played":"2809877054692579655","potions_obtained":[{"floor":1.0,"key":"FearPotion"},{"floor":4.0,"key":"SkillPotion"},{"floor":6.0,"key":"Strength Potion"},{"floor":12.0,"key":"Ancient Potion"},{"floor":14.0,"key":"Fruit Juice"},{"floor":18.0,"key":"FearPotion"},{"floor":25.0,"key":"SmokeBomb"},{"floor":27.0,"key":"Energy Potion"},{"floor":30.0,"key":"AttackPotion"},{"floor":33.0,"key":"DistilledChaos"},{"floor":40.0,"key":"BlessingOfTheForge"},{"floor":45.0,"key":"Swift Potion"},{"floor":47.0,"key":"FairyPotion"}],"is_trial":false,"path_per_floor":["M","M","$","M","M","E","?","E","T","R","M","M","R","M","R","B",null,"M","M","M","$","M","R","$","E","T","M","R","$","M","?","R","B",null,"M","?","$","?","$","M","R","E","T","M","M","M","M","E","R","B","B",null,"R","$","E","B",null],"character_chosen":"THE_SILENT","items_purchased":["Escape Plan","DollysMirror","Apotheosis","Mummified Hand","Accuracy","Lantern","Anchor","Nunchaku","ClockworkSouvenir","Cloak And Dagger","Footwork","Footwork","Footwork","SkillPotion"],"campfire_rested":0,"item_purchase_floors":[3,21,29,37,37,37,39,39,39,39,54,54,54,54],"current_hp_per_floor":[52,51,51,50,50,31,31,30,30,30,27,19,19,25,25,2,53,54,45,40,40,41,41,41,28,28,27,27,27,24,24,24,19,63,64,64,64,64,64,65,65,61,61,62,63,64,65,66,66,62,59,78,78,78,79,47],"gold":45,"neow_bonus":"TWO_FIFTY_GOLD","is_daily":false,"chose_seed":false,"campfire_upgraded":5,"win_rate":0.0,"timestamp":1610971034,"path_taken":["M","M","$","M","M","E","?","E","T","R","M","M","R","?","R","BOSS","M","M","?","$","M","R","$","E","T","M","R","?","M","?","R","BOSS","M","?","$","?","$","M","R","E","T","?","M","M","M","E","R","BOSS","BOSS","R","$","E","BOSS"],"items_purchased_type":["Card","Relic","Card","Relic","Card","Relic","Relic","Relic","Relic","Card","Card","Card","Card","Potion"],"build_version":"2020-12-22","purchased_purges":6,"victory":true,"max_hp_per_floor":[60,60,60,60,60,60,60,61,61,61,62,63,63,69,69,70,70,71,72,73,73,74,74,74,75,75,76,76,76,77,77,77,78,78,79,79,79,75,75,76,76,77,77,78,79,80,81,82,82,83,84,84,84,84,85,86],"card_choices":[{"not_picked":["Quick Slash","PiercingWail"],"picked":"Dagger Throw","floor":1.0},{"not_picked":["Crippling Poison","Quick Slash"],"picked":"Blade Dance","floor":2.0},{"not_picked":["Dagger Throw","Crippling Poison"],"picked":"Backflip","floor":4.0},{"not_picked":["Skewer","Finisher"],"picked":"Accuracy","floor":5.0},{"not_picked":["Sucker Punch","Caltrops"],"picked":"Cloak And Dagger","floor":6.0},{"not_picked":["Dash","Bane"],"picked":"Crippling Poison","floor":8.0},{"not_picked":["Prepared","All Out Attack"],"picked":"Cloak And Dagger","floor":11.0},{"not_picked":["Deflect","Infinite Blades"],"picked":"Calculated Gamble","floor":12.0},{"not_picked":["Wraith Form v2","Dagger Throw"],"picked":"Cloak And Dagger","floor":14.0},{"not_picked":["Grand Finale","Die Die Die"],"picked":"After Image","floor":16.0},{"not_picked":["Flechettes+1","Skewer","Dagger Spray"],"picked":"SKIP","floor":18.0},{"not_picked":["Deadly Poison+1","Caltrops","Riddle With Holes"],"picked":"SKIP","floor":19.0},{"not_picked":["Dodge and Roll","Quick Slash"],"picked":"Leg Sweep","floor":20.0},{"not_picked":["Slice","PiercingWail","Dodge and Roll"],"picked":"SKIP","floor":22.0},{"not_picked":["Poisoned Stab","Heel Hook"],"picked":"Well Laid Plans","floor":25.0},{"not_picked":["Caltrops","Dagger Spray","Envenom"],"picked":"SKIP","floor":27.0},{"not_picked":["Acrobatics","Riddle With Holes"],"picked":"Escape Plan","floor":30.0},{"not_picked":["Dodge and Roll","Prepared","Quick Slash"],"picked":"SKIP","floor":35.0},{"not_picked":["Choke+1","Skewer","Flying Knee"],"picked":"SKIP","floor":40.0},{"not_picked":["Skewer","All Out Attack"],"picked":"Backflip+1","floor":42.0},{"not_picked":["Prepared","Riddle With Holes","Eviscerate+1"],"picked":"SKIP","floor":44.0},{"not_picked":["Tactician","Quick Slash"],"picked":"Cloak And Dagger+1","floor":45.0},{"not_picked":["Skewer","Choke"],"picked":"Backflip","floor":46.0},{"not_picked":["Escape Plan","Outmaneuver+1"],"picked":"After Image","floor":47.0},{"not_picked":["Leg Sweep","Expertise","Outmaneuver"],"picked":"SKIP","floor":48.0},{"not_picked":["Predator+1","A Thousand Cuts","Deflect"],"picked":"SKIP","floor":55.0}],"player_experience":868017,"relics_obtained":[{"floor":6.0,"key":"Art of War"},{"floor":8.0,"key":"Old Coin"},{"floor":9.0,"key":"Girya"},{"floor":25.0,"key":"HornCleat"},{"floor":26.0,"key":"The Courier"},{"floor":42.0,"key":"Omamori"},{"floor":48.0,"key":"Paper Crane"},{"floor":55.0,"key":"Bag of Marbles"}],"event_choices":[{"damage_healed":0.0,"max_hp_gain":0.0,"max_hp_loss":0.0,"gold_gain":0.0,"event_name":"FaceTrader","player_choice":"Trade","floor":7.0,"gold_loss":0.0,"damage_taken":0.0,"relics_obtained":["FaceOfCleric"]},{"damage_healed":0.0,"max_hp_gain":0.0,"max_hp_loss":0.0,"gold_gain":0.0,"event_name":"Addict","player_choice":"Obtained Relic","floor":31.0,"gold_loss":85.0,"damage_taken":0.0,"relics_obtained":["Ninja Scroll"]},{"damage_healed":0.0,"max_hp_gain":0.0,"max_hp_loss":0.0,"gold_gain":999.0,"event_name":"MindBloom","player_choice":"Gold","floor":36.0,"gold_loss":0.0,"damage_taken":0.0,"cards_obtained":["Normality","Normality"]},{"damage_healed":0.0,"max_hp_gain":0.0,"max_hp_loss":4.0,"gold_gain":0.0,"event_name":"Winding Halls","player_choice":"Max HP","floor":38.0,"gold_loss":0.0,"damage_taken":0.0}],"is_beta":false,"boss_relics":[{"not_picked":["Runic Pyramid","Tiny House"],"picked":"WristBlade"},{"not_picked":["Snecko Eye","HoveringKite"],"picked":"SlaversCollar"}],"items_purged_floors":[3,21,24,29,37,39],"is_endless":false,"potions_floor_spawned":[1,4,6,12,14,18,25,27,30,33,40,45,47,48],"ascension_level":20}}