{"host":"2hlhnd4tei6r1t0s","time":1610963050,"event":{"mods":["100% Spire Juice","ATMod(阿瑾Mod)","Act Like it!","Arknights The Spire","Aspiration","Astrologer","Bard","BaseMod","Conspire","Dota2Spire","Energized Spire","Evolution","Gensokyo","Gremlin Mod","Hallownest","Hermit","HololiveMod","HumanHunterMod(怪物杀人mod)","Jedi Mod","Jorbs\u0027s Wanderer Trilogy","KinomotoSakuraMod(木之本樱)","Koishi","Luminous","Mari Mod (Legacy)","Mari\u0027s V1 Patch","Minty Spire (QoL Compilation)","MostiFishMod","Pale of the Ancients","Potionbrewer","Prisma Mod","Quick Restart","Reimu（博丽灵梦）","Replay The Spire","Robot Space Explorer","RumiaBox-露米娅的神秘盒子","Spicy Shops","StSLib","TestMod","The Administrix","The Alterego","The Animator","The Blackbeard","The Construct","The Cursed","The Forsaken","The Gatherer","The Hayseed","The Invoker Mod","The Marked","The Mystic","The Poker Player","The Runesmith","The Saiyan","The Senshi","The Showman","TheHeartMod","TheWitcher","Uncapped","WarShipGirlsR/战舰少女R mod","Yakumo Yukari mod","Yuyuko","[GremlinLeader]The Maniac","[IsaacMod]以撒尖塔","noobMod","vexMod","【功能Mod】混沌之环修复补丁","【功能Mod】聪明的最终Boss","【遗物卡牌】REMEMod","残留之物"],"gold_per_floor":[10000000,10000017,10000034,10000134,10000192,10000222,10000192,9998348,9998398,9996707,9996707,9996707,9996339,9996358,9996358,9996358,9996358,9996358],"floor_reached":16,"language":"ZHS","playtime":1097,"items_purged":["Normality","blackbeard:BlackbeardDefend","Writhe","Amnesia"],"score":248,"play_id":"e09a9374-9e37-4471-b582-8de1a3a7a42a","local_time":"20210118174410","is_ascension_mode":false,"campfire_choices":[{"data":"alterego_mod:GIGAMILK","floor":12,"key":"SMITH"},{"data":"blackbeard:GoldenStrike","floor":15,"key":"SMITH"}],"circlet_count":0,"master_deck":["blackbeard:BeatUp","blackbeard:BlackbeardStrike","blackbeard:BlackbeardStrike","blackbeard:BlackbeardStrike","blackbeard:IntimidatingStrike","blackbeard:BlackbeardDefend","blackbeard:BlackbeardDefend","blackbeard:BlackbeardDefend","blackbeard:Cutlass","DoctorFetus","alterego_mod:GIGAMILK+1","blackbeard:BlindAttacks","blackbeard:GoldenCannonball","blackbeard:GoldenCannonball","blackbeard:GoldenStrike+1","blackbeard:GoldenCannonball","blackbeard:BlindAttacks","blackbeard:Boarding","REME_PuzzleBox+1","blackbeard:FinalBarrage+1","blackbeard:PirateHook+1","blackbeard:Halberd+1","blackbeard:Dagger+1","blackbeard:Sharpening+1","blackbeard:AgileStrike+1","blackbeard:FinalBarrage+1","blackbeard:FinalBarrage+1","MostiFishMod:PerfectForm+1","blackbeard:InfiniteBarrage+1","Injury","blackbeard:PirateEarring+1","blackbeard:Sword+1","blackbeard:PiratesWill+1","blackbeard:Boarding+1","blackbeard:DangerousBlow+1","blackbeard:RearmingStrike"],"relics":["blackbeard:LoadTheCannons","EVO:Axolotl","ice","testmod-TestBox","DaveBox","REME_ComplimentaryCards","HushsDoor","AT_ATBox","TuHaoJin","PatriotShield","testmod-D_4","NeowsBlessing","SynthV:TestCard","Gremlin Horn","Regal Pillow","vexMod:GhostlyGear","TheBible","Dota2Spire:MagicBottle","Golden Egg","PlaceholderMod:DeVermisMysteriis","BrkXgEgg","Replay:Rubber Ducky","Ccalipers","jedi:matchstick","theForsaken:Gavel","PlanX","testmod-Register","Ring of Fangs","Ring of Hypnosis","BargainBundle","conspire:TreasureMap","CaptainsWheel","Dota2Spire:BlackKingBar","Runesmith:AutoHammer","Replay:Mystery Machine"],"acts_visited":["Exordium"],"potions_floor_usage":[],"damage_taken":[{"damage":0,"enemies":"2 Louse","floor":1,"turns":1},{"damage":0,"enemies":"Cultist","floor":2,"turns":1},{"damage":0,"enemies":"Small Slimes","floor":3,"turns":1},{"damage":0,"enemies":"3 Sentries","floor":6,"turns":4},{"damage":7,"enemies":"Looter","floor":7,"turns":4},{"damage":0,"enemies":"Blue Slaver","floor":14,"turns":5},{"damage":0,"enemies":"Hexaghost","floor":16,"turns":8}],"seed_played":"-8252042339901986900","potions_obtained":[{"floor":2,"key":"potionbrewer:NoxiousPotion"},{"floor":3,"key":"potionbrewer:DiscountPotion"},{"floor":14,"key":"Adrenaline Potion"}],"is_trial":false,"path_per_floor":["M","M","M","?","?","E","M","$","T","$","?","R","$","M","R","B"],"character_chosen":"BLACKBEARD_CLASS","items_purchased":["vexMod:GhostlyGear","TheBible","Dota2Spire:MagicBottle","Golden Egg","PlaceholderMod:DeVermisMysteriis","BrkXgEgg","REME_PuzzleBox+1","blackbeard:FinalBarrage+1","blackbeard:PirateHook","blackbeard:Halberd+1","blackbeard:Dagger+1","Ccalipers","jedi:matchstick","theForsaken:Gavel","PlanX","testmod-Register","blackbeard:Sharpening","blackbeard:AgileStrike","blackbeard:FinalBarrage+1","MostiFishMod:PerfectForm+1","blackbeard:InfiniteBarrage","BargainBundle","conspire:TreasureMap","CaptainsWheel","Dota2Spire:BlackKingBar","Runesmith:AutoHammer","Replay:Mystery Machine","blackbeard:PirateEarring","blackbeard:Sword","blackbeard:PiratesWill","blackbeard:Boarding","blackbeard:DangerousBlow"],"campfire_rested":0,"item_purchase_floors":[8,8,8,8,8,8,8,8,8,8,8,10,10,10,10,10,10,10,10,10,10,13,13,13,13,13,13,13,13,13,13,13],"current_hp_per_floor":[75,75,75,75,57,57,50,50,50,50,50,50,50,50,50,50,50,50],"gold":9996358,"neow_bonus":"THREE_ENEMY_KILL","is_daily":false,"chose_seed":false,"campfire_upgraded":2,"win_rate":0.0,"timestamp":1610963050,"path_taken":["M","M","M","?","?","E","M","$","T","$","?","R","$","M","R","BOSS"],"items_purchased_type":["Relic","Relic","Relic","Relic","Relic","Relic","Card","Card","Card","Card","Card","Relic","Relic","Relic","Relic","Relic","Card","Card","Card","Card","Card","Relic","Relic","Relic","Relic","Relic","Relic","Card","Card","Card","Card","Card"],"build_version":"2020-12-22","purchased_purges":4,"victory":false,"max_hp_per_floor":[75,75,75,75,75,75,75,75,75,75,75,75,75,75,75,75,75,75],"card_choices":[{"not_picked":[],"picked":"DoctorFetus","floor":0},{"not_picked":["Bomb","blackbeard:DeadlyArsenal"],"picked":"blackbeard:BlindAttacks","floor":1},{"not_picked":["blackbeard:RearmingStrike","blackbeard:SwordDance","blackbeard:Spear","blackbeard:Shrapnel"],"picked":"blackbeard:GoldenStrike","floor":2},{"not_picked":["blackbeard:CatONineTails","blackbeard:WeaponProficiency","blackbeard:CloakAndCannonball","blackbeard:Halberd"],"picked":"blackbeard:GoldenCannonball","floor":3},{"not_picked":["blackbeard:DeadlyArsenal","blackbeard:Anchor","blackbeard:DoubleCannonball","blackbeard:BeatUp"],"picked":"blackbeard:GoldenCannonball","floor":4},{"not_picked":["blackbeard:FishingNets","blackbeard:FieryDefense","blackbeard:InfiniteBarrage","blackbeard:Boarding"],"picked":"blackbeard:GoldenStrike","floor":5},{"not_picked":["blackbeard:GhostInTheRum","blackbeard:BeatUp","blackbeard:TacticalRetreat","blackbeard:FinalBarrage"],"picked":"blackbeard:GoldenCannonball","floor":5},{"not_picked":["blackbeard:Anchor","blackbeard:Dagger","blackbeard:Sword","blackbeard:FinalBarrage"],"picked":"blackbeard:BlindAttacks","floor":6},{"not_picked":["blackbeard:Dagger","blackbeard:PirateHook","blackbeard:GhostInTheRum","blackbeard:ChaoticDefense"],"picked":"blackbeard:Boarding","floor":7},{"not_picked":["blackbeard:CatONineTails","blackbeard:SmithingHammer","blackbeard:ChaoticDefense","blackbeard:FieryDefense"],"picked":"blackbeard:RearmingStrike","floor":14}],"player_experience":107025,"relics_obtained":[{"floor":1,"key":"SynthV:TestCard"},{"floor":5,"key":"Gremlin Horn"},{"floor":6,"key":"Regal Pillow"},{"floor":9,"key":"Replay:Rubber Ducky"},{"floor":11,"key":"Ring of Fangs"},{"floor":11,"key":"Ring of Hypnosis"}],"event_choices":[],"is_beta":false,"boss_relics":[],"items_purged_floors":[8,8,10,13],"is_endless":false,"potions_floor_spawned":[2,3,14],"killed_by":"Hexaghost","ascension_level":0}}