{"host":"cw25u8qal1h0d7ia","time":1610930392,"event":{"mods":["BaseMod","Downfall","Minty Spire (QoL Compilation)","StSLib"],"gold_per_floor":[99,118,182,182,192,192,192,221,233,65,81,101,1,16,26,128,128,128,146,157,157,173,9,33,33,44,44,63,63,87,119,133,133,133,133],"floor_reached":33,"language":"ENG","playtime":2678,"items_purged":[],"score":325,"play_id":"5c649488-26d9-4390-bd8a-106f2a6a0573","local_time":"20210118013952","is_ascension_mode":true,"campfire_choices":[{"data":"Slimebound:Split","floor":1,"key":"SMITH"},{"floor":6,"key":"REST"},{"floor":13,"key":"REST"},{"data":"Slimebound:TagTeam","floor":18,"key":"SMITH"},{"data":"Slimebound:SlimeBarrage","floor":25,"key":"SMITH"}],"circlet_count":0,"master_deck":["Slimebound:Tackle","Slimebound:Split+1","Slimebound:CorrosiveSpit","Slimebound:SlimeBarrage","Slimebound:PressTheAttack","Slimebound:LivingWall+1","Slimebound:OozeBath+1","Slimebound:SpikyOuterGoop","Slimebound:TagTeam+1","Slimebound:SlimeBarrage+1","Slimebound:SplitSpecialist+1","Slimebound:ComboTackle","Slimebound:LevelUp+1","Slimebound:Equalize+1","downfall:Haunted","Slimebound:LevelUp+1","Slimebound:LivingWall+1","Slimebound:Prepare+1","Slimebound:LeechEnergy","Slimebound:OneTwoCombo","Slimebound:PrepareCrush+1","Slimebound:SplitSpecialist+1"],"relics":["Slimebound:AbsorbEndCombat","Slimebound:AggressiveSlimeRelic","Darkstone Periapt","MealTicket","Toxic Egg 2","Matryoshka","Strange Spoon","downfall:HeartBlessingGreen","DollysMirror","PreservedInsect","Centennial Puzzle","Nloth\u0027s Gift","Tiny Chest","Strawberry","White Beast Statue"],"acts_visited":["Exordium","TheCity"],"potions_floor_usage":[8,16,20,23,33,33],"damage_taken":[{"damage":5,"enemies":"Small Slimes","floor":2,"turns":3},{"damage":29,"enemies":"Gremlin Nob","floor":3,"turns":4},{"damage":7,"enemies":"Jaw Worm","floor":5,"turns":3},{"damage":19,"enemies":"Gremlin Nob","floor":8,"turns":3},{"damage":1,"enemies":"Cultist","floor":9,"turns":3},{"damage":5,"enemies":"downfall:FleeingMerchant","floor":10,"turns":4},{"damage":3,"enemies":"Exordium Wildlife","floor":11,"turns":3},{"damage":0,"enemies":"Red Slaver","floor":12,"turns":3},{"damage":0,"enemies":"2 Fungi Beasts","floor":14,"turns":3},{"damage":0,"enemies":"Blue Slaver","floor":15,"turns":2},{"damage":22,"enemies":"IC_STATUS_ARCHETYPE","floor":16,"turns":7},{"damage":3,"enemies":"Spheric Guardian","floor":19,"turns":4},{"damage":14,"enemies":"3 Cultists","floor":20,"turns":4},{"damage":18,"enemies":"Snecko","floor":22,"turns":3},{"damage":12,"enemies":"downfall:FleeingMerchant","floor":23,"turns":4},{"damage":27,"enemies":"Cultist and Chosen","floor":26,"turns":4},{"damage":18,"enemies":"Centurion and Healer","floor":28,"turns":6},{"damage":5,"enemies":"Book of Stabbing","floor":31,"turns":3},{"damage":3,"enemies":"Snecko","floor":32,"turns":4},{"damage":41,"enemies":"DF_ARCHETYPE_CLAW","floor":33,"turns":3}],"seed_played":"-7051058592821684642","potions_obtained":[{"floor":5,"key":"CultistPotion"},{"floor":12,"key":"ColorlessPotion"},{"floor":14,"key":"Slimebound:SlimyTonguePotion"},{"floor":15,"key":"Strength Potion"},{"floor":16,"key":"Energy Potion"},{"floor":28,"key":"SmokeBomb"},{"floor":31,"key":"EssenceOfSteel"},{"floor":32,"key":"AttackPotion"}],"is_trial":false,"path_per_floor":["R","M","?","?","M","R","T","E","M","$","M","M","R","M","M","B",null,"R","M","M","?","M","$","T","R","M","?","M","?","T","E","M","B"],"character_chosen":"SLIMEBOUND","items_purchased":["Strange Spoon","DollysMirror"],"campfire_rested":2,"item_purchase_floors":[10,23],"current_hp_per_floor":[65,61,36,18,12,31,31,15,16,28,27,29,48,51,52,35,65,65,62,56,62,44,58,58,58,33,33,19,19,26,30,38,0,0,0],"gold":133,"neow_bonus":"RANDOM_COMMON_RELIC","is_daily":false,"chose_seed":false,"campfire_upgraded":3,"win_rate":0.0,"timestamp":1610930392,"path_taken":["R","M","?","?","?","R","T","E","M","$","M","M","R","M","M","BOSS","R","M","M","?","?","$","T","R","M","?","?","?","?","E","M","BOSS"],"items_purchased_type":["Relic","Relic"],"build_version":"2020-12-22","purchased_purges":0,"victory":false,"max_hp_per_floor":[65,65,65,65,65,65,65,65,65,65,65,65,65,65,65,65,65,65,65,65,71,71,71,71,71,71,71,71,71,78,78,78,78,78,78],"card_choices":[{"not_picked":["Slimebound:RollThrough","Slimebound:Grow","Slimebound:HauntingLick"],"picked":"SKIP","floor":2},{"not_picked":["Slimebound:SplitLeeching","Slimebound:Equalize"],"picked":"Slimebound:SlimeBarrage","floor":3},{"not_picked":["Slimebound:RollThrough","Slimebound:Dissolve","Slimebound:Prepare"],"picked":"SKIP","floor":5},{"not_picked":["Slimebound:ComboTackle","Slimebound:FinishingTackle"],"picked":"Slimebound:PressTheAttack","floor":8},{"not_picked":["Slimebound:FinishingTackle","Slimebound:ComboTackle"],"picked":"Slimebound:LivingWall+1","floor":9},{"not_picked":["Slimebound:DivideAndConquer","Slimebound:SplitAcid+1"],"picked":"Slimebound:OozeBath+1","floor":10},{"not_picked":["Slimebound:SlimeBarrage","Slimebound:ComboTackle"],"picked":"Slimebound:SpikyOuterGoop","floor":11},{"not_picked":["Slimebound:SplitBruiser+1","Slimebound:SlimeBarrage","Slimebound:GrowthPunch"],"picked":"SKIP","floor":12},{"not_picked":["Slimebound:MegaLick+1","Slimebound:Grow","Slimebound:SplitLeeching+1"],"picked":"SKIP","floor":14},{"not_picked":["Slimebound:BestDefense","Slimebound:SplitAcid+1","Slimebound:Schlurp+1"],"picked":"SKIP","floor":15},{"not_picked":["Slimebound:WasteNot+1","Slimebound:Darklings+1"],"picked":"Slimebound:TagTeam","floor":16},{"not_picked":["Slimebound:Recollect+1","Slimebound:LeechEnergy","Slimebound:BestDefense"],"picked":"SKIP","floor":19},{"not_picked":["Slimebound:GoopTackle","Slimebound:HauntingLick+1","Slimebound:SplitBruiser+1"],"picked":"SKIP","floor":20},{"not_picked":["Slimebound:RollThrough+1","Slimebound:SamplingLick+1","Slimebound:SplitMire+1"],"picked":"SKIP","floor":22},{"not_picked":["Slimebound:MegaLick+1","Slimebound:Schlurp+1"],"picked":"Slimebound:LevelUp+1","floor":23},{"not_picked":["Slimebound:HungryTackle","Slimebound:LeechingTouch"],"picked":"Slimebound:Prepare+1","floor":26},{"not_picked":["Slimebound:SplitBruiser+1","Slimebound:LeechEnergy","Slimebound:CheckThePlaybook+1"],"picked":"SKIP","floor":28},{"not_picked":["Slimebound:MassFeed","Slimebound:SplitAcid+1"],"picked":"Slimebound:PrepareCrush+1","floor":31},{"not_picked":["Slimebound:SplitMire+1","Slimebound:Grow+1"],"picked":"Slimebound:SplitSpecialist+1","floor":32}],"player_experience":569619,"relics_obtained":[{"floor":3,"key":"Darkstone Periapt"},{"floor":7,"key":"Toxic Egg 2"},{"floor":8,"key":"Matryoshka"},{"floor":24,"key":"PreservedInsect"},{"floor":24,"key":"Centennial Puzzle"},{"floor":30,"key":"Tiny Chest"},{"floor":30,"key":"Strawberry"},{"floor":31,"key":"White Beast Statue"}],"event_choices":[{"damage_healed":0,"gold_gain":0,"player_choice":"Success","damage_taken":18,"relics_obtained":["MealTicket"],"max_hp_gain":0,"max_hp_loss":0,"event_name":"Scrap Ooze","floor":4,"gold_loss":0},{"damage_healed":0,"gold_gain":0,"cards_transformed":["Slimebound:FlameTackle","Slimebound:WasteNot"],"player_choice":"Became Test Subject","damage_taken":0,"max_hp_gain":0,"max_hp_loss":0,"event_name":"Drug Dealer","floor":29,"gold_loss":0,"cards_obtained":["Slimebound:LeechEnergy","Slimebound:OneTwoCombo"]}],"is_beta":false,"boss_relics":[{"not_picked":["Calling Bell","Snecko Eye"],"picked":"Pandora\u0027s Box"}],"items_purged_floors":[],"is_endless":false,"potions_floor_spawned":[5,12,14,15,16,28,31,32],"killed_by":"DF_ARCHETYPE_CLAW","ascension_level":4}}