{"host":"8a3jzv7qxg3y7b6t","time":1610941723,"event":{"mods":["BaseMod","Better Third Choice","Downfall","Hermit","Minty Spire (QoL Compilation)","Relic Stats","StSLib","The Bug Knight","The Cursed"],"gold_per_floor":[113,113,78,97,97,97,124,124,124,144,157,185,202,218,218,322,322,337,337],"floor_reached":18,"language":"ENG","playtime":1369,"items_purged":[],"score":199,"play_id":"96db4816-8615-42a3-8ba8-a864196d6375","local_time":"20210117194843","is_ascension_mode":false,"campfire_choices":[{"floor":6.0,"key":"RECALL"},{"floor":8.0,"key":"REST"},{"floor":15.0,"key":"REST"}],"circlet_count":0,"master_deck":["TheCursedMod:Strike_TheCursed","TheCursedMod:Strike_TheCursed","TheCursedMod:Strike_TheCursed","TheCursedMod:Strike_TheCursed","TheCursedMod:Defend_TheCursed","TheCursedMod:Defend_TheCursed","TheCursedMod:Defend_TheCursed","TheCursedMod:Defend_TheCursed","TheCursedMod:CursedWand","TheCursedMod:CleanUpWorkshop","TheCursedMod:Dregs","TheCursedMod:SmokeScreen","Apotheosis+1","TheCursedMod:EmpowerCircles","TheCursedMod:Mangle","TheCursedMod:HellsGateOpen","TheCursedMod:ReleasedStrength","TheCursedMod:FleshFromBone","TheCursedMod:CircleOfFlame","TheCursedMod:CircleOfFlame","TheCursedMod:CircleOfFocus","TheCursedMod:SpreadPlague","TheCursedMod:CircleOfAbyss"],"relics":["TheCursedMod:BlackMagic101","GremlinMask","Mummified Hand","Mercury Hourglass","Dream Catcher","Sozu"],"acts_visited":["Exordium","TheCity"],"potions_floor_usage":[],"damage_taken":[{"damage":0.0,"enemies":"2 Louse","floor":1.0,"turns":3.0},{"damage":0.0,"enemies":"Jaw Worm","floor":4.0,"turns":4.0},{"damage":64.0,"enemies":"Gremlin Nob","floor":7.0,"turns":8.0},{"damage":0.0,"enemies":"Cultist","floor":10.0,"turns":3.0},{"damage":16.0,"enemies":"Gremlin Gang","floor":11.0,"turns":4.0},{"damage":0.0,"enemies":"Lagavulin","floor":12.0,"turns":7.0},{"damage":6.0,"enemies":"Exordium Thugs","floor":13.0,"turns":5.0},{"damage":0.0,"enemies":"2 Fungi Beasts","floor":14.0,"turns":2.0},{"damage":15.0,"enemies":"Hexaghost","floor":16.0,"turns":8.0},{"damage":20,"enemies":"Spheric Guardian","floor":18,"turns":4}],"seed_played":"7962754740497230549","potions_obtained":[{"floor":7.0,"key":"Weak Potion"},{"floor":12.0,"key":"Weak Potion"},{"floor":13.0,"key":"BlessingOfTheForge"}],"is_trial":false,"path_per_floor":["M","?","$","M","?","R","E","R","T","M","M","E","M","M","R","B",null,"M"],"character_chosen":"THE_CURSED","items_purchased":["TheCursedMod:EmpowerCircles"],"campfire_rested":2,"item_purchase_floors":[3],"current_hp_per_floor":[82,82,82,82,82,82,18,42,42,42,26,26,20,20,44,29,82,62,62],"gold":337,"neow_bonus":"TEN_PERCENT_HP_BONUS","is_daily":false,"chose_seed":false,"campfire_upgraded":0,"win_rate":0.0,"timestamp":1610941723,"path_taken":["M","?","$","M","?","R","E","R","T","M","M","E","M","?","R","BOSS","M"],"items_purchased_type":["Card"],"build_version":"2020-12-22","purchased_purges":0,"victory":false,"max_hp_per_floor":[82,82,82,82,82,82,82,82,82,82,82,82,82,82,82,82,82,82,82],"relic_stats":{"Sozu":0,"Dream Catcher":1,"counters":[10,48],"Mummified Hand":[7],"obtain_stats":[{"Sozu":17,"TheCursedMod:BlackMagic101":0,"Dream Catcher":12,"Mummified Hand":7,"GremlinMask":5,"Mercury Hourglass":9},{"Sozu":9,"TheCursedMod:BlackMagic101":0,"Dream Catcher":6,"Mummified Hand":3,"GremlinMask":2,"Mercury Hourglass":3},{"Sozu":44,"TheCursedMod:BlackMagic101":0,"Dream Catcher":29,"Mummified Hand":15,"GremlinMask":7,"Mercury Hourglass":15}],"Mercury Hourglass":[96]},"card_choices":[{"not_picked":["TheCursedMod:Stretching","TheCursedMod:CursedShiv"],"picked":"TheCursedMod:SmokeScreen","floor":1.0},{"not_picked":["TheCursedMod:SoulCrush","TheCursedMod:RapidMovement"],"picked":"TheCursedMod:Mangle","floor":4.0},{"not_picked":["TheCursedMod:CircleOfAbyss","TheCursedMod:SpitefulStrike"],"picked":"TheCursedMod:HellsGateOpen","floor":7.0},{"not_picked":["TheCursedMod:SmokeScreen","TheCursedMod:CursedBlade"],"picked":"TheCursedMod:ReleasedStrength","floor":10.0},{"not_picked":["TheCursedMod:TacticalStrike","TheCursedMod:CircleOfFocus"],"picked":"TheCursedMod:FleshFromBone","floor":11.0},{"not_picked":["TheCursedMod:AntiAging","TheCursedMod:StunningStrike"],"picked":"TheCursedMod:CircleOfFlame","floor":12.0},{"not_picked":["TheCursedMod:AbyssShockwave","TheCursedMod:HellsGateOpen"],"picked":"TheCursedMod:CircleOfFlame","floor":13.0},{"not_picked":["TheCursedMod:Wield","TheCursedMod:CursedStaff"],"picked":"TheCursedMod:CircleOfFocus","floor":14.0},{"not_picked":["TheCursedMod:FuryStrike","TheCursedMod:Grudge"],"picked":"TheCursedMod:SpreadPlague","floor":15.0},{"not_picked":["TheCursedMod:DemonSword","TheCursedMod:NeowsMight"],"picked":"TheCursedMod:CircleOfAbyss","floor":16.0}],"player_experience":600651,"relics_obtained":[{"floor":7.0,"key":"Mummified Hand"},{"floor":9.0,"key":"Mercury Hourglass"},{"floor":12.0,"key":"Dream Catcher"}],"event_choices":[{"damage_healed":82.0,"max_hp_gain":0.0,"max_hp_loss":82.0,"gold_gain":0.0,"event_name":"betterThird:BetterShining","player_choice":"Embrace","floor":2.0,"gold_loss":0.0,"damage_taken":0.0},{"damage_healed":0.0,"max_hp_gain":0.0,"max_hp_loss":0.0,"gold_gain":0.0,"event_name":"FaceTrader","player_choice":"Trade","floor":5.0,"gold_loss":0.0,"damage_taken":0.0,"relics_obtained":["GremlinMask"]}],"is_beta":false,"boss_relics":[{"not_picked":["TheCursedMod:BlackMagicAdvanced","Pandora\u0027s Box"],"picked":"Sozu"}],"items_purged_floors":[],"is_endless":false,"potions_floor_spawned":[7,12,13],"killed_by":"Spheric Guardian","ascension_level":0}}