{"host":"cw25u8qal1h0d7ia","time":1610978742,"event":{"mods":["BaseMod","Downfall","Minty Spire (QoL Compilation)","StSLib"],"gold_per_floor":[99,117,117,132,132,142,169,181,81,98,111,142,52,52,69,69,69],"floor_reached":16,"language":"ENG","playtime":901,"items_purged":["bronze:Strike"],"score":114,"play_id":"12af2495-5c9c-4ca7-b1e7-5f7e1e2ce966","local_time":"20210118150542","is_ascension_mode":true,"campfire_choices":[{"floor":1,"key":"RECALL"},{"data":"bronze:Separator","floor":9,"key":"SMITH"}],"circlet_count":0,"master_deck":["bronze:Strike","bronze:Strike","bronze:Strike","bronze:Defend","bronze:Defend","bronze:Defend","bronze:Defend","bronze:Replicate+1","bronze:Goto+1","bronze:Optimize+1","bronze:Separator+1","bronze:Assembly+1","downfall:Malfunctioning","bronze:Constructor"],"relics":["bronze:BronzeCore","Vajra","Gremlin Horn","Tiny Chest","downfall:HeartBlessingRed","Slimebound:StickyStick"],"acts_visited":["Exordium"],"potions_floor_usage":[11,12,16,16],"damage_taken":[{"damage":0,"enemies":"2 Louse","floor":2,"turns":3},{"damage":7,"enemies":"Small Slimes","floor":4,"turns":4},{"damage":7,"enemies":"Jaw Worm","floor":6,"turns":2},{"damage":5,"enemies":"2 Fungi Beasts","floor":8,"turns":3},{"damage":8,"enemies":"Blue Slaver","floor":10,"turns":2},{"damage":10,"enemies":"Gremlin Gang","floor":11,"turns":3},{"damage":14,"enemies":"Gremlin Nob","floor":12,"turns":3},{"damage":0,"enemies":"downfall:FleeingMerchant","floor":13,"turns":4},{"damage":0,"enemies":"3 Louse","floor":15,"turns":2},{"damage":34,"enemies":"WA_ARCHETYPE_RETAIN","floor":16,"turns":4}],"seed_played":"1696797178416118711","potions_obtained":[{"floor":2,"key":"SkillPotion"},{"floor":4,"key":"ColorlessPotion"},{"floor":11,"key":"LiquidBronze"},{"floor":12,"key":"Ancient Potion"}],"is_trial":false,"path_per_floor":["R","M","?","M","?","M","T","M","R","M","M","E","$","?","M","B"],"character_chosen":"THE_AUTOMATON","items_purchased":[],"campfire_rested":0,"item_purchase_floors":[],"current_hp_per_floor":[70,70,52,45,45,38,38,33,33,25,15,1,1,1,1,0,0],"gold":69,"neow_bonus":"UPGRADE_CARD","is_daily":false,"chose_seed":false,"campfire_upgraded":1,"win_rate":0.0,"timestamp":1610978742,"path_taken":["R","M","?","M","?","M","T","M","R","M","M","E","$","?","M","BOSS"],"items_purchased_type":[],"build_version":"2020-12-22","purchased_purges":1,"victory":false,"max_hp_per_floor":[70,70,70,70,70,70,70,70,70,70,70,70,70,70,70,70,70],"card_choices":[{"not_picked":["bronze:DigitalCarnage","bronze:Fortify","bronze:BronzeOrb"],"picked":"SKIP","floor":2},{"not_picked":["bronze:NullPointer","bronze:BugBarrage","bronze:MaxOutput"],"picked":"SKIP","floor":4},{"not_picked":["bronze:DelayedGuard","bronze:DarkDash"],"picked":"bronze:Optimize","floor":6},{"not_picked":["bronze:FineTuning","bronze:DelayedSlice"],"picked":"bronze:Separator","floor":8},{"not_picked":["bronze:FineTuning","bronze:WildBeam","bronze:Allocate"],"picked":"SKIP","floor":10},{"not_picked":["bronze:ForLoop","bronze:BuggyMess"],"picked":"bronze:Assembly","floor":11},{"not_picked":["bronze:BitShift","bronze:Turbo","bronze:Shield"],"picked":"SKIP","floor":12},{"not_picked":["bronze:Assembly","bronze:Repair","bronze:WildBeam"],"picked":"SKIP","floor":13},{"not_picked":["bronze:DelayedSlice","bronze:Backtrace"],"picked":"bronze:Constructor","floor":15}],"player_experience":588358,"relics_obtained":[{"floor":7,"key":"Tiny Chest"},{"floor":12,"key":"Slimebound:StickyStick"}],"event_choices":[{"damage_healed":0,"gold_gain":0,"player_choice":"Success","damage_taken":18,"relics_obtained":["Vajra"],"max_hp_gain":0,"max_hp_loss":0,"event_name":"Scrap Ooze","floor":3,"gold_loss":0}],"is_beta":false,"boss_relics":[],"items_purged_floors":[13],"is_endless":false,"potions_floor_spawned":[2,4,11,12],"killed_by":"WA_ARCHETYPE_RETAIN","ascension_level":2}}