{"host":"kq2g769nefmuyn7c","time":1610947004,"event":{"mods":["ATMod(°¢èªMod)","Act Like it!","BaseMod","Gensokyo","Koishi","Minty Spire (QoL Compilation)","Remilia£¨ÀÙÃ×ÀòÑÇ£©","Replay The Spire","StSLib","The Servant 0.9.4"],"gold_per_floor":[113,63,63,82,102,133,133,133,133,133,133,163,174,206,206,308,308,320,330,330,346,359,394,394,426,426,446,446,475,400,400,400,498,498,509,609,649,387,400,435,435,167,167,167,186,61,86,98,98,98],"floor_reached":51,"language":"ZHS","playtime":4694,"items_purged":["Replay:Hysterical Blindness","Footwork","Parasite"],"score":1180,"play_id":"4d5ca7d9-a067-4a3c-ae83-7f45a1885275","local_time":"20210118131644","is_ascension_mode":true,"campfire_choices":[{"data":"AT_FocusSwordFire","floor":7,"key":"SMITH"},{"data":"AT_FamilyPortrait","floor":11,"key":"SMITH"},{"data":"Strike_G","floor":15,"key":"PURGE"},{"data":"Concentrate","floor":24,"key":"SMITH"},{"data":"Bouncing Flask","floor":28,"key":"PURGE"},{"data":"Crow Ritual","floor":41,"key":"SMITH"},{"data":"Crow Ritual","floor":44,"key":"SMITH"},{"data":"AT_ArcaneSupremacy+1","floor":49,"key":"PURGE"}],"circlet_count":0,"master_deck":["Survivor","Neutralize+1","AT_FamilyPortrait+1","After Image+1","Expertise","Escape Plan","AT_FocusSwordFire+1","Reflex","AT_EssenceShift","Die Die Die","Prepared+1","Concentrate+1","Calculated Gamble","Acrobatics","Crow Ritual+1","Crow Ritual+1","Gensokyo:AllTheWorldsEvil","Grand Finale"],"relics":["Ring of the Snake","AT_ATBox","Thread and Needle","Tough Bandages","Peace Pipe","Dead Branch","AT_LudenTempest","Replay:Grab Bag","Cursed Key","Coffee Dripper","Pandora\u0027s Box","Vampiric Spirits","MealTicket","Boot","Kintsugi","Replay:Rubber Ducky","Replay:Kaleidoscope","Toy Ornithopter"],"acts_visited":["Exordium","TheCity","TheBeyond"],"potions_floor_usage":[6],"damage_taken":[{"damage":0,"enemies":"2 Louse","floor":1,"turns":3},{"damage":0,"enemies":"Jaw Worm","floor":4,"turns":4},{"damage":0,"enemies":"Small Slimes","floor":5,"turns":6},{"damage":10,"enemies":"3 Sentries","floor":6,"turns":12},{"damage":0,"enemies":"Lagavulin","floor":12,"turns":4},{"damage":0,"enemies":"2 Fungi Beasts","floor":13,"turns":2},{"damage":5,"enemies":"Replay:BlueRogue","floor":14,"turns":3},{"damage":4,"enemies":"Slime Boss","floor":16,"turns":3},{"damage":0,"enemies":"Spheric Guardian","floor":18,"turns":1},{"damage":0,"enemies":"2 Thieves","floor":19,"turns":3},{"damage":0,"enemies":"Snake Plant","floor":21,"turns":2},{"damage":0,"enemies":"Snecko","floor":22,"turns":4},{"damage":0,"enemies":"Gremlin Leader","floor":23,"turns":2},{"damage":27,"enemies":"Slavers","floor":25,"turns":3},{"damage":0,"enemies":"Centurion and Healer","floor":27,"turns":1},{"damage":8,"enemies":"Book of Stabbing","floor":29,"turns":3},{"damage":6,"enemies":"Champ","floor":33,"turns":4},{"damage":0,"enemies":"3 Shapes","floor":35,"turns":1},{"damage":0,"enemies":"3 Darklings","floor":37,"turns":1},{"damage":0,"enemies":"Transient","floor":39,"turns":3},{"damage":0,"enemies":"R_Hoarder","floor":40,"turns":4},{"damage":0,"enemies":"Spire Growth","floor":45,"turns":2},{"damage":0,"enemies":"Reptomancer","floor":47,"turns":2},{"damage":1,"enemies":"Sphere and 2 Shapes","floor":48,"turns":2},{"damage":0,"enemies":"Time Eater","floor":50,"turns":5}],"seed_played":"-6232020939400742248","potions_obtained":[{"floor":1,"key":"CultistPotion"},{"floor":12,"key":"Dexterity Potion"},{"floor":13,"key":"FairyPotion"},{"floor":18,"key":"Ancient Potion"},{"floor":19,"key":"LiquidMemories"},{"floor":33,"key":"DistilledChaos"}],"is_trial":false,"path_per_floor":["M","?","?","M","M","E","R","?","T","T","R","E","M","E","R","B",null,"M","M","?","M","M","E","R","E","T","M","R","E","?","?","R","B",null,"M","?","M","$","M","E","R","$","T","R","M","$","E","M","R","B",null],"character_chosen":"THE_SILENT","items_purchased":["Crow Ritual","Crow Ritual"],"campfire_rested":0,"item_purchase_floors":[38,42],"current_hp_per_floor":[70,70,56,56,56,46,46,51,51,51,51,51,51,46,46,42,75,75,75,75,75,75,75,75,48,48,68,68,67,67,67,67,70,75,78,78,78,78,78,78,78,78,78,78,78,75,75,74,74,75],"gold":98,"neow_bonus":"TRANSFORM_CARD","is_daily":false,"chose_seed":false,"campfire_upgraded":5,"win_rate":0.0,"timestamp":1610947004,"path_taken":["M","?","?","M","M","E","R","?","T","?","R","E","M","E","R","BOSS","M","M","?","M","M","E","R","E","T","M","R","E","?","?","R","BOSS","M","?","?","$","M","E","R","$","T","R","M","$","E","M","R","BOSS"],"items_purchased_type":["Card","Card"],"build_version":"2020-12-22","purchased_purges":3,"victory":true,"max_hp_per_floor":[70,70,70,70,70,70,70,75,75,75,75,75,75,75,75,75,75,75,75,75,75,75,75,75,75,75,75,75,75,75,75,75,75,75,78,78,78,78,78,78,78,78,78,78,78,75,75,75,75,75],"card_choices":[{"not_picked":["Dagger Throw","Cloak And Dagger"],"picked":"Prepared","floor":1},{"not_picked":["Underhanded Strike","Quick Slash"],"picked":"Expertise","floor":4},{"not_picked":["Caltrops","Quick Slash"],"picked":"Escape Plan","floor":5},{"not_picked":["Poisoned Stab","Dagger Throw"],"picked":"AT_FocusSwordFire","floor":6},{"not_picked":["Eviscerate","Dagger Spray"],"picked":"Footwork","floor":12},{"not_picked":["Underhanded Strike","AT_WindFlip"],"picked":"Atom Bomb","floor":13},{"not_picked":["Poisoned Stab","Underhanded Strike"],"picked":"Reflex","floor":14},{"not_picked":["Adrenaline","Storm of Steel"],"picked":"AT_EssenceShift","floor":16},{"not_picked":["Outmaneuver+1","Dagger Spray+1"],"picked":"Prepared+1","floor":18},{"not_picked":["AT_Desolate","AT_ShadowStep","Draining Mist+1"],"picked":"SKIP","floor":19},{"not_picked":["Catalyst","Noxious Fumes","Dagger Throw+1"],"picked":"SKIP","floor":21},{"not_picked":["Backflip","Outmaneuver"],"picked":"Concentrate","floor":22},{"not_picked":["ReplayTheSpireMod:Shiv Toss","Noxious Fumes+1"],"picked":"AT_ArcaneSupremacy+1","floor":23},{"not_picked":["Footwork","Night Terror","Dodge and Roll+1"],"picked":"SKIP","floor":25},{"not_picked":["Leg Sweep","Prepared+1","Accuracy"],"picked":"SKIP","floor":27},{"not_picked":["Doppelganger","Sucker Punch","Well Laid Plans"],"picked":"SKIP","floor":29},{"not_picked":["Infinite Blades","ReplayTheSpireMod:Scrap Shanks"],"picked":"Acrobatics","floor":35},{"not_picked":["Toxin Wave","Outmaneuver","Eviscerate+1"],"picked":"SKIP","floor":37},{"not_picked":["ReplayTheSpireMod:Scrap Shanks+1","Backstab+1","Infinite Blades"],"picked":"SKIP","floor":39},{"not_picked":["Reflex","Backstab","Blade Dance"],"picked":"SKIP","floor":40},{"not_picked":["Outmaneuver+1","Dagger Throw+1","Doppelganger"],"picked":"SKIP","floor":45},{"not_picked":["Deflect+1","ReplayTheSpireMod:Exploit Weakness+1"],"picked":"Grand Finale","floor":47},{"not_picked":["Quick Slash+1","AT_WindRun","Deflect+1"],"picked":"SKIP","floor":48}],"player_experience":251309,"relics_obtained":[{"floor":6,"key":"Thread and Needle"},{"floor":9,"key":"Tough Bandages"},{"floor":10,"key":"Peace Pipe"},{"floor":12,"key":"Dead Branch"},{"floor":14,"key":"AT_LudenTempest"},{"floor":23,"key":"Vampiric Spirits"},{"floor":25,"key":"MealTicket"},{"floor":29,"key":"Boot"},{"floor":40,"key":"Replay:Rubber Ducky"},{"floor":43,"key":"Replay:Kaleidoscope"},{"floor":47,"key":"Toy Ornithopter"}],"event_choices":[{"cards_removed":["Strike_G"],"damage_healed":0,"gold_gain":0,"player_choice":"Card Removal","damage_taken":0,"max_hp_gain":0,"max_hp_loss":0,"event_name":"The Cleric","floor":2,"gold_loss":50},{"damage_healed":0,"gold_gain":0,"player_choice":"Entered Light","damage_taken":14,"max_hp_gain":0,"max_hp_loss":0,"event_name":"Shining Light","floor":3,"gold_loss":0,"cards_upgraded":["After Image","Neutralize"]},{"damage_healed":0,"gold_gain":0,"player_choice":"Donut","damage_taken":0,"max_hp_gain":5,"max_hp_loss":0,"event_name":"Big Fish","floor":8,"gold_loss":0},{"damage_healed":0,"gold_gain":0,"player_choice":"Ignored","damage_taken":0,"max_hp_gain":0,"max_hp_loss":0,"event_name":"Vampires","floor":20,"gold_loss":0},{"cards_removed":["Doubt"],"damage_healed":0,"gold_gain":0,"player_choice":"Gave Gold","damage_taken":0,"max_hp_gain":0,"max_hp_loss":0,"event_name":"Beggar","floor":30,"gold_loss":75},{"cards_removed":["Fluid Movement"],"damage_healed":0,"gold_gain":0,"player_choice":"Elegance","damage_taken":0,"max_hp_gain":0,"max_hp_loss":0,"event_name":"Back to Basics","floor":31,"gold_loss":0},{"damage_healed":0,"gold_gain":100,"player_choice":"Pray","damage_taken":0,"max_hp_gain":0,"max_hp_loss":0,"event_name":"Golden Shrine","floor":36,"gold_loss":0}],"is_beta":false,"boss_relics":[{"not_picked":["Replay:Ancient Bell","Replay:Drink Me"],"picked":"Replay:Grab Bag"},{"not_picked":["Velvet Choker","Busted Crown"],"picked":"Cursed Key"},{"not_picked":["ChewingGum","Sozu"],"picked":"Coffee Dripper"},{"not_picked":["Ring of the Serpent","Black Star"],"picked":"Pandora\u0027s Box"},{"not_picked":["ReplayTheSpireMod:DimensionalGlitch","Honey Jar"],"picked":"Kintsugi"}],"items_purged_floors":[38,42,46],"is_endless":false,"potions_floor_spawned":[1,12,13,18,19,27,33,35,39,45,48],"ascension_level":4}}