{"host":"dl7h25vjpuplx29g","time":1610991055,"event":{"mods":["BaseMod","Colored Map","Minty Spire (QoL Compilation)","StSLib"],"gold_per_floor":[112,127,147,297,316,342,342,369,394,394,407,407,424,456,468,553,565,587,612,624,636,573,613,625,68,68,68,78,91,103,118,118,197,197,209,258,283,301,319,319,348,348,372,401,121,131,159,178,178,178],"floor_reached":51,"language":"JPN","playtime":4554,"items_purged":["Strike_P","Defend_P"],"score":1632,"play_id":"28b96fe5-a5b1-43a0-9cd0-147f5be6087e","local_time":"20210119023055","is_ascension_mode":true,"campfire_choices":[{"data":"Eruption","floor":7.0,"key":"SMITH"},{"data":"Vigilance","floor":10.0,"key":"SMITH"},{"data":"Adaptation","floor":12.0,"key":"SMITH"},{"data":"EmptyBody","floor":15.0,"key":"SMITH"},{"data":"TalkToTheHand","floor":24.0,"key":"SMITH"},{"data":"EmptyMind","floor":32.0,"key":"SMITH"},{"data":"MentalFortress","floor":40.0,"key":"SMITH"},{"data":"DevaForm","floor":42.0,"key":"SMITH"},{"data":"MentalFortress","floor":49,"key":"SMITH"}],"circlet_count":0,"master_deck":["AscendersBane","Defend_P","Defend_P","Defend_P","Eruption+1","Vigilance+1","CurseOfTheBell","Indignation","CutThroughFate","FlurryOfBlows","Doubt","DevaForm+1","BowlingBash","EmptyBody+1","Adaptation+1","BowlingBash","ForeignInfluence","MasterReality","Wallop+1","TalkToTheHand+1","Tantrum+1","BowlingBash","MentalFortress+1","EmptyMind+1","Halt+1","Scrawl","ClearTheMind","WaveOfTheHand","ThirdEye+1","DeceiveReality","Halt","Scrawl+1","MentalFortress+1","EmptyBody","ForeignInfluence"],"relics":["Calling Bell","Happy Flower","Darkstone Periapt","Du-Vu Doll","Meat on the Bone","MealTicket","MawBank","Philosopher\u0027s Stone","Bottled Tornado","Ginger","Bag of Preparation","The Courier","Snecko Eye","CaptainsWheel","Thread and Needle","Juzu Bracelet","Vajra","War Paint","Melange","Smiling Mask"],"acts_visited":["Exordium","TheCity","TheBeyond"],"potions_floor_usage":[50],"damage_taken":[{"damage":0.0,"enemies":"Small Slimes","floor":1.0,"turns":3.0},{"damage":7.0,"enemies":"2 Louse","floor":2.0,"turns":3.0},{"damage":0.0,"enemies":"Cultist","floor":3.0,"turns":2.0},{"damage":5.0,"enemies":"Gremlin Gang","floor":5.0,"turns":5.0},{"damage":0.0,"enemies":"Gremlin Nob","floor":6.0,"turns":2.0},{"damage":20.0,"enemies":"3 Sentries","floor":8.0,"turns":3.0},{"damage":1.0,"enemies":"Looter","floor":11.0,"turns":3.0},{"damage":12.0,"enemies":"Blue Slaver","floor":13.0,"turns":4.0},{"damage":0.0,"enemies":"Gremlin Nob","floor":14.0,"turns":2.0},{"damage":0.0,"enemies":"Slime Boss","floor":16.0,"turns":3.0},{"damage":22.0,"enemies":"Shell Parasite","floor":18.0,"turns":5.0},{"damage":12.0,"enemies":"2 Thieves","floor":19.0,"turns":3.0},{"damage":30.0,"enemies":"Book of Stabbing","floor":23.0,"turns":4.0},{"damage":0.0,"enemies":"Cultist and Chosen","floor":28.0,"turns":2.0},{"damage":0.0,"enemies":"Centurion and Healer","floor":29.0,"turns":1.0},{"damage":15.0,"enemies":"Snake Plant","floor":30.0,"turns":2.0},{"damage":2.0,"enemies":"Chosen and Byrds","floor":31.0,"turns":2.0},{"damage":22.0,"enemies":"Champ","floor":33.0,"turns":7.0},{"damage":0.0,"enemies":"Orb Walker","floor":35.0,"turns":2.0},{"damage":11.0,"enemies":"2 Orb Walkers","floor":36.0,"turns":3.0},{"damage":0.0,"enemies":"Mind Bloom Boss Battle","floor":37.0,"turns":3.0},{"damage":0.0,"enemies":"3 Shapes","floor":38.0,"turns":2.0},{"damage":0.0,"enemies":"Jaw Worm Horde","floor":39.0,"turns":2.0},{"damage":5.0,"enemies":"Giant Head","floor":41.0,"turns":7.0},{"damage":0.0,"enemies":"Reptomancer","floor":44.0,"turns":4.0},{"damage":0,"enemies":"Transient","floor":46,"turns":5},{"damage":0,"enemies":"Giant Head","floor":47,"turns":6},{"damage":8,"enemies":"Maw","floor":48,"turns":7},{"damage":9,"enemies":"Donu and Deca","floor":50,"turns":11}],"seed_played":"7662858406085489733","potions_obtained":[{"floor":1.0,"key":"StancePotion"},{"floor":3.0,"key":"PowerPotion"},{"floor":13.0,"key":"DistilledChaos"},{"floor":16.0,"key":"GamblersBrew"},{"floor":19.0,"key":"CultistPotion"},{"floor":29.0,"key":"SkillPotion"},{"floor":36.0,"key":"ColorlessPotion"},{"floor":38.0,"key":"Dexterity Potion"},{"floor":39.0,"key":"BottledMiracle"},{"floor":44.0,"key":"Swift Potion"}],"is_trial":false,"path_per_floor":["M","M","M","?","M","E","R","E","T","R","M","R","M","E","R","B",null,"M","M","?","?","?","E","R","$","T","?","M","M","M","M","R","B",null,"M","?","?","M","M","R","E","R","T","E","$","M","E","M","R","B",null],"character_chosen":"WATCHER","items_purchased":["Ginger","Bag of Preparation","MentalFortress","Melange"],"campfire_rested":0,"item_purchase_floors":[25,25,45,45],"current_hp_per_floor":[61,54,54,60,55,55,55,47,47,47,46,46,46,46,46,46,67,45,45,45,45,45,27,27,42,42,42,42,42,39,49,49,39,65,65,54,54,54,54,54,49,49,49,49,64,64,64,56,56,47],"gold":178,"neow_bonus":"BOSS_RELIC","is_daily":false,"chose_seed":false,"campfire_upgraded":9,"win_rate":0.0,"timestamp":1610991055,"path_taken":["M","M","M","?","M","E","R","E","T","R","M","R","M","E","R","BOSS","M","M","?","?","?","E","R","$","T","?","?","?","M","M","R","BOSS","M","?","?","M","M","R","E","R","T","E","$","M","E","M","R","BOSS"],"items_purchased_type":["Relic","Relic","Card","Relic"],"build_version":"2020-12-22","purchased_purges":2,"victory":true,"max_hp_per_floor":[68,68,68,74,74,74,74,74,74,74,74,74,74,74,74,74,74,74,74,74,74,74,74,74,74,74,74,74,74,74,74,74,74,74,74,74,74,74,74,74,74,74,74,74,74,74,74,74,74,74],"card_choices":[{"not_picked":["FollowUp","PathToVictory"],"picked":"Indignation","floor":1.0},{"not_picked":["FollowUp","FlyingSleeves"],"picked":"CutThroughFate","floor":2.0},{"not_picked":["Evaluate","ThirdEye"],"picked":"FlurryOfBlows","floor":3.0},{"not_picked":["EmptyMind","EmptyBody"],"picked":"DevaForm","floor":5.0},{"not_picked":["Perseverance","Evaluate"],"picked":"BowlingBash","floor":6.0},{"not_picked":["CutThroughFate","BowlingBash"],"picked":"EmptyBody","floor":8.0},{"not_picked":["LikeWater","Evaluate"],"picked":"Adaptation","floor":11.0},{"not_picked":["Prostrate","Perseverance"],"picked":"BowlingBash","floor":13.0},{"not_picked":["WindmillStrike","SashWhip"],"picked":"ForeignInfluence","floor":14.0},{"not_picked":["Wish","SpiritShield"],"picked":"MasterReality","floor":16.0},{"not_picked":["EmptyFist","Conclude"],"picked":"Wallop+1","floor":18.0},{"not_picked":["FollowUp","FlurryOfBlows","Consecrate"],"picked":"SKIP","floor":19.0},{"not_picked":["FlyingSleeves","FlurryOfBlows"],"picked":"Tantrum+1","floor":23.0},{"not_picked":["Crescendo","Halt"],"picked":"MentalFortress","floor":28.0},{"not_picked":["Tantrum","WheelKick"],"picked":"EmptyMind","floor":29.0},{"not_picked":["WreathOfFlame","CutThroughFate"],"picked":"Halt","floor":30.0},{"not_picked":["PathToVictory+1","CarveReality","WindmillStrike"],"picked":"SKIP","floor":31.0},{"not_picked":["Brilliance","MasterReality"],"picked":"Scrawl","floor":33.0},{"not_picked":["SashWhip","Prostrate","Tantrum"],"picked":"SKIP","floor":35.0},{"not_picked":["CrushJoints","Vengeance"],"picked":"ClearTheMind","floor":36.0},{"not_picked":["Worship","Indignation+1"],"picked":"WaveOfTheHand","floor":37.0},{"not_picked":["Conclude+1","JustLucky"],"picked":"ThirdEye+1","floor":38.0},{"not_picked":["EmptyFist+1","FollowUp"],"picked":"DeceiveReality","floor":39.0},{"not_picked":["FlurryOfBlows","Blasphemy"],"picked":"Halt","floor":41.0},{"not_picked":["Evaluate","EmptyFist"],"picked":"Scrawl","floor":44.0},{"not_picked":["CrushJoints","SandsOfTime","Evaluate"],"picked":"SKIP","floor":46},{"not_picked":["BowlingBash","FollowUp+1"],"picked":"EmptyBody","floor":47},{"not_picked":["Protect","CutThroughFate"],"picked":"ForeignInfluence","floor":48}],"player_experience":1639739,"relics_obtained":[{"floor":0.0,"key":"Happy Flower"},{"floor":0.0,"key":"Darkstone Periapt"},{"floor":0.0,"key":"Du-Vu Doll"},{"floor":6.0,"key":"Meat on the Bone"},{"floor":8.0,"key":"MealTicket"},{"floor":14.0,"key":"MawBank"},{"floor":23.0,"key":"Bottled Tornado"},{"floor":26.0,"key":"The Courier"},{"floor":36.0,"key":"CaptainsWheel"},{"floor":37.0,"key":"Thread and Needle"},{"floor":41.0,"key":"Juzu Bracelet"},{"floor":43.0,"key":"Vajra"},{"floor":44.0,"key":"War Paint"},{"floor":47,"key":"Smiling Mask"}],"event_choices":[{"damage_healed":0.0,"max_hp_gain":0.0,"max_hp_loss":0.0,"gold_gain":150.0,"event_name":"Liars Game","player_choice":"AGREE","floor":4.0,"gold_loss":0.0,"damage_taken":0.0,"cards_obtained":["Doubt"]},{"damage_healed":0.0,"max_hp_gain":0.0,"max_hp_loss":0.0,"gold_gain":0.0,"event_name":"The Library","player_choice":"Read","floor":20.0,"gold_loss":0.0,"damage_taken":0.0,"cards_obtained":["TalkToTheHand"]},{"cards_removed":["Strike_P"],"damage_healed":0.0,"max_hp_gain":0.0,"max_hp_loss":0.0,"gold_gain":0.0,"event_name":"Back to Basics","player_choice":"Elegance","floor":21.0,"gold_loss":0.0,"damage_taken":0.0},{"cards_removed":["Strike_P"],"damage_healed":0.0,"max_hp_gain":0.0,"max_hp_loss":0.0,"gold_gain":0.0,"event_name":"Beggar","player_choice":"Gave Gold","floor":22.0,"gold_loss":75.0,"damage_taken":0.0},{"damage_healed":0.0,"max_hp_gain":0.0,"max_hp_loss":0.0,"gold_gain":0.0,"cards_transformed":["Strike_P"],"event_name":"Transmorgrifier","player_choice":"Transformed","floor":27.0,"gold_loss":0.0,"damage_taken":0.0,"cards_obtained":["BowlingBash"]},{"damage_healed":0.0,"max_hp_gain":0.0,"max_hp_loss":0.0,"gold_gain":0.0,"event_name":"Mysterious Sphere","player_choice":"Fight","floor":36.0,"gold_loss":0.0,"damage_taken":0.0},{"damage_healed":0.0,"max_hp_gain":0.0,"max_hp_loss":0.0,"gold_gain":0.0,"event_name":"MindBloom","player_choice":"Fight","floor":37.0,"gold_loss":0.0,"damage_taken":0.0}],"is_beta":false,"boss_relics":[{"not_picked":["Runic Pyramid","Ectoplasm"],"picked":"Philosopher\u0027s Stone"},{"not_picked":["Fusion Hammer","Empty Cage"],"picked":"Snecko Eye"}],"items_purged_floors":[25,45],"is_endless":false,"potions_floor_spawned":[1,3,13,16,18,19,29,36,38,39,44],"ascension_level":16}}