{"host":"gk9qdtkqd8dwfeg2","time":1610980461,"event":{"mods":["Act Like it!","Aspiration","BaseMod","Colored Powertips","KomeijiMod","Minty Spire (QoL Compilation)","Quick Restart","Replay The Spire","Shop Mod","StSLib","TestMod","The Gatherer","The Servant 0.9.4","Waifu the Spire","WarShipGirlsR/战舰少女R mod","Yuri Mod","【遗物卡牌】REMEMod"],"gold_per_floor":[362,379,389,402,418,449,449,449,520,535,570,115,115,143,143,143,143],"floor_reached":16,"language":"ZHS","playtime":419,"items_purged":["Sickly"],"score":162,"play_id":"d75ab1bd-4afc-4941-81cd-cf33a9dea0e2","local_time":"20210118223421","is_ascension_mode":true,"campfire_choices":[{"data":"LightFlow","floor":7,"key":"SMITH"},{"data":"BottledTime","floor":15,"key":"SMITH"}],"circlet_count":0,"master_deck":["Strike_S","Strike_S","Strike_S","Strike_S","Defend_S","Defend_S","Defend_S","Defend_S","KidneyShot","Exchange","REME_HeartOfCthun+1","Foresight","Alleviate","TimeWarp","MoonPhase","DualDimension","LightFlow+1","SurpressingFire","BottledTime+1","Orbit"],"relics":["Uniform","testmod-TestBox","REME_ComplimentaryCards","testmod-Brilliant","Incense Burner","The Courier","Pet Ghost","ReplayTheSpireMod:CursedCoin","MerchantsRug","Potion Belt","testmod-CrystalShield","PaperSwan","testmod-Antiphasic"],"acts_visited":["Exordium"],"potions_floor_usage":[6,12,14,16,16],"damage_taken":[{"damage":0,"enemies":"2 Louse","floor":1,"turns":1},{"damage":0,"enemies":"Cultist","floor":2,"turns":1},{"damage":2,"enemies":"Jaw Worm","floor":3,"turns":2},{"damage":4,"enemies":"Red Slaver","floor":4,"turns":2},{"damage":0,"enemies":"Looter","floor":5,"turns":1},{"damage":27,"enemies":"Lagavulin","floor":6,"turns":7},{"damage":0,"enemies":"3 Louse","floor":10,"turns":1},{"damage":0,"enemies":"Gremlin Nob","floor":11,"turns":1},{"damage":10,"enemies":"3 Sentries","floor":14,"turns":3},{"damage":17,"enemies":"Hexaghost","floor":16,"turns":9}],"seed_played":"-8621732562345675480","potions_obtained":[{"floor":2,"key":"EssenceOfSteel"},{"floor":4,"key":"Regen Potion"},{"floor":6,"key":"CalmPotion"},{"floor":11,"key":"DistilledChaos"}],"is_trial":false,"path_per_floor":["M","M","M","M","M","E","R","?","T","M","E","$","T","E","R","B"],"character_chosen":"THE_SERVANT","items_purchased":["ReplayTheSpireMod:CursedCoin","MerchantsRug","Potion Belt","testmod-SpacePotion","testmod-CrystalShield"],"campfire_rested":0,"item_purchase_floors":[12,12,12,12,12],"current_hp_per_floor":[59,59,57,53,53,26,26,26,26,26,26,26,26,21,21,4,4],"gold":143,"neow_bonus":"TWO_FIFTY_GOLD","is_daily":false,"chose_seed":false,"campfire_upgraded":2,"win_rate":0.0,"timestamp":1610980461,"path_taken":["M","M","M","M","M","E","R","?","T","M","E","$","?","E","R","BOSS"],"items_purchased_type":["Relic","Relic","Relic","Potion","Relic"],"build_version":"2020-12-22","purchased_purges":1,"victory":false,"max_hp_per_floor":[59,59,59,59,59,59,59,59,59,59,59,59,59,59,59,59,59],"card_choices":[{"not_picked":["Unruled","ShatteredReality"],"picked":"Foresight","floor":1},{"not_picked":["Ricochet","Defy"],"picked":"Alleviate","floor":2},{"not_picked":["Rearm","Deadline"],"picked":"TimeWarp","floor":3},{"not_picked":["SpecialFormula","Reset"],"picked":"MoonPhase","floor":4},{"not_picked":["Ricochet","SilverBlades"],"picked":"DualDimension","floor":5},{"not_picked":["Starlight","MoonPhase"],"picked":"LightFlow","floor":6},{"not_picked":["FanOfKnives","Starlight"],"picked":"SurpressingFire","floor":10},{"not_picked":["Ricochet","SurpressingFire"],"picked":"BottledTime","floor":11},{"not_picked":["FastForward","Ricochet"],"picked":"Orbit","floor":14}],"player_experience":653828,"relics_obtained":[{"floor":6,"key":"Incense Burner"},{"floor":9,"key":"The Courier"},{"floor":11,"key":"Pet Ghost"},{"floor":13,"key":"PaperSwan"},{"floor":14,"key":"testmod-Antiphasic"}],"event_choices":[{"damage_healed":0,"gold_gain":0,"player_choice":"Upgraded","damage_taken":0,"max_hp_gain":0,"max_hp_loss":0,"event_name":"Upgrade Shrine","floor":8,"gold_loss":0,"cards_upgraded":["REME_HeartOfCthun"]}],"is_beta":false,"boss_relics":[],"items_purged_floors":[12],"is_endless":false,"potions_floor_spawned":[2,4,6,11],"killed_by":"Hexaghost","ascension_level":2}}