{"host":"b78s5rp3ow4b1syk","time":1610943172,"event":{"mods":["AchievementEnabler","BaseMod","DeckTracker","Keyboard Shortcuts","Marisa£¨Ùöéë¡¡Øª×âÞÞ£©","Minty Spire (QoL Compilation)","Permanent Neow","Quick Restart","StSLib","SuperFastMode","The Cursed","everything is the same but u backflip on backflip"],"gold_per_floor":[117,117,42,42,142,177,177,190,190,207,237,187,187,212,212,309,309,319,499,17,35,35,35,68,68,68,84,101,118,135,164,164,164,164],"floor_reached":33,"language":"KOR","playtime":1794,"items_purged":["Strike_R","Enlightenment"],"score":383,"play_id":"54488c5a-8834-4887-a1f7-73777928751e","local_time":"20210118131252","is_ascension_mode":true,"campfire_choices":[{"data":"Pommel Strike","floor":7,"key":"SMITH"},{"data":"Combust","floor":13,"key":"SMITH"},{"floor":15,"key":"REST"},{"data":"True Grit","floor":23,"key":"SMITH"},{"data":"Jack Of All Trades","floor":25,"key":"SMITH"},{"floor":32,"key":"REST"}],"circlet_count":0,"master_deck":["Strike_R","Strike_R","Strike_R","Defend_R","Defend_R","Defend_R","Bash","Pommel Strike+1","Thunderclap","Combust+1","Dark Embrace+1","Brutality+1","Pommel Strike+1","Immolate+1","Jack Of All Trades+1","PanicButton","Evolve+1","True Grit+1","Disarm","Shrug It Off+1","Havoc+1"],"relics":["Burning Blood","Mummified Hand","White Beast Statue","Frozen Egg 2","Matryoshka","Molten Egg 2","SacredBark","Pear","Kunai","Singing Bowl","Toxic Egg 2","Pocketwatch"],"acts_visited":["Exordium","TheCity"],"potions_floor_usage":[11,11,14,16,20,24,24,27,28,31,31,33],"damage_taken":[{"damage":7,"enemies":"2 Louse","floor":1,"turns":4},{"damage":32,"enemies":"Gremlin Nob","floor":6,"turns":4},{"damage":1,"enemies":"Cultist","floor":8,"turns":3},{"damage":2,"enemies":"Small Slimes","floor":10,"turns":3},{"damage":7,"enemies":"3 Sentries","floor":11,"turns":5},{"damage":32,"enemies":"Lagavulin","floor":14,"turns":4},{"damage":39,"enemies":"Slime Boss","floor":16,"turns":8},{"damage":14,"enemies":"2 Thieves","floor":18,"turns":2},{"damage":46,"enemies":"Shell Parasite","floor":21,"turns":5},{"damage":28,"enemies":"Book of Stabbing","floor":24,"turns":5},{"damage":6,"enemies":"3 Cultists","floor":27,"turns":3},{"damage":37,"enemies":"Snecko","floor":28,"turns":5},{"damage":15,"enemies":"Chosen and Byrds","floor":29,"turns":4},{"damage":22,"enemies":"Shelled Parasite and Fungi","floor":30,"turns":5},{"damage":18,"enemies":"Slavers","floor":31,"turns":3},{"damage":72,"enemies":"Automaton","floor":33,"turns":8}],"seed_played":"-8522639553536400020","potions_obtained":[{"floor":6,"key":"SneckoOil"},{"floor":8,"key":"Weak Potion"},{"floor":10,"key":"AttackPotion"},{"floor":11,"key":"Regen Potion"},{"floor":14,"key":"AttackPotion"},{"floor":16,"key":"BloodPotion"},{"floor":18,"key":"BloodPotion"},{"floor":21,"key":"SneckoOil"},{"floor":24,"key":"DuplicationPotion"},{"floor":27,"key":"FearPotion"},{"floor":28,"key":"DistilledChaos"},{"floor":29,"key":"SkillPotion"},{"floor":31,"key":"LiquidMemories"}],"is_trial":false,"path_per_floor":["M","?","$","T","?","E","R","M","T","M","E","?","R","E","R","B",null,"M","?","$","M","$","R","E","R","T","M","M","M","M","E","R","B"],"character_chosen":"IRONCLAD","items_purchased":["Evolve+1","Pear","True Grit"],"campfire_rested":2,"item_purchase_floors":[20,20,20],"current_hp_per_floor":[71,71,71,71,71,45,45,50,50,54,53,53,53,27,55,22,96,88,48,100,60,60,60,80,80,80,80,61,54,40,30,64,0,0],"gold":164,"neow_bonus":"TWENTY_PERCENT_HP_BONUS","is_daily":false,"chose_seed":false,"campfire_upgraded":4,"win_rate":0.0,"timestamp":1610943172,"path_taken":["M","?","$","?","?","E","R","?","T","M","E","?","R","E","R","BOSS","M","?","?","M","$","R","E","R","T","M","M","M","M","E","R","BOSS"],"items_purchased_type":["Card","Relic","Card"],"build_version":"2020-12-22","purchased_purges":2,"victory":false,"max_hp_per_floor":[96,96,96,96,96,96,96,96,96,96,96,96,96,96,96,96,96,96,96,106,106,106,106,106,106,106,106,108,110,112,114,114,114,114],"card_choices":[{"not_picked":["Iron Wave","Heavy Blade"],"picked":"Pommel Strike","floor":1},{"not_picked":["Clothesline","Reckless Charge"],"picked":"Thunderclap","floor":6},{"not_picked":["Armaments","Second Wind"],"picked":"Combust","floor":8},{"not_picked":["Twin Strike","Sword Boomerang"],"picked":"Dark Embrace+1","floor":10},{"not_picked":["Perfected Strike","Battle Trance"],"picked":"Brutality+1","floor":11},{"not_picked":["Flex","Armaments"],"picked":"Pommel Strike+1","floor":14},{"not_picked":["Double Tap","Fiend Fire+1"],"picked":"Immolate+1","floor":16},{"not_picked":["Disarm","Reckless Charge+1","Sword Boomerang+1"],"picked":"SKIP","floor":18},{"not_picked":["Clash+1","Thunderclap+1"],"picked":"Disarm","floor":21},{"not_picked":["True Grit","Carnage+1"],"picked":"Shrug It Off+1","floor":24},{"not_picked":["Limit Break+1","Shrug It Off+1"],"picked":"Havoc+1","floor":27},{"not_picked":["Twin Strike+1","Sword Boomerang+1","Metallicize+1"],"picked":"Singing Bowl","floor":28},{"not_picked":["Pummel+1","Flex+1","Clothesline+1"],"picked":"Singing Bowl","floor":29},{"not_picked":["Evolve+1","Pommel Strike+1","Armaments+1"],"picked":"Singing Bowl","floor":30},{"not_picked":["Clash+1","Body Slam+1","Twin Strike+1"],"picked":"Singing Bowl","floor":31}],"player_experience":41208,"relics_obtained":[{"floor":4,"key":"Mummified Hand"},{"floor":6,"key":"White Beast Statue"},{"floor":9,"key":"Frozen Egg 2"},{"floor":11,"key":"Matryoshka"},{"floor":14,"key":"Molten Egg 2"},{"floor":24,"key":"Kunai"},{"floor":26,"key":"Singing Bowl"},{"floor":26,"key":"Toxic Egg 2"},{"floor":31,"key":"Pocketwatch"}],"event_choices":[{"cards_removed":["Strike_R"],"damage_healed":0,"gold_gain":0,"player_choice":"Offered Basic","damage_taken":0,"max_hp_gain":0,"max_hp_loss":0,"event_name":"Bonfire Elementals","floor":2,"gold_loss":0},{"damage_healed":0,"gold_gain":100,"player_choice":"Pray","damage_taken":0,"max_hp_gain":0,"max_hp_loss":0,"event_name":"Golden Shrine","floor":5,"gold_loss":0},{"cards_removed":["Defend_R"],"damage_healed":0,"gold_gain":0,"player_choice":"Card Removal","damage_taken":0,"max_hp_gain":0,"max_hp_loss":0,"event_name":"The Cleric","floor":12,"gold_loss":50},{"damage_healed":0,"gold_gain":180,"player_choice":"CARD GOLD GOLD CARD CARD ","damage_taken":40,"max_hp_gain":0,"max_hp_loss":0,"event_name":"Knowing Skull","floor":19,"potions_obtained":[],"gold_loss":0,"cards_obtained":["Jack Of All Trades","PanicButton","Enlightenment"]}],"is_beta":false,"boss_relics":[{"not_picked":["Tiny House","Mark of Pain"],"picked":"SacredBark"}],"items_purged_floors":[3,20],"is_endless":false,"potions_floor_spawned":[6,8,10,11,14,16,18,21,24,27,28,29,30,31],"killed_by":"Automaton","ascension_level":2}}