{"host":"krqozg1tp0zpuvz3","time":1610931837,"event":{"mods":["AchievementEnabler","BaseMod","Better Altar","Better Match","Better Note","Better Sensory Stone","Better Third Choice","BetterRewards","Colored Map","DeckTracker","Keyboard Shortcuts","Minty Spire (QoL Compilation)","Permanent Neow","Relic Stats","Shop Mod","StSLib","SuperFastMode"],"gold_per_floor":[112,12,85,40,53,53,19,19,19,33,52,83,83,95,95,171,171,191,191,202,127,145,145,180,198,244,256,256],"floor_reached":27,"language":"KOR","playtime":947,"items_purged":["Defend_P","Strike_P"],"score":426,"play_id":"60875164-7879-4fe7-8796-d702b5d81d12","local_time":"20210118100357","is_ascension_mode":true,"campfire_choices":[{"floor":6.0,"key":"REST"},{"floor":8.0,"key":"REST"},{"floor":13.0,"key":"REST"},{"floor":15.0,"key":"REST"},{"data":"Crescendo","floor":23.0,"key":"SMITH"}],"circlet_count":0,"master_deck":["AscendersBane","Strike_P","Strike_P","Defend_P","Defend_P","Defend_P","Eruption+1","Vigilance","MentalFortress","Crescendo+1","Indignation","ForeignInfluence","Halt","Collect","FlurryOfBlows","InnerPeace","TalkToTheHand","Ragnarok","WheelKick","FlurryOfBlows","FollowUp","EmptyMind"],"relics":["PureWater","Peace Pipe","Lantern","Orrery","Darkstone Periapt","White Beast Statue","Juzu Bracelet","SlaversCollar","TungstenRod","MawBank"],"acts_visited":["Exordium","TheCity"],"potions_floor_usage":[24,24,27],"damage_taken":[{"damage":0.0,"enemies":"Cultist","floor":1.0,"turns":2.0},{"damage":12.0,"enemies":"Jaw Worm","floor":5.0,"turns":2.0},{"damage":7.0,"enemies":"Small Slimes","floor":10.0,"turns":3.0},{"damage":29.0,"enemies":"Exordium Thugs","floor":11.0,"turns":4.0},{"damage":23.0,"enemies":"Gremlin Nob","floor":12.0,"turns":4.0},{"damage":5.0,"enemies":"Looter","floor":14.0,"turns":3.0},{"damage":39.0,"enemies":"Hexaghost","floor":16.0,"turns":7.0},{"damage":0.0,"enemies":"Spheric Guardian","floor":18.0,"turns":2.0},{"damage":0.0,"enemies":"3 Byrds","floor":20.0,"turns":4.0},{"damage":0.0,"enemies":"Snecko","floor":22.0,"turns":2.0},{"damage":0,"enemies":"Gremlin Leader","floor":24,"turns":5},{"damage":39,"enemies":"Snake Plant","floor":25,"turns":5},{"damage":4,"enemies":"3 Cultists","floor":27,"turns":3}],"seed_played":"-967256062297506799","potions_obtained":[{"floor":10.0,"key":"FearPotion"},{"floor":11.0,"key":"FearPotion"},{"floor":12.0,"key":"Swift Potion"},{"floor":14.0,"key":"PowerPotion"},{"floor":18.0,"key":"FearPotion"},{"floor":20.0,"key":"DistilledChaos"},{"floor":22.0,"key":"Strength Potion"},{"floor":24,"key":"FearPotion"},{"floor":25,"key":"Swift Potion"}],"is_trial":false,"path_per_floor":["M","$","T","$","M","R","$","R","T","M","M","E","R","M","R","B",null,"M","?","M","?","M","R","E","M","T","M"],"character_chosen":"WATCHER","items_purchased":["MentalFortress","Crescendo","Indignation","Lantern","Orrery","EntropicBrew","FlurryOfBlows","TalkToTheHand"],"campfire_rested":4,"item_purchase_floors":[0,0,0,0,0,0,4,7],"current_hp_per_floor":[33,33,33,33,21,42,42,63,63,56,27,4,25,20,41,2,55,55,55,55,55,55,55,55,16,16,12,12],"gold":256,"neow_bonus":"","is_daily":false,"chose_seed":false,"campfire_upgraded":1,"win_rate":0.0,"timestamp":1610931837,"path_taken":["M","?","?","$","M","R","$","R","T","M","?","E","R","M","R","BOSS","M","?","M","?","M","R","E","M","T","M"],"items_purchased_type":["Card","Card","Card","Relic","Relic","Potion","Card","Card"],"build_version":"2020-12-22","purchased_purges":2,"victory":false,"max_hp_per_floor":[72,72,72,72,72,72,72,72,72,72,72,72,72,72,72,72,72,72,72,72,72,72,72,72,72,72,72,72],"relic_stats":{"Peace Pipe":1,"Darkstone Periapt":0,"counters":[33,159],"Juzu Bracelet":1,"MawBank":12,"obtain_stats":[{"Darkstone Periapt":3,"Regal Pillow":0,"Lantern":0,"Calipers":0,"CeramicFish":0,"Juzu Bracelet":0,"Ginger":0,"SsserpentHead":0,"Lizard Tail":0,"Philosopher\u0027s Stone":34,"WingedGreaves":40,"Toxic Egg 2":31,"Happy Flower":0,"Dead Branch":0,"Orichalcum":26,"MawBank":26,"White Beast Statue":9,"Peace Pipe":0,"SlaversCollar":17,"CaptainsWheel":7,"Busted Crown":0,"Bird Faced Urn":0,"HolyWater":17,"Orrery":0,"Membership Card":0,"PureWater":0,"StrikeDummy":9,"Unceasing Top":0,"TungstenRod":24,"Meat on the Bone":13,"Pocketwatch":43},{"Darkstone Periapt":21,"Regal Pillow":0,"Lantern":20,"Calipers":0,"CeramicFish":20,"Juzu Bracelet":0,"Ginger":0,"SsserpentHead":20,"Lizard Tail":20,"Philosopher\u0027s Stone":15,"WingedGreaves":19,"Toxic Egg 2":14,"Happy Flower":0,"Dead Branch":20,"Orichalcum":13,"MawBank":32,"White Beast Statue":22,"Peace Pipe":20,"SlaversCollar":27,"CaptainsWheel":4,"Busted Crown":20,"Bird Faced Urn":0,"HolyWater":9,"Orrery":20,"Membership Card":20,"PureWater":0,"StrikeDummy":4,"Unceasing Top":0,"TungstenRod":31,"Meat on the Bone":7,"Pocketwatch":19},{"Darkstone Periapt":115,"Regal Pillow":0,"Lantern":113,"Calipers":0,"CeramicFish":113,"Juzu Bracelet":0,"Ginger":0,"SsserpentHead":113,"Lizard Tail":113,"Philosopher\u0027s Stone":82,"WingedGreaves":103,"Toxic Egg 2":75,"Happy Flower":0,"Dead Branch":113,"Orichalcum":66,"MawBank":156,"White Beast Statue":117,"Peace Pipe":113,"SlaversCollar":138,"CaptainsWheel":20,"Busted Crown":113,"Bird Faced Urn":0,"HolyWater":47,"Orrery":113,"Membership Card":113,"PureWater":0,"StrikeDummy":20,"Unceasing Top":0,"TungstenRod":151,"Meat on the Bone":36,"Pocketwatch":103}],"TungstenRod":6},"card_choices":[{"not_picked":["Crescendo","Worship"],"picked":"ForeignInfluence","floor":0.0},{"not_picked":["FlyingSleeves","WindmillStrike"],"picked":"Halt","floor":0.0},{"not_picked":["JustLucky","Fasting2"],"picked":"Collect","floor":0.0},{"not_picked":["Nirvana","ReachHeaven","CutThroughFate"],"picked":"SKIP","floor":1.0},{"not_picked":["FollowUp","ThirdEye"],"picked":"InnerPeace","floor":5.0},{"not_picked":["Evaluate","ThirdEye","MentalFortress"],"picked":"SKIP","floor":10.0},{"not_picked":["Worship","Prostrate","SashWhip"],"picked":"SKIP","floor":11.0},{"not_picked":["Wireheading","EmptyBody"],"picked":"Ragnarok","floor":12.0},{"not_picked":["BowlingBash","BattleHymn"],"picked":"WheelKick","floor":14.0},{"not_picked":["EmptyFist","ReachHeaven"],"picked":"FlurryOfBlows","floor":18.0},{"not_picked":["TalkToTheHand","FlurryOfBlows"],"picked":"FollowUp","floor":20.0},{"not_picked":["Protect+1","CutThroughFate","Meditate"],"picked":"SKIP","floor":22.0},{"not_picked":["FollowUp","JustLucky","Swivel"],"picked":"SKIP","floor":24},{"not_picked":["FlurryOfBlows","Perseverance"],"picked":"EmptyMind","floor":25}],"player_experience":338702,"relics_obtained":[{"floor":3.0,"key":"Darkstone Periapt"},{"floor":9.0,"key":"White Beast Statue"},{"floor":12.0,"key":"Juzu Bracelet"},{"floor":24,"key":"TungstenRod"},{"floor":26,"key":"MawBank"}],"event_choices":[{"damage_healed":0.0,"max_hp_gain":0.0,"max_hp_loss":0.0,"gold_gain":0.0,"event_name":"Upgrade Shrine","player_choice":"Upgraded","floor":19.0,"gold_loss":0.0,"damage_taken":0.0,"cards_upgraded":["Eruption"]},{"cards_removed":["Strike_P"],"damage_healed":0.0,"max_hp_gain":0.0,"max_hp_loss":0.0,"gold_gain":0.0,"event_name":"Beggar","player_choice":"Gave Gold","floor":21.0,"gold_loss":75.0,"damage_taken":0.0}],"is_beta":false,"boss_relics":[{"not_picked":["Fusion Hammer","Runic Dome"],"picked":"SlaversCollar"}],"items_purged_floors":[0,2],"is_endless":false,"potions_floor_spawned":[1,10,11,12,14,16,18,20,22,24,25],"killed_by":"3 Cultists","ascension_level":13}}