{"host":"y3h3n3f7seyagppx","time":1610985133,"event":{"mods":["AlwaysNeverKeys","BaseMod","Better Vampires","Colored Powertips","DeckTracker","Emptier Cage","Minty Spire (QoL Compilation)","Permanent Neow","Quick Restart","Rare Cards Sparkle","Relic Sorter","Relic Stats","StSLib","Transform Curses"],"gold_per_floor":[117,134,154,171,221,221,256,256,334,367,377,388,388,408,408,485,485,504,504,504,520,313,343,343,376,376,376,376],"floor_reached":27,"language":"ENG","playtime":2300,"items_purged":["Strike_R"],"score":526,"play_id":"118ca6cc-4ef1-4494-a9e0-0cc0f828a78f","local_time":"20210118105213","is_ascension_mode":true,"campfire_choices":[{"data":"Armaments","floor":6.0,"key":"SMITH"},{"data":"Hemokinesis","floor":8.0,"key":"SMITH"},{"data":"Inflame","floor":13.0,"key":"SMITH"},{"data":"Bash","floor":15.0,"key":"SMITH"},{"data":"Pommel Strike","floor":24.0,"key":"SMITH"}],"circlet_count":0,"master_deck":["AscendersBane","Strike_R","Strike_R","Defend_R","Defend_R","Defend_R","Defend_R","Bash+1","Hemokinesis+1","Pommel Strike+1","Armaments+1","Anger","Inflame+1","Shrug It Off","Corruption","Evolve","Shrug It Off","Immolate"],"relics":["Burning Blood","Charon\u0027s Ashes","Question Card","Nunchaku","Coffee Dripper","Blue Candle","Bag of Marbles","Gremlin Horn"],"acts_visited":["Exordium","TheCity"],"potions_floor_usage":[25],"damage_taken":[{"damage":2.0,"enemies":"Cultist","floor":1.0,"turns":2.0},{"damage":12.0,"enemies":"Jaw Worm","floor":2.0,"turns":3.0},{"damage":6.0,"enemies":"2 Louse","floor":3.0,"turns":3.0},{"damage":6.0,"enemies":"Lots of Slimes","floor":4.0,"turns":6.0},{"damage":9.0,"enemies":"Lagavulin","floor":7.0,"turns":6.0},{"damage":8.0,"enemies":"Gremlin Nob","floor":10.0,"turns":3.0},{"damage":12.0,"enemies":"3 Louse","floor":11.0,"turns":4.0},{"damage":3.0,"enemies":"Looter","floor":12.0,"turns":3.0},{"damage":2.0,"enemies":"Exordium Wildlife","floor":14.0,"turns":4.0},{"damage":32.0,"enemies":"Hexaghost","floor":16.0,"turns":7.0},{"damage":20.0,"enemies":"2 Thieves","floor":18.0,"turns":3.0},{"damage":14.0,"enemies":"Spheric Guardian","floor":21.0,"turns":4.0},{"damage":20.0,"enemies":"Slavers","floor":23.0,"turns":3.0},{"damage":33,"enemies":"Gremlin Leader","floor":25,"turns":6},{"damage":29,"enemies":"Slavers","floor":27,"turns":1}],"seed_played":"-3647115168466243093","potions_obtained":[{"floor":1.0,"key":"AttackPotion"},{"floor":7.0,"key":"LiquidBronze"},{"floor":11.0,"key":"SmokeBomb"},{"floor":16.0,"key":"EssenceOfSteel"},{"floor":25,"key":"ElixirPotion"}],"is_trial":false,"path_per_floor":["M","M","M","M","?","R","E","R","T","E","M","M","R","M","R","B",null,"M","?","?","M","$","E","R","E","T","E"],"character_chosen":"IRONCLAD","items_purchased":["AttackPotion","Strength Potion","Shrug It Off"],"campfire_rested":0,"item_purchase_floors":[22,22,22],"current_hp_per_floor":[68,62,62,62,56,56,53,53,53,51,45,48,48,52,52,26,58,44,25,73,65,65,51,51,24,24,0,0],"gold":376,"neow_bonus":"TRANSFORM_TWO_CARDS","is_daily":false,"chose_seed":false,"campfire_upgraded":5,"win_rate":0.0,"timestamp":1610985133,"path_taken":["M","M","M","M","?","R","E","R","T","E","?","M","R","M","R","BOSS","M","?","?","?","$","E","R","E","T","E"],"items_purchased_type":["Potion","Potion","Card"],"build_version":"2020-12-22","purchased_purges":1,"victory":false,"max_hp_per_floor":[68,68,68,68,68,68,68,68,68,68,68,68,68,68,68,68,68,68,73,73,73,73,73,73,73,73,73,73],"relic_stats":{"Nunchaku":[7],"Gremlin Horn":[0,0],"counters":[15,58],"Blue Candle":[0],"Charon\u0027s Ashes":[123],"Question Card":9,"obtain_stats":[{"Nunchaku":10,"Gremlin Horn":26,"Blue Candle":23,"Charon\u0027s Ashes":7,"Coffee Dripper":17,"Bag of Marbles":25,"Question Card":9,"Burning Blood":0},{"Nunchaku":6,"Gremlin Horn":14,"Blue Candle":13,"Charon\u0027s Ashes":5,"Coffee Dripper":10,"Bag of Marbles":14,"Question Card":5,"Burning Blood":0},{"Nunchaku":23,"Gremlin Horn":57,"Blue Candle":51,"Charon\u0027s Ashes":20,"Coffee Dripper":41,"Bag of Marbles":57,"Question Card":20,"Burning Blood":0}],"Burning Blood":80},"card_choices":[{"not_picked":["Anger","Pommel Strike"],"picked":"Armaments","floor":1.0},{"not_picked":["Clothesline","Body Slam"],"picked":"Anger","floor":2.0},{"not_picked":["Wild Strike","Clothesline","Twin Strike"],"picked":"SKIP","floor":3.0},{"not_picked":["Wild Strike","Havoc","Clothesline"],"picked":"SKIP","floor":4.0},{"not_picked":["Double Tap","Dark Embrace","Clash"],"picked":"SKIP","floor":7.0},{"not_picked":["Clothesline","Twin Strike","Body Slam"],"picked":"Inflame","floor":10.0},{"not_picked":["Body Slam","True Grit","Inflame"],"picked":"Shrug It Off","floor":11.0},{"not_picked":["Flex","Brutality","Perfected Strike","Sever Soul"],"picked":"SKIP","floor":12.0},{"not_picked":["True Grit","Rage","Heavy Blade","Rupture"],"picked":"SKIP","floor":14.0},{"not_picked":["Berserk","Reaper","Exhume"],"picked":"Corruption","floor":16.0},{"not_picked":["Reckless Charge","Dropkick","Rage"],"picked":"Evolve","floor":18.0},{"not_picked":["Iron Wave+1","Cleave","Pommel Strike","Anger"],"picked":"SKIP","floor":21.0},{"not_picked":["Clothesline","Anger","Perfected Strike","Reckless Charge"],"picked":"SKIP","floor":23.0},{"not_picked":["Clash","Inflame","Combust"],"picked":"Immolate","floor":25}],"player_experience":21338806,"relics_obtained":[{"floor":7.0,"key":"Charon\u0027s Ashes"},{"floor":9.0,"key":"Question Card"},{"floor":10.0,"key":"Nunchaku"},{"floor":23.0,"key":"Blue Candle"},{"floor":25,"key":"Bag of Marbles"},{"floor":26,"key":"Gremlin Horn"}],"event_choices":[{"damage_healed":0.0,"max_hp_gain":0.0,"max_hp_loss":0.0,"gold_gain":50.0,"event_name":"FaceTrader","player_choice":"Touch","floor":5.0,"gold_loss":0.0,"damage_taken":6.0},{"damage_healed":0.0,"max_hp_gain":5.0,"max_hp_loss":0.0,"gold_gain":0.0,"event_name":"Forgotten Altar","player_choice":"Shed Blood","floor":19.0,"gold_loss":0.0,"damage_taken":24.0},{"damage_healed":48.0,"max_hp_gain":0.0,"max_hp_loss":0.0,"gold_gain":0.0,"event_name":"Wheel of Change","player_choice":"Full Heal","floor":20.0,"gold_loss":0.0,"damage_taken":0.0}],"is_beta":false,"boss_relics":[{"not_picked":["Calling Bell","Runic Cube"],"picked":"Coffee Dripper"}],"items_purged_floors":[22],"is_endless":false,"potions_floor_spawned":[1,7,11,16,25],"killed_by":"Slavers","ascension_level":20}}