{"host":"dlyy4wv9zatha4f7","time":1610986486,"event":{"mods":["BaseMod","Better Third Choice","Colored Map","GifTheSpireLib","Minty Spire (QoL Compilation)","Spicy Shops","StSLib","SuperFastMode","Unceasing Turn Reminder"],"gold_per_floor":[110,110,124,199,72,86,86,103,103,103,135,135,135,170,170,274,274,284,284,284,284,284,311,330,355,355,355,355,355,367,399,399,500,500,519,519,306,13,32,32,63,63,87,115,17,32,0,15,15,15],"floor_reached":51,"language":"ENG","playtime":2289,"items_purged":["Strike_G","Defend_G","Bite"],"score":1263,"play_id":"385ff30d-31eb-4a00-9fb8-5f6e2d875dc4","local_time":"20210118181446","is_ascension_mode":true,"campfire_choices":[{"data":"Quick Slash","floor":7,"key":"SMITH"},{"data":"Deadly Poison","floor":10,"key":"SMITH"},{"data":"Venomology","floor":13,"key":"SMITH"},{"data":"Bouncing Flask","floor":15,"key":"SMITH"},{"floor":27,"key":"DIG"},{"floor":29,"key":"DIG"},{"floor":32,"key":"DIG"},{"floor":40,"key":"DIG"},{"floor":42,"key":"DIG"},{"floor":49,"key":"DIG"}],"circlet_count":0,"master_deck":["Defend_G","Defend_G","Defend_G","Defend_G","Survivor","Neutralize+1","Quick Slash+1","Venomology+1","Sucker Punch","Blur","Deadly Poison+1","After Image","Apotheosis+1","Bouncing Flask+1","Corpse Explosion","Bite","Bite","Bite","Bite","Dagger Spray+1","PiercingWail","Terror+1","Tools of the Trade+1","PiercingWail+1","Mayhem+1","PiercingWail+1","A Thousand Cuts+1","Adrenaline","Footwork+1","Bane+1","Blur+1"],"relics":["Ring of the Snake","Ginger","The Specimen","SlaversCollar","MutagenicStrength","Darkstone Periapt","Frozen Egg 2","Shovel","Pantograph","Snake Skull","Bag of Preparation","Gremlin Horn","Blue Candle","Fusion Hammer","MawBank","Membership Card","Oddly Smooth Stone","Bottled Lightning","Art of War","Lantern","Paper Crane","Red Mask","PreservedInsect"],"acts_visited":["Exordium","TheCity","TheBeyond"],"potions_floor_usage":[11,14,16,16,18,20,20,23,24,25,25,30,30,31,33,35,38,44,48,50,50,50,50],"damage_taken":[{"damage":0,"enemies":"Small Slimes","floor":1,"turns":4},{"damage":0,"enemies":"Jaw Worm","floor":3,"turns":4},{"damage":2,"enemies":"2 Louse","floor":6,"turns":4},{"damage":1,"enemies":"Blue Slaver","floor":8,"turns":5},{"damage":7,"enemies":"Lagavulin","floor":11,"turns":6},{"damage":4,"enemies":"3 Sentries","floor":14,"turns":8},{"damage":6,"enemies":"Hexaghost","floor":16,"turns":8},{"damage":16,"enemies":"2 Thieves","floor":18,"turns":4},{"damage":0,"enemies":"Spheric Guardian","floor":20,"turns":3},{"damage":33,"enemies":"Gremlin Leader","floor":23,"turns":6},{"damage":37,"enemies":"Cultist and Chosen","floor":24,"turns":8},{"damage":11,"enemies":"Slavers","floor":25,"turns":6},{"damage":0,"enemies":"Shelled Parasite and Fungi","floor":30,"turns":1},{"damage":10,"enemies":"Gremlin Leader","floor":31,"turns":5},{"damage":33,"enemies":"Collector","floor":33,"turns":8},{"damage":21,"enemies":"3 Darklings","floor":35,"turns":4},{"damage":8,"enemies":"3 Shapes","floor":39,"turns":4},{"damage":1,"enemies":"Giant Head","floor":41,"turns":7},{"damage":0,"enemies":"Reptomancer","floor":44,"turns":5},{"damage":1,"enemies":"3 Darklings","floor":46,"turns":3},{"damage":7,"enemies":"Spire Growth","floor":48,"turns":4},{"damage":0,"enemies":"Donu and Deca","floor":50,"turns":9}],"seed_played":"4721763039989513524","potions_obtained":[{"floor":6,"key":"AttackPotion"},{"floor":11,"key":"FearPotion"},{"floor":14,"key":"CultistPotion"},{"floor":18,"key":"FairyPotion"},{"floor":25,"key":"FearPotion"},{"floor":30,"key":"Dexterity Potion"},{"floor":41,"key":"Block Potion"},{"floor":46,"key":"GhostInAJar"}],"is_trial":false,"path_per_floor":["M","?","M","?","$","M","R","M","T","R","E","?","R","E","R","B",null,"M","?","M","?","T","E","M","E","T","R","?","R","M","E","R","B",null,"M","?","$","$","M","R","E","R","T","E","$","M","?","M","R","B",null],"character_chosen":"THE_SILENT","items_purchased":["Sucker Punch","Membership Card","Mayhem+1","Fruit Juice","Adrenaline","Footwork+1"],"campfire_rested":0,"item_purchase_floors":[5,38,38,38,45,45],"current_hp_per_floor":[63,63,63,52,52,50,50,49,49,49,42,42,42,38,38,34,61,47,47,49,49,49,36,29,42,42,42,29,29,33,38,38,45,68,59,59,59,64,61,61,80,80,80,80,80,79,79,76,76,80],"gold":15,"neow_bonus":"RANDOM_COMMON_RELIC","is_daily":false,"chose_seed":false,"campfire_upgraded":4,"win_rate":0.0,"timestamp":1610986486,"path_taken":["M","?","M","?","$","M","R","?","T","R","E","?","R","E","R","BOSS","M","?","M","?","?","E","M","E","T","R","?","R","M","E","R","BOSS","M","?","?","$","M","R","E","R","T","E","?","M","?","?","R","BOSS"],"items_purchased_type":["Card","Relic","Card","Potion","Card","Card"],"build_version":"2020-12-22","purchased_purges":3,"victory":true,"max_hp_per_floor":[70,70,70,70,70,70,70,70,70,70,70,70,70,70,70,70,70,70,70,70,70,70,70,70,70,70,70,75,75,75,75,75,75,75,75,75,75,80,80,80,80,80,80,80,80,80,80,80,80,80],"card_choices":[{"not_picked":["Sucker Punch","Underhanded Strike"],"picked":"Quick Slash","floor":1},{"not_picked":["Riddle With Holes","Acrobatics"],"picked":"Venomology","floor":3},{"not_picked":["Quick Slash","Outmaneuver"],"picked":"Blur","floor":6},{"not_picked":["Outmaneuver","Underhanded Strike"],"picked":"Deadly Poison","floor":8},{"not_picked":["Prepared","Riddle With Holes"],"picked":"After Image","floor":11},{"not_picked":["Slice","PiercingWail"],"picked":"Bouncing Flask","floor":14},{"not_picked":["Burst","Grand Finale"],"picked":"Corpse Explosion","floor":16},{"not_picked":["Deflect","Slice+1","Deadly Poison"],"picked":"SKIP","floor":18},{"not_picked":["Slice","Eviscerate","Phantasmal Killer"],"picked":"SKIP","floor":23},{"not_picked":["Concentrate","Deadly Poison"],"picked":"Dagger Spray+1","floor":24},{"not_picked":["Dagger Throw","Dodge and Roll","Riddle With Holes+1"],"picked":"SKIP","floor":25},{"not_picked":["Outmaneuver","Dagger Throw"],"picked":"PiercingWail","floor":30},{"not_picked":["Deadly Poison+1","Sucker Punch+1"],"picked":"Terror+1","floor":31},{"not_picked":["Bullet Time","Venomology"],"picked":"Tools of the Trade+1","floor":33},{"not_picked":["Masterful Stab","Dagger Throw"],"picked":"PiercingWail+1","floor":35},{"not_picked":["Cloak And Dagger+1","Riddle With Holes","Deadly Poison+1"],"picked":"SKIP","floor":39},{"not_picked":["Dagger Spray+1","Prepared"],"picked":"PiercingWail+1","floor":41},{"not_picked":["Flying Knee","Cloak And Dagger+1"],"picked":"A Thousand Cuts+1","floor":44},{"not_picked":["Outmaneuver","Endless Agony+1"],"picked":"Bane+1","floor":46},{"not_picked":["Expertise+1","Riddle With Holes+1"],"picked":"Blur+1","floor":48}],"player_experience":2252019,"relics_obtained":[{"floor":9,"key":"Ginger"},{"floor":11,"key":"The Specimen"},{"floor":14,"key":"Blood Vial"},{"floor":22,"key":"Darkstone Periapt"},{"floor":23,"key":"Frozen Egg 2"},{"floor":25,"key":"Shovel"},{"floor":26,"key":"Pantograph"},{"floor":27,"key":"Snake Skull"},{"floor":29,"key":"Bag of Preparation"},{"floor":31,"key":"Gremlin Horn"},{"floor":32,"key":"Blue Candle"},{"floor":40,"key":"Oddly Smooth Stone"},{"floor":41,"key":"Bottled Lightning"},{"floor":42,"key":"Art of War"},{"floor":43,"key":"Lantern"},{"floor":44,"key":"Paper Crane"},{"floor":49,"key":"PreservedInsect"}],"event_choices":[{"damage_healed":0,"gold_gain":0,"player_choice":"Grow","damage_taken":0,"max_hp_gain":0,"max_hp_loss":0,"event_name":"Living Wall","floor":2,"gold_loss":0,"cards_upgraded":["Neutralize"]},{"damage_healed":0,"gold_gain":75,"player_choice":"Gold","damage_taken":11,"max_hp_gain":0,"max_hp_loss":0,"event_name":"betterThird:BetterGoop","floor":4,"gold_loss":0},{"damage_healed":42,"gold_gain":0,"player_choice":"Protect","damage_taken":0,"max_hp_gain":0,"max_hp_loss":70,"event_name":"betterThird:BetterShining","floor":12,"gold_loss":1},{"damage_healed":0,"gold_gain":0,"player_choice":"Inject Mutagens","damage_taken":0,"relics_obtained":["MutagenicStrength"],"max_hp_gain":0,"max_hp_loss":0,"event_name":"Drug Dealer","floor":19,"gold_loss":0},{"damage_healed":0,"gold_gain":0,"player_choice":"Became a vampire (Vial)","damage_taken":0,"max_hp_gain":0,"max_hp_loss":0,"event_name":"Vampires","floor":21,"relics_lost":["Blood Vial"],"gold_loss":0,"cards_obtained":["Bite","Bite","Bite","Bite","Bite"]},{"damage_healed":0,"gold_gain":0,"player_choice":"Shed Blood","damage_taken":18,"max_hp_gain":5,"max_hp_loss":0,"event_name":"Forgotten Altar","floor":28,"gold_loss":0},{"damage_healed":0,"gold_gain":0,"player_choice":"Gave Potion","damage_taken":0,"relics_obtained":["MawBank"],"max_hp_gain":0,"max_hp_loss":0,"event_name":"WeMeetAgain","floor":36,"gold_loss":0},{"damage_healed":0,"gold_gain":0,"player_choice":"Paid","damage_taken":0,"relics_obtained":["Red Mask"],"max_hp_gain":0,"max_hp_loss":0,"event_name":"Tomb of Lord Red Mask","floor":47,"gold_loss":32}],"is_beta":false,"boss_relics":[{"not_picked":["SacredBark","WristBlade"],"picked":"SlaversCollar"},{"not_picked":["Black Star","Ring of the Serpent"],"picked":"Fusion Hammer"}],"items_purged_floors":[5,37,37],"is_endless":false,"potions_floor_spawned":[6,11,14,18,20,25,30,41,46,48],"ascension_level":9}}