{"host":"uimu98mr9zvwuo5s","time":1610980233,"event":{"mods":["Aspiration","BaseMod","BetterRewards","Conspire","Defective Defect","GifTheSpireLib","Gremlin Mod","Highlight Path","Hubris","Infinite Spire","Jedi Mod","Minty Spire (QoL Compilation)","Replay The Spire","Shop Mod","StSLib","Stuff the Spire","Uncapped"],"gold_per_floor":[113,127,127,139,149,177,187,187,210,210,226,226,236,186,186,284,284,284],"floor_reached":17,"language":"ENG","playtime":645,"items_purged":[],"score":234,"play_id":"95119086-9a70-406b-9180-869d697b1dba","local_time":"20210118093033","is_ascension_mode":false,"campfire_choices":[{"floor":8,"key":"RECALL"},{"data":"Bash","floor":10,"key":"SMITH"},{"floor":15,"key":"DIG"}],"circlet_count":0,"master_deck":["Strike_R","Strike_R","Strike_R","Strike_R","Strike_R","Defend_R","Defend_R","Defend_R","Defend_R","Bash+1","jedi:bloodyhammer+1","Inflame+1","Whirlwind+1","ReplayTheSpireMod:Muscle Training+1","conspire:SpireCoStock","jedi:harder"],"relics":["Burning Blood","MerchantsRug","Replay:Wax Seal","hubris:IronBody","Sling","Bag of Preparation","Singing Bowl","Quantum Egg","MealTicket","Gremlin Horn","Strawberry"],"acts_visited":["Exordium","TheCity"],"potions_floor_usage":[16,16,16],"damage_taken":[{"damage":9,"enemies":"Jaw Worm","floor":1,"turns":3},{"damage":14,"enemies":"Cultist","floor":2,"turns":3},{"damage":7,"enemies":"Small Slimes","floor":4,"turns":2},{"damage":9,"enemies":"3 Louse","floor":5,"turns":1},{"damage":11,"enemies":"3 Sentries","floor":6,"turns":3},{"damage":11,"enemies":"Exordium Wildlife","floor":7,"turns":2},{"damage":1,"enemies":"Gremlin Gang","floor":11,"turns":1},{"damage":9,"enemies":"Blue Slaver","floor":13,"turns":3},{"damage":24,"enemies":"The Guardian","floor":16,"turns":7}],"seed_played":"8782154601920215408","potions_obtained":[{"floor":5,"key":"ColorlessPotion"},{"floor":7,"key":"CultistPotion"},{"floor":13,"key":"jedi:StrikingPotion"}],"is_trial":false,"path_per_floor":["M","M","?","M","M","E","M","R","T","R","M","T","M","?","R","B",null],"character_chosen":"IRONCLAD","items_purchased":["MerchantsRug","Replay:Wax Seal","hubris:IronBody","Sling","Bag of Preparation","Singing Bowl","jedi:bloodyhammer","Inflame","Whirlwind","ReplayTheSpireMod:Muscle Training"],"campfire_rested":0,"item_purchase_floors":[0,0,0,0,0,0,0,0,0,0],"current_hp_per_floor":[79,73,73,74,73,70,67,67,67,67,74,74,73,73,80,62,103,103],"gold":284,"neow_bonus":"","is_daily":false,"chose_seed":false,"campfire_upgraded":1,"win_rate":0.0,"timestamp":1610980233,"path_taken":["M","M","?","M","?","E","M","R","T","R","M","?","M","?","R","BOSS"],"items_purchased_type":["Relic","Relic","Relic","Relic","Relic","Relic","Card","Card","Card","Card"],"build_version":"2020-12-22","purchased_purges":0,"victory":false,"max_hp_per_floor":[82,84,84,86,88,90,92,92,92,92,94,94,96,96,103,103,103,103],"card_choices":[{"not_picked":["Sword Boomerang","Second Wind","hubris:ReadiedAction"],"picked":"Singing Bowl","floor":1},{"not_picked":["Armaments","Wild Strike","StuffTheSpire:Incineration"],"picked":"Singing Bowl","floor":2},{"not_picked":["Metallicize","Impervious","Replay:Undeath\u0027s Touch"],"picked":"Singing Bowl","floor":4},{"not_picked":["Body Slam","StuffTheSpire:RagingBull","Ghostly Armor"],"picked":"Singing Bowl","floor":5},{"not_picked":["Clash","Burning Pact","Run Through"],"picked":"Singing Bowl","floor":6},{"not_picked":["Anger","Evolve","Warcry"],"picked":"Singing Bowl","floor":7},{"not_picked":["hubris:ReadiedAction","jedi:fear","Sword Boomerang"],"picked":"Singing Bowl","floor":11},{"not_picked":["Bloodletting","True Grit","Iron Wave"],"picked":"Singing Bowl","floor":13},{"not_picked":["Bludgeon","Juggernaut"],"picked":"jedi:harder","floor":16}],"player_experience":236700,"relics_obtained":[{"floor":6,"key":"Quantum Egg"},{"floor":9,"key":"MealTicket"},{"floor":12,"key":"Gremlin Horn"},{"floor":15,"key":"Strawberry"}],"event_choices":[{"damage_healed":0,"gold_gain":0,"player_choice":"Forge","damage_taken":0,"max_hp_gain":0,"max_hp_loss":0,"event_name":"Accursed Blacksmith","floor":3,"gold_loss":0,"cards_upgraded":["jedi:bloodyhammer"]},{"damage_healed":0,"gold_gain":0,"player_choice":"Invest 1","damage_taken":0,"max_hp_gain":0,"max_hp_loss":0,"event_name":"conspire:Investor","floor":14,"gold_loss":0}],"is_beta":false,"boss_relics":[{"not_picked":["Kintsugi","Electric Blood","Replay:Drink Me"]}],"items_purged_floors":[],"is_endless":false,"potions_floor_spawned":[5,7,13],"ascension_level":0}}