{"host":"cyg2l0kxxafiqofp","time":1610934682,"event":{"mods":["BaseMod","Colored Map","Colored Powertips","Minty Spire (QoL Compilation)","Quick Restart","Replay The Spire","StSLib"],"gold_per_floor":[110,285,300,313,10,10,44,64,133,133,167,185,185,205,205,301,301,316,328,50,63,80,80,80],"floor_reached":23,"language":"ENG","playtime":2556,"items_purged":["Doubt","Strike_G"],"score":226,"play_id":"94f777e4-68c1-4dcd-bd1e-d41cf990ea7a","local_time":"20210117205122","is_ascension_mode":true,"campfire_choices":[{"data":"Apotheosis","floor":6.0,"key":"SMITH"},{"floor":13.0,"key":"RECALL"},{"floor":15.0,"key":"REST"}],"circlet_count":0,"master_deck":["Strike_G","Defend_G","Defend_G","Defend_G","Defend_G","Survivor","Neutralize","Hidden Blade","Quick Slash","Reflex","Apotheosis+1","Accuracy","Slice","Cloak And Dagger+1","Blade Dance","Catalyst","Catalyst","Corpse Explosion","Corpse Explosion+1","Unload+1","Eviscerate+1","Bouncing Flask","Flying Knee+1","ReplayTheSpireMod:Scrap Shanks","ReplayTheSpireMod:Scrap Shanks","Outmaneuver","Calculated Gamble","Flying Knee","Poison Darts"],"relics":["WristBlade","Unceasing Top","Eternal Feather","ReplayTheSpireMod:Lightbulb","Astrolabe"],"acts_visited":["Exordium","TheCity"],"potions_floor_usage":[23],"damage_taken":[{"damage":0.0,"enemies":"Small Slimes","floor":1.0,"turns":3.0},{"damage":18.0,"enemies":"Jaw Worm","floor":3.0,"turns":4.0},{"damage":2.0,"enemies":"2 Louse","floor":4.0,"turns":3.0},{"damage":16.0,"enemies":"Lagavulin","floor":7.0,"turns":7.0},{"damage":6.0,"enemies":"Lots of Slimes","floor":8.0,"turns":3.0},{"damage":12.0,"enemies":"3 Sentries","floor":11.0,"turns":5.0},{"damage":0.0,"enemies":"2 Fungi Beasts","floor":12.0,"turns":2.0},{"damage":9.0,"enemies":"Exordium Thugs","floor":14.0,"turns":2.0},{"damage":12.0,"enemies":"Fading Forest","floor":16.0,"turns":11.0},{"damage":11.0,"enemies":"Spheric Guardian","floor":18.0,"turns":3.0},{"damage":12.0,"enemies":"Shell Parasite","floor":19.0,"turns":2.0},{"damage":30.0,"enemies":"Snake Plant","floor":21.0,"turns":4.0},{"damage":14,"enemies":"Centurion and Healer","floor":22,"turns":3},{"damage":7,"enemies":"Gremlin Leader","floor":23,"turns":1}],"seed_played":"-1686599367231614285","potions_obtained":[{"floor":3.0,"key":"Weak Potion"},{"floor":7.0,"key":"ColorlessPotion"},{"floor":12.0,"key":"Strength Potion"},{"floor":18.0,"key":"Energy Potion"},{"floor":21.0,"key":"FearPotion"}],"is_trial":false,"path_per_floor":["M","?","M","M","$","R","E","M","T","?","E","M","R","M","R","B",null,"M","M","$","M","M","E"],"character_chosen":"THE_SILENT","items_purchased":["Apotheosis","Accuracy","ReplayTheSpireMod:Scrap Shanks","Outmaneuver","Calculated Gamble"],"campfire_rested":1,"item_purchase_floors":[5,5,20,20,20],"current_hp_per_floor":[70,70,52,50,50,50,34,28,28,28,16,16,28,19,52,40,70,59,47,47,17,3,0,0],"gold":80,"neow_bonus":"BOSS_RELIC","is_daily":false,"chose_seed":false,"campfire_upgraded":1,"win_rate":0.0,"timestamp":1610934682,"path_taken":["M","?","M","M","$","R","E","M","T","?","E","M","R","M","R","BOSS","M","M","$","M","M","E"],"items_purchased_type":["Card","Card","Card","Card","Card"],"build_version":"2020-12-22","purchased_purges":2,"victory":false,"max_hp_per_floor":[70,70,70,70,70,70,70,70,70,70,70,70,70,70,70,70,70,70,70,70,70,70,70,70],"card_choices":[{"not_picked":["Deflect","Predator"],"picked":"Hidden Blade","floor":1.0},{"not_picked":["Prepared","Fluid Movement"],"picked":"Quick Slash","floor":3.0},{"not_picked":["Leg Sweep","PiercingWail"],"picked":"Reflex","floor":4.0},{"not_picked":["PiercingWail","Dagger Spray"],"picked":"Slice","floor":7.0},{"not_picked":["Sucker Punch","Dagger Spray","Finisher"],"picked":"SKIP","floor":8.0},{"not_picked":["Footwork","Distraction"],"picked":"Blade Dance","floor":11.0},{"not_picked":["Dagger Spray","Blade Dance"],"picked":"Catalyst","floor":12.0},{"not_picked":["Cloak And Dagger","Well Laid Plans"],"picked":"Catalyst","floor":14.0},{"not_picked":["After Image","Doppelganger"],"picked":"Corpse Explosion","floor":16.0},{"not_picked":["Slice","Flechettes"],"picked":"Bouncing Flask","floor":18.0},{"not_picked":["Poisoned Stab","Hidden Blade+1"],"picked":"Flying Knee+1","floor":19.0},{"not_picked":["Eviscerate+1","Deadly Poison"],"picked":"Flying Knee","floor":21.0},{"not_picked":["Distraction","Blur"],"picked":"Poison Darts","floor":22}],"player_experience":200779,"relics_obtained":[{"floor":7.0,"key":"Unceasing Top"},{"floor":9.0,"key":"Eternal Feather"},{"floor":11.0,"key":"ReplayTheSpireMod:Lightbulb"}],"event_choices":[{"damage_healed":0.0,"max_hp_gain":0.0,"max_hp_loss":0.0,"gold_gain":175.0,"event_name":"Liars Game","player_choice":"AGREE","floor":2.0,"gold_loss":0.0,"damage_taken":0.0,"cards_obtained":["Doubt"]}],"is_beta":false,"boss_relics":[{"not_picked":["Runic Dome","Tiny House"],"picked":"Astrolabe"}],"items_purged_floors":[5,20],"is_endless":false,"potions_floor_spawned":[3,7,12,18,21],"killed_by":"Gremlin Leader","ascension_level":2}}