{"host":"bxd97rc2ofc6op20","time":1610957650,"event":{"mods":["BaseMod","Googly Eyes","Minty Spire (QoL Compilation)"],"gold_per_floor":[164,183,198,213,227,257,273,299,325,325,340,352,367,5,5,105,105,121,131,143,159,159,159,159],"floor_reached":23,"language":"ENG","playtime":1965,"items_purged":["Defend_P"],"score":236,"play_id":"e483cc05-13f0-4ab3-b6a2-b61d6934f9e6","local_time":"20210118001410","is_ascension_mode":false,"campfire_choices":[{"data":"Eruption","floor":10,"key":"SMITH"},{"data":"Wallop","floor":15,"key":"SMITH"}],"circlet_count":0,"master_deck":["Strike_P","Strike_P","Strike_P","Strike_P","Defend_P","Defend_P","Defend_P","Eruption+1","Vigilance+1","FlurryOfBlows","Crescendo","BowlingBash","Halt","Prostrate","Wish","EmptyFist","Wallop+1","ConjureBlade","Wireheading+1","Study+1","Decay"],"relics":["Tiny House","Singing Bowl","Bird Faced Urn","Smiling Mask","Eternal Feather","VioletLotus"],"acts_visited":["Exordium","TheCity"],"potions_floor_usage":[2,4,6,12,16,18,23,23],"damage_taken":[{"damage":1,"enemies":"Jaw Worm","floor":1,"turns":4},{"damage":0,"enemies":"Small Slimes","floor":2,"turns":2},{"damage":0,"enemies":"2 Louse","floor":3,"turns":1},{"damage":0,"enemies":"2 Fungi Beasts","floor":4,"turns":2},{"damage":0,"enemies":"Looter","floor":5,"turns":2},{"damage":6,"enemies":"3 Sentries","floor":6,"turns":7},{"damage":4,"enemies":"Lots of Slimes","floor":7,"turns":3},{"damage":13,"enemies":"Lagavulin","floor":8,"turns":5},{"damage":3,"enemies":"Exordium Wildlife","floor":11,"turns":3},{"damage":19,"enemies":"Large Slime","floor":12,"turns":4},{"damage":3,"enemies":"2 Fungi Beasts","floor":13,"turns":3},{"damage":23,"enemies":"The Guardian","floor":16,"turns":10},{"damage":18,"enemies":"Shell Parasite","floor":18,"turns":8},{"damage":4,"enemies":"Spheric Guardian","floor":19,"turns":3},{"damage":20,"enemies":"Snake Plant","floor":20,"turns":4},{"damage":19,"enemies":"Chosen and Byrds","floor":21,"turns":6},{"damage":39,"enemies":"Book of Stabbing","floor":23,"turns":5}],"seed_played":"1914262914518654006","potions_obtained":[{"floor":0,"key":"Energy Potion"},{"floor":2,"key":"SteroidPotion"},{"floor":3,"key":"Explosive Potion"},{"floor":5,"key":"Energy Potion"},{"floor":13,"key":"EssenceOfSteel"},{"floor":19,"key":"Strength Potion"},{"floor":21,"key":"Fire Potion"}],"is_trial":false,"path_per_floor":["M","M","M","M","M","E","M","E","T","R","M","M","M","$","R","B",null,"M","M","M","M","?","E"],"character_chosen":"WATCHER","items_purchased":["Eternal Feather","SteroidPotion"],"campfire_rested":0,"item_purchase_floors":[14,14],"current_hp_per_floor":[76,76,76,76,76,70,66,55,55,55,54,35,34,34,43,20,83,67,65,45,28,28,0,0],"gold":159,"neow_bonus":"BOSS_RELIC","is_daily":false,"chose_seed":false,"campfire_upgraded":2,"win_rate":0.0,"timestamp":1610957650,"path_taken":["M","M","M","M","M","E","M","E","T","R","M","M","M","$","R","BOSS","M","M","M","M","?","E"],"items_purchased_type":["Relic","Potion"],"build_version":"2020-12-22","purchased_purges":1,"victory":false,"max_hp_per_floor":[77,77,77,77,77,77,77,79,79,79,81,81,83,83,83,83,83,85,87,87,87,87,87,87],"card_choices":[{"not_picked":["CutThroughFate","FearNoEvil"],"picked":"FlurryOfBlows","floor":0},{"not_picked":["WindmillStrike","PathToVictory"],"picked":"Crescendo","floor":1},{"not_picked":["JustLucky","Scrawl"],"picked":"BowlingBash","floor":2},{"not_picked":["Weave","Consecrate"],"picked":"Halt","floor":3},{"not_picked":["Consecrate","Perseverance"],"picked":"Prostrate","floor":4},{"not_picked":["BowlingBash","WindmillStrike","FlyingSleeves"],"picked":"SKIP","floor":5},{"not_picked":["SashWhip","ThirdEye"],"picked":"Wish","floor":6},{"not_picked":["SignatureMove","CutThroughFate"],"picked":"EmptyFist","floor":7},{"not_picked":["ThirdEye","BowlingBash","CrushJoints"],"picked":"Singing Bowl","floor":8},{"not_picked":["Prostrate","Crescendo","Brilliance"],"picked":"Singing Bowl","floor":11},{"not_picked":["CarveReality","Protect"],"picked":"Wallop","floor":12},{"not_picked":["Prostrate","Crescendo","Perseverance"],"picked":"Singing Bowl","floor":13},{"not_picked":["Vault","Wish"],"picked":"ConjureBlade","floor":16},{"not_picked":["EmptyFist","FlyingSleeves","Protect"],"picked":"Singing Bowl","floor":18},{"not_picked":["FollowUp+1","CrushJoints","WaveOfTheHand"],"picked":"Singing Bowl","floor":19},{"not_picked":["SashWhip","FollowUp"],"picked":"Wireheading+1","floor":20},{"not_picked":["Crescendo","Establishment"],"picked":"Study+1","floor":21}],"player_experience":310390,"relics_obtained":[{"floor":6,"key":"Singing Bowl"},{"floor":8,"key":"Bird Faced Urn"},{"floor":9,"key":"Smiling Mask"}],"event_choices":[{"damage_healed":0,"gold_gain":0,"player_choice":"Smashed Altar","damage_taken":0,"max_hp_gain":0,"max_hp_loss":0,"event_name":"Forgotten Altar","floor":22,"gold_loss":0,"cards_obtained":["Decay"]}],"is_beta":false,"boss_relics":[{"not_picked":["Empty Cage","Runic Dome"],"picked":"VioletLotus"}],"items_purged_floors":[14],"is_endless":false,"potions_floor_spawned":[2,3,5,13,19,21],"killed_by":"Book of Stabbing","ascension_level":0}}