{"host":"840yoaz69lavfcgt","time":1610942195,"event":{"mods":["BaseMod","Colored Powertips","DeckTracker","Highlight Path","Minty Spire (QoL Compilation)","Synergy Search"],"gold_per_floor":[119,137,147,162,180,206,206,216,239,314,342,370,370,384,384,481,481,493,50,63,81,97,129,129,129,206,234,234,250,273,273,273,372,372,391,441,453,453,466,507,507,507,507,507,29,54,54,90,102,114,114],"floor_reached":50,"language":"ENG","playtime":5080,"items_purged":[],"score":727,"play_id":"07bd6257-6b21-4527-a418-322ba7a3b713","local_time":"20210117225635","is_ascension_mode":false,"campfire_choices":[{"floor":7.0,"key":"REST"},{"floor":15.0,"key":"REST"},{"data":"A Thousand Cuts","floor":25.0,"key":"SMITH"},{"floor":32.0,"key":"REST"},{"floor":41,"key":"REST"},{"data":"Adrenaline","floor":49,"key":"SMITH"}],"circlet_count":0,"master_deck":["Strike_G","Strike_G","Strike_G","Strike_G","Defend_G","Defend_G","Defend_G","Defend_G","Defend_G","Survivor","Neutralize","Bouncing Flask","Catalyst","Bouncing Flask","Deflect","Deadly Poison","Noxious Fumes","A Thousand Cuts+1","Accuracy","Blade Dance","Burst","Prepared","Noxious Fumes","Poisoned Stab","Dramatic Entrance","Dagger Throw","Blade Dance","Blur","Acrobatics","Dagger Throw","Cloak And Dagger+1","RitualDagger","Cloak And Dagger","Necronomicurse","Deflect","Cloak And Dagger","Slice+1","Finisher+1","Infinite Blades","Adrenaline+1","Slice","Backstab","Good Instincts","Dagger Throw","Deflect"],"relics":["Ring of the Snake","Happy Flower","Ninja Scroll","Bag of Marbles","Odd Mushroom","FossilizedHelix","HoveringKite","Tiny Chest","Nunchaku","Darkstone Periapt","Lantern","Juzu Bracelet","Necronomicon","Black Star","Dead Branch","Omamori","CeramicFish","Question Card","Thread and Needle","Ancient Tea Set","MawBank","White Beast Statue"],"acts_visited":["Exordium","TheCity","TheBeyond"],"potions_floor_usage":[36,40,46,50,50],"damage_taken":[{"damage":0.0,"enemies":"Cultist","floor":1.0,"turns":4.0},{"damage":3.0,"enemies":"Jaw Worm","floor":2.0,"turns":3.0},{"damage":0.0,"enemies":"Small Slimes","floor":3.0,"turns":3.0},{"damage":5.0,"enemies":"Red Slaver","floor":4.0,"turns":3.0},{"damage":0.0,"enemies":"3 Louse","floor":5.0,"turns":3.0},{"damage":8.0,"enemies":"Lagavulin","floor":6.0,"turns":5.0},{"damage":7.0,"enemies":"Looter","floor":8.0,"turns":2.0},{"damage":4.0,"enemies":"The Mushroom Lair","floor":11.0,"turns":3.0},{"damage":9.0,"enemies":"3 Sentries","floor":12.0,"turns":5.0},{"damage":0.0,"enemies":"Exordium Wildlife","floor":14.0,"turns":2.0},{"damage":0.0,"enemies":"Slime Boss","floor":16.0,"turns":6.0},{"damage":8.0,"enemies":"3 Byrds","floor":18.0,"turns":5.0},{"damage":0.0,"enemies":"Spheric Guardian","floor":20.0,"turns":2.0},{"damage":0.0,"enemies":"Centurion and Healer","floor":21.0,"turns":4.0},{"damage":5.0,"enemies":"Chosen and Byrds","floor":22.0,"turns":4.0},{"damage":0.0,"enemies":"Gremlin Leader","floor":23.0,"turns":5.0},{"damage":0.0,"enemies":"Slavers","floor":27.0,"turns":4.0},{"damage":0.0,"enemies":"Snecko","floor":29.0,"turns":3.0},{"damage":44.0,"enemies":"Champ","floor":33.0,"turns":9.0},{"damage":0,"enemies":"3 Darklings","floor":35,"turns":1},{"damage":0,"enemies":"Mind Bloom Boss Battle","floor":36,"turns":5},{"damage":1,"enemies":"3 Shapes","floor":37,"turns":1},{"damage":13,"enemies":"Spire Growth","floor":39,"turns":4},{"damage":31,"enemies":"Reptomancer","floor":40,"turns":6},{"damage":13,"enemies":"Writhing Mass","floor":46,"turns":5},{"damage":11,"enemies":"Giant Head","floor":48,"turns":7},{"damage":80,"enemies":"Time Eater","floor":50,"turns":6}],"seed_played":"-4554600076398554543","potions_obtained":[{"floor":1.0,"key":"Poison Potion"},{"floor":6.0,"key":"PowerPotion"},{"floor":8.0,"key":"Explosive Potion"},{"floor":11.0,"key":"CunningPotion"},{"floor":12.0,"key":"Swift Potion"},{"floor":16.0,"key":"Weak Potion"},{"floor":20.0,"key":"Weak Potion"},{"floor":21.0,"key":"DistilledChaos"},{"floor":23.0,"key":"SkillPotion"},{"floor":33.0,"key":"Dexterity Potion"},{"floor":35,"key":"Swift Potion"},{"floor":40,"key":"FearPotion"},{"floor":46,"key":"Dexterity Potion"}],"is_trial":false,"path_per_floor":["M","M","M","M","M","E","R","M","T","?","?","E","?","M","R","B",null,"M","$","M","M","M","E","?","R","T","E","?","M","T","?","R","B",null,"M","?","M","?","M","E","R","T","T","?","$","M","?","E","R","B"],"character_chosen":"THE_SILENT","items_purchased":["Tiny Chest","CunningPotion","Noxious Fumes","Poisoned Stab","Dramatic Entrance","Dagger Throw","Ancient Tea Set","Adrenaline","Slice","Backstab","EssenceOfSteel","Good Instincts"],"campfire_rested":4,"item_purchase_floors":[19,19,19,19,19,19,45,45,45,45,45,45],"current_hp_per_floor":[70,67,67,62,62,54,70,63,63,52,48,39,39,39,60,60,70,62,62,62,62,57,57,57,57,57,57,51,51,51,41,63,19,76,76,76,75,75,62,31,53,53,53,53,53,40,86,75,75,0,0],"gold":114,"neow_bonus":"RANDOM_COMMON_RELIC","is_daily":false,"chose_seed":false,"campfire_upgraded":2,"win_rate":0.0,"timestamp":1610942195,"path_taken":["M","M","M","?","M","E","R","M","T","?","?","E","?","M","R","BOSS","M","?","M","?","M","E","?","R","T","E","?","M","?","?","R","BOSS","M","?","M","?","M","E","R","?","T","?","$","M","?","E","R","BOSS"],"items_purchased_type":["Relic","Potion","Card","Card","Card","Card","Relic","Card","Card","Card","Potion","Card"],"build_version":"2020-12-22","purchased_purges":0,"victory":false,"max_hp_per_floor":[70,70,70,70,70,70,70,70,70,70,70,70,70,70,70,70,70,70,70,70,70,70,70,70,70,70,70,70,70,70,76,76,76,76,76,76,76,76,76,76,76,76,76,76,76,76,86,86,86,86,86],"card_choices":[{"not_picked":["Dagger Spray","Backflip"],"picked":"Bouncing Flask","floor":1.0},{"not_picked":["PiercingWail","Terror"],"picked":"Catalyst","floor":2.0},{"not_picked":["Dash","Flechettes"],"picked":"Bouncing Flask","floor":3.0},{"not_picked":["Dash","Blade Dance"],"picked":"Deflect","floor":4.0},{"not_picked":["Backflip","Quick Slash"],"picked":"Slice","floor":5.0},{"not_picked":["Poisoned Stab","Backflip"],"picked":"Deadly Poison","floor":6.0},{"not_picked":["Slice","Prepared"],"picked":"Noxious Fumes","floor":8.0},{"not_picked":["Flying Knee","Prepared"],"picked":"A Thousand Cuts","floor":11.0},{"not_picked":["After Image","Sucker Punch"],"picked":"Accuracy","floor":12.0},{"not_picked":["Dash","Footwork"],"picked":"Blade Dance","floor":14.0},{"not_picked":["Bullet Time","Phantasmal Killer"],"picked":"Burst","floor":16.0},{"not_picked":["Eviscerate","Dagger Spray+1"],"picked":"Prepared","floor":18.0},{"not_picked":["Bane+1","Poisoned Stab"],"picked":"Blade Dance","floor":20.0},{"not_picked":["Terror","Dagger Spray"],"picked":"Blur","floor":21.0},{"not_picked":["Backflip","After Image"],"picked":"Acrobatics","floor":22.0},{"not_picked":["Dodge and Roll+1","All Out Attack"],"picked":"Dagger Throw","floor":23.0},{"not_picked":["Leg Sweep","Predator"],"picked":"Cloak And Dagger+1","floor":27.0},{"not_picked":["Outmaneuver+1","Calculated Gamble"],"picked":"Cloak And Dagger","floor":29.0},{"not_picked":["Venomology","Glass Knife"],"picked":"Unload","floor":33.0},{"not_picked":["Calculated Gamble+1","Dagger Throw"],"picked":"Deflect","floor":35},{"not_picked":["Deflect","Underhanded Strike"],"picked":"Cloak And Dagger","floor":36},{"not_picked":["Deadly Poison","Dodge and Roll"],"picked":"Slice+1","floor":37},{"not_picked":["Heel Hook","Slice"],"picked":"Finisher+1","floor":39},{"not_picked":["Cloak And Dagger","Flying Knee"],"picked":"Infinite Blades","floor":40},{"not_picked":["Slice","Quick Slash","Glass Knife"],"picked":"Dagger Throw","floor":46},{"not_picked":["Bane","Deadly Poison+1","PiercingWail+1"],"picked":"Deflect","floor":48}],"player_experience":211767,"relics_obtained":[{"floor":6.0,"key":"Ninja Scroll"},{"floor":9.0,"key":"Bag of Marbles"},{"floor":11.0,"key":"Odd Mushroom"},{"floor":12.0,"key":"FossilizedHelix"},{"floor":23.0,"key":"Nunchaku"},{"floor":26.0,"key":"Darkstone Periapt"},{"floor":27.0,"key":"Lantern"},{"floor":30.0,"key":"Juzu Bracelet"},{"floor":31.0,"key":"Necronomicon"},{"floor":36,"key":"Dead Branch"},{"floor":40,"key":"Omamori"},{"floor":40,"key":"CeramicFish"},{"floor":42,"key":"Question Card"},{"floor":43,"key":"Thread and Needle"},{"floor":48,"key":"MawBank"},{"floor":48,"key":"White Beast Statue"}],"event_choices":[{"damage_healed":0.0,"max_hp_gain":0.0,"max_hp_loss":0.0,"gold_gain":75.0,"event_name":"World of Goop","player_choice":"Gather Gold","floor":10.0,"gold_loss":0.0,"damage_taken":11.0},{"damage_healed":0.0,"max_hp_gain":0.0,"max_hp_loss":0.0,"gold_gain":0.0,"event_name":"Mushrooms","player_choice":"Fought Mushrooms","floor":11.0,"gold_loss":0.0,"damage_taken":0.0},{"cards_removed":["Strike_G"],"damage_healed":0.0,"max_hp_gain":0.0,"max_hp_loss":0.0,"gold_gain":0.0,"event_name":"Purifier","player_choice":"Purged","floor":13.0,"gold_loss":0.0,"damage_taken":0.0},{"damage_healed":0.0,"max_hp_gain":0.0,"max_hp_loss":0.0,"gold_gain":0.0,"event_name":"Ghosts","player_choice":"Ignored","floor":24.0,"gold_loss":0.0,"damage_taken":0.0},{"damage_healed":0.0,"max_hp_gain":0.0,"max_hp_loss":0.0,"gold_gain":0.0,"event_name":"Nest","player_choice":"Joined the Cult","floor":28.0,"gold_loss":0.0,"damage_taken":6.0,"cards_obtained":["RitualDagger"]},{"damage_healed":0.0,"max_hp_gain":0.0,"max_hp_loss":0.0,"gold_gain":0.0,"event_name":"Cursed Tome","player_choice":"Obtained Book","floor":31.0,"gold_loss":0.0,"damage_taken":16.0},{"damage_healed":0,"gold_gain":0,"player_choice":"Fight","damage_taken":0,"max_hp_gain":0,"max_hp_loss":0,"event_name":"MindBloom","floor":36,"gold_loss":0},{"damage_healed":0,"gold_gain":0,"player_choice":"Ignored","damage_taken":0,"max_hp_gain":0,"max_hp_loss":0,"event_name":"Purifier","floor":38,"gold_loss":0},{"cards_removed":["Slice"],"damage_healed":0,"gold_gain":0,"player_choice":"Removed Attack","damage_taken":0,"max_hp_gain":0,"max_hp_loss":0,"event_name":"Falling","floor":44,"gold_loss":0},{"cards_removed":["Unload"],"damage_healed":36,"gold_gain":0,"player_choice":"Offered Rare","damage_taken":0,"max_hp_gain":10,"max_hp_loss":0,"event_name":"Bonfire Elementals","floor":47,"gold_loss":0}],"is_beta":false,"boss_relics":[{"not_picked":["Sozu","Ectoplasm"],"picked":"HoveringKite"},{"not_picked":["Philosopher\u0027s Stone","Coffee Dripper"],"picked":"Black Star"}],"items_purged_floors":[],"is_endless":false,"potions_floor_spawned":[1,6,8,11,12,16,20,21,23,33,35,40,46],"killed_by":"Time Eater","ascension_level":0}}