{"host":"hzswyuuwdl03wwzr","time":1610960885,"event":{"mods":["100% Spire Juice","ATMod(∞¢Ë™Mod)","AchievementEnabler","Act Like it!","Arknights The Spire","BaseMod","Gensokyo","Hallownest","Marisa£®ÏF”Í°°ƒß¿Ì…≥£©","Minty Spire (QoL Compilation)","Remilia£®¿Ÿ√◊¿Ú—«£©","Replay The Spire","Robot Space Explorer","StSLib","The Bug Knight","The Dragon Tamer","The Marked","The Servant 0.9.4","Yakumo Yukari mod","Youmu£®ªÍ∆«—˝√Œ£©","°æπ¶ƒ‹Mod°øªÏ„Á÷Æª∑–ﬁ∏¥≤π∂°","°æ“≈ŒÔø®≈∆°øREMEMod"],"gold_per_floor":[115,135,135,150,150,150,150],"floor_reached":6,"language":"ZHS","playtime":248,"items_purged":[],"score":36,"play_id":"aff79db1-7625-4600-a4ca-11ef1580efd5","local_time":"20210118170805","is_ascension_mode":false,"campfire_choices":[],"circlet_count":0,"master_deck":["Strike_YM","Strike_YM","Strike_YM","Defend_YM","Defend_YM","Defend_YM","SlashOfPresentWorld","WheelOfPainOfLivingAndDead","DeadlyForm","FlashingScatteredFlowers","EchoesOfTheInclemencyOfAllBeings","HumanRealmSword"],"relics":["HalfPhantom","AT_ATBox","REME_ComplimentaryCards"],"acts_visited":["Gensokyo:Gensokyo"],"potions_floor_usage":[],"damage_taken":[{"damage":0,"enemies":"Gensokyo:2_Kodama","floor":1,"turns":4},{"damage":7,"enemies":"Gensokyo:Gryphon","floor":2,"turns":4},{"damage":0,"enemies":"Gensokyo:Python","floor":4,"turns":4},{"damage":0,"enemies":"Gensokyo:Cirno","floor":6,"turns":2}],"seed_played":"2767021143487076838","potions_obtained":[{"floor":4,"key":"CausticAgent"}],"is_trial":false,"path_per_floor":["M","M","?","M","$","E"],"character_chosen":"YOUMU","items_purchased":[],"campfire_rested":0,"item_purchase_floors":[],"current_hp_per_floor":[75,68,53,53,53,53,53],"gold":150,"neow_bonus":"ONE_RANDOM_RARE_CARD","is_daily":false,"chose_seed":false,"campfire_upgraded":0,"win_rate":0.0,"timestamp":1610960885,"path_taken":["M","M","?","M","?","E"],"items_purchased_type":[],"build_version":"2020-12-22","purchased_purges":0,"victory":false,"max_hp_per_floor":[75,75,75,75,75,75,75],"card_choices":[{"not_picked":["LifeCuttingSword","DispleasureOfTheSevenHakus"],"picked":"FlashingScatteredFlowers","floor":1},{"not_picked":["FlashingScatteredFlowers","SwordOfBindingDesires"],"picked":"EchoesOfTheInclemencyOfAllBeings","floor":2},{"not_picked":["PreachingAvici","PretaSword"],"picked":"HumanRealmSword","floor":4}],"player_experience":30824,"relics_obtained":[],"event_choices":[],"is_beta":false,"boss_relics":[],"items_purged_floors":[],"is_endless":false,"potions_floor_spawned":[4],"killed_by":"Gensokyo:Cirno","ascension_level":0}}