{"host":"4jpe1m3cviuzvkch","time":1610963139,"event":{"mods":["BaseMod","Decade(王小明)","Marisa（F雨　魔理沙）","Minty Spire (QoL Compilation)","Remilia（蕾米莉亚）","StSLib","The Servant 0.9.4","Youmu（魂魄妖梦）"],"gold_per_floor":[111,111,111,128,128,128,176,101,127,141,169,185,220,239,239,357,357,368,403,318,318,318,318,361,361,387,401,425,425,28,56,56,169,169,182,182,0,12,12,12,12],"floor_reached":40,"language":"ZHS","playtime":1374,"items_purged":["Defend_MRS","Normality"],"score":593,"play_id":"e22792c4-0c64-48f1-a9ae-bd6a58294093","local_time":"20210118174539","is_ascension_mode":true,"campfire_choices":[{"data":"MasterSpark","floor":6.0,"key":"SMITH"},{"floor":15.0,"key":"REST"},{"data":"FairyDestructionRay","floor":23.0,"key":"SMITH"},{"floor":25.0,"key":"REST"},{"data":"WitchLeyline","floor":29.0,"key":"SMITH"},{"floor":32.0,"key":"REST"}],"circlet_count":0,"master_deck":["Strike_MRS+1","Strike_MRS+1","Defend_MRS+1","Defend_MRS","MasterSpark+1","UpSweep+1","FairyDestructionRay+1","WitchOfGreed","Acceleration","GrandCross","ShootingEcho","DeepEcoloBomb","AsteroidBelt","EventHorizon","PropBag","ShootingEcho+1","IllusionStar","WitchLeyline+1","SporeBomb","BlazingStar","CurseOfTheBell","OneTimeOff","BlazeAway+1","Madness","Madness","PulseMagic"],"relics":["Empty Cage","Nunchaku","Pen Nib","Whetstone","White Beast Statue","Black Star","Anchor","Tiny Chest","Juzu Bracelet","Regal Pillow","Potion Belt","Toy Ornithopter","Happy Flower","Calling Bell","Centennial Puzzle","Meat on the Bone","Prayer Wheel","Red Mask","Bottled Lightning","Blue Candle"],"acts_visited":["Exordium","TheCity","TheBeyond"],"potions_floor_usage":[33,33,33,33,40],"damage_taken":[{"damage":2.0,"enemies":"2 Louse","floor":1.0,"turns":2.0},{"damage":2.0,"enemies":"Jaw Worm","floor":4.0,"turns":3.0},{"damage":15.0,"enemies":"Lagavulin","floor":7.0,"turns":5.0},{"damage":0.0,"enemies":"Cultist","floor":10.0,"turns":2.0},{"damage":0.0,"enemies":"Large Slime","floor":11.0,"turns":2.0},{"damage":0.0,"enemies":"Looter","floor":12.0,"turns":2.0},{"damage":0.0,"enemies":"Gremlin Nob","floor":13.0,"turns":2.0},{"damage":9.0,"enemies":"2 Fungi Beasts","floor":14.0,"turns":2.0},{"damage":17.0,"enemies":"Hexaghost","floor":16.0,"turns":8.0},{"damage":16.0,"enemies":"2 Thieves","floor":18.0,"turns":4.0},{"damage":6.0,"enemies":"3 Byrds","floor":19.0,"turns":3.0},{"damage":34.0,"enemies":"Slavers","floor":24.0,"turns":6.0},{"damage":0.0,"enemies":"Sentry and Sphere","floor":27.0,"turns":2.0},{"damage":43.0,"enemies":"Snecko","floor":31.0,"turns":6.0},{"damage":62,"enemies":"Champ","floor":33,"turns":10},{"damage":0,"enemies":"3 Shapes","floor":35,"turns":2},{"damage":0,"enemies":"Orb Walker","floor":38,"turns":2},{"damage":54,"enemies":"Nemesis","floor":40,"turns":4}],"seed_played":"-6165647945243344728","potions_obtained":[{"floor":1.0,"key":"GamblersBrew"},{"floor":4.0,"key":"Block Potion"},{"floor":7.0,"key":"Explosive Potion"},{"floor":11.0,"key":"ColorlessPotion"},{"floor":16.0,"key":"LiquidMemories"},{"floor":19.0,"key":"LiquidBronze"},{"floor":19.0,"key":"BottledSpark"},{"floor":24.0,"key":"Swift Potion"},{"floor":27.0,"key":"Energy Potion"},{"floor":31.0,"key":"PowerPotion"},{"floor":31.0,"key":"DistilledChaos"},{"floor":33,"key":"ColorlessPotion"},{"floor":35,"key":"Strength Potion"},{"floor":38,"key":"EssenceOfSteel"}],"is_trial":false,"path_per_floor":["M","?","?","M","?","R","E","$","T","M","M","M","E","M","R","B",null,"M","M","?","?","?","R","E","R","T","M","T","R","$","M","R","B",null,"M","?","?","M","T","E"],"character_chosen":"MARISA","items_purchased":["Toy Ornithopter","Happy Flower"],"campfire_rested":3,"item_purchase_floors":[30,30],"current_hp_per_floor":[66,66,63,61,46,46,31,31,31,31,31,31,31,22,44,27,63,47,41,41,66,66,66,32,54,54,54,54,54,54,11,48,6,58,58,49,49,49,49,0,0],"gold":12,"neow_bonus":"BOSS_RELIC","is_daily":false,"chose_seed":false,"campfire_upgraded":3,"win_rate":0.0,"timestamp":1610963139,"path_taken":["M","?","?","M","?","R","E","?","T","M","M","M","E","M","R","BOSS","M","?","?","?","?","R","E","R","T","M","?","R","$","M","R","BOSS","M","?","?","M","?","E"],"items_purchased_type":["Relic","Relic"],"build_version":"2020-12-22","purchased_purges":2,"victory":false,"max_hp_per_floor":[75,75,75,75,75,75,75,75,75,75,75,75,75,75,75,75,75,75,75,75,75,75,75,75,75,75,75,75,75,75,75,75,75,75,75,75,75,75,75,75,75],"card_choices":[{"not_picked":["GravityBeat","ChargingUp"],"picked":"FairyDestructionRay","floor":1.0},{"not_picked":["AlicesGift","MysteriousBeam"],"picked":"WitchOfGreed","floor":4.0},{"not_picked":["DarkMatter","EnergyRecoil"],"picked":"Acceleration","floor":7.0},{"not_picked":["OrrerysSun","IllusionStar"],"picked":"GrandCross","floor":10.0},{"not_picked":["EnergyRecoil","Acceleration"],"picked":"ShootingEcho","floor":11.0},{"not_picked":["DC","GalacticHalo"],"picked":"DeepEcoloBomb","floor":12.0},{"not_picked":["WitchLeyline","ShootTheMoon"],"picked":"AsteroidBelt","floor":13.0},{"not_picked":["ChargingUp","6A"],"picked":"EventHorizon","floor":14.0},{"not_picked":["DC","MachineGunSpark+1"],"picked":"PropBag","floor":18.0},{"not_picked":["DarkMatter","PropBag"],"picked":"ShootingEcho+1","floor":19.0},{"not_picked":["OneTimeOff","SuperNova"],"picked":"IllusionStar","floor":24.0},{"not_picked":["ShootingEcho","Orbital"],"picked":"WitchLeyline","floor":27.0},{"not_picked":["GravityBeat","ShootingEcho"],"picked":"SporeBomb","floor":31.0},{"not_picked":["StarDustReverie","AbsoluteMagnitude"],"picked":"BlazingStar","floor":33},{"not_picked":["DarkSpark","ChargeUpSpray"],"picked":"OneTimeOff","floor":35},{"not_picked":["WitchOfGreed+1","ShootingEcho"],"picked":"BlazeAway+1","floor":35},{"not_picked":["MilkyWay","WitchOfGreed+1"],"picked":"PulseMagic","floor":38},{"not_picked":["StarBarrage","DeepEcoloBomb","ManaConvection"],"picked":"SKIP","floor":38}],"player_experience":299102,"relics_obtained":[{"floor":7.0,"key":"Pen Nib"},{"floor":9.0,"key":"Whetstone"},{"floor":13.0,"key":"White Beast Statue"},{"floor":24.0,"key":"Tiny Chest"},{"floor":24.0,"key":"Juzu Bracelet"},{"floor":26.0,"key":"Regal Pillow"},{"floor":28.0,"key":"Potion Belt"},{"floor":34,"key":"Centennial Puzzle"},{"floor":34,"key":"Meat on the Bone"},{"floor":34,"key":"Prayer Wheel"},{"floor":39,"key":"Bottled Lightning"}],"event_choices":[{"cards_removed":["Strike_MRS"],"damage_healed":0.0,"max_hp_gain":0.0,"max_hp_loss":0.0,"gold_gain":0.0,"event_name":"Living Wall","player_choice":"Forget","floor":2.0,"gold_loss":0.0,"damage_taken":0.0},{"damage_healed":0.0,"max_hp_gain":0.0,"max_hp_loss":0.0,"gold_gain":0.0,"event_name":"Scrap Ooze","player_choice":"Success","floor":3.0,"gold_loss":0.0,"damage_taken":3.0,"relics_obtained":["Nunchaku"]},{"damage_healed":0.0,"max_hp_gain":0.0,"max_hp_loss":0.0,"gold_gain":0.0,"event_name":"Shining Light","player_choice":"Entered Light","floor":5.0,"gold_loss":0.0,"damage_taken":15.0,"cards_upgraded":["Strike_MRS","Defend_MRS"]},{"damage_healed":0.0,"max_hp_gain":0.0,"max_hp_loss":0.0,"gold_gain":0.0,"event_name":"Addict","player_choice":"Obtained Relic","floor":20.0,"gold_loss":85.0,"damage_taken":0.0,"relics_obtained":["Anchor"]},{"damage_healed":25.0,"max_hp_gain":0.0,"max_hp_loss":0.0,"gold_gain":0.0,"event_name":"The Library","player_choice":"Heal","floor":21.0,"gold_loss":0.0,"damage_taken":0.0},{"damage_healed":0,"gold_gain":0,"player_choice":"Embrace Madness","damage_taken":9,"max_hp_gain":0,"max_hp_loss":0,"event_name":"Winding Halls","floor":36,"gold_loss":0,"cards_obtained":["Madness","Madness"]},{"damage_healed":0,"gold_gain":0,"player_choice":"Paid","damage_taken":0,"relics_obtained":["Red Mask"],"max_hp_gain":0,"max_hp_loss":0,"event_name":"Tomb of Lord Red Mask","floor":37,"gold_loss":182}],"is_beta":false,"boss_relics":[{"not_picked":["Pandora\u0027s Box","Snecko Eye"],"picked":"Black Star"},{"not_picked":["RampagingMagicTools","Runic Dome"],"picked":"Calling Bell"}],"items_purged_floors":[8,30],"is_endless":false,"potions_floor_spawned":[1,4,12,14,16,18,19,24,27,31,33,35,38],"killed_by":"Nemesis","ascension_level":7}}