{"host":"15f3wpiimhe5yrng","time":1610996488,"event":{"mods":["100% Spire Juice","2.2 Compatiblity","BaseMod","Bestiary","Better Altar","Better Match","Better Note","Better Sensory Stone","Better Skull","Better Third Choice","Colored Map","Colored Powertips","Downfall","Good Game Mod","Ironclad Rager","Marisa????????","Minty Spire (QoL Compilation)","Permanent Neow","Relic Filter","SacredBarkPlus","Spicy Shops","StS++","StSLib","The Animator","The Cursed","The Forsaken","The Marked","TheSwordswoman"],"gold_per_floor":[99,118,30,46,62,62,85,117,128,128,228,256,273,273,288,390,390,390,24,39,51,64,64,88,88,88,114,131,81,81,110,126,223,223,123,139,92,104,104,104,104,133,133,133,151,151,181,191,205,205,205,205],"floor_reached":50,"language":"ENG","playtime":3798,"items_purged":["champ:Defend"],"score":652,"play_id":"bbb06be3-4260-48a8-83a2-e33d657eb91b","local_time":"20210118200128","is_ascension_mode":false,"campfire_choices":[{"data":"champ:Taunt","floor":1,"key":"SMITH"},{"data":"champ:PerfectedStrike","floor":6,"key":"SMITH"},{"data":"champ:TripleStrike","floor":10,"key":"SMITH"},{"data":"champ:BerserkersShout","floor":18,"key":"SMITH"},{"data":"champ:PerfectedStrike","floor":25,"key":"SMITH"},{"data":"champ:Lariat","floor":30,"key":"SMITH"},{"data":"champ:HoldFirm","floor":35,"key":"SMITH"},{"data":"champ:ShieldWall","floor":40,"key":"SMITH"},{"data":"champ:ShieldWall","floor":43,"key":"SMITH"},{"data":"champ:AdrenalArmor","floor":46,"key":"SMITH"}],"circlet_count":0,"master_deck":["champ:Strike","champ:Strike","champ:Strike","champ:Strike","champ:Defend","champ:Defend","champ:Execute","champ:Taunt+1","ReachHeaven","champ:ShieldWall+1","champ:CrownThrow","champ:PerfectedStrike+1","champ:PerfectedStrike+1","champ:BladeFlurry","champ:TripleStrike+1","champ:BladeFlurry","champ:BerserkersShout+1","champ:AdrenalArmor+1","champ:VampiricStrike","champ:EnragedBash","champ:TripleStrike+1","champ:ShieldWall+1","champ:Circumvent+1","champ:ArenaPreparation+1","champ:Lariat+1","champ:FocusedBerserking","champ:EnragedBash+1","champ:HoldFirm+1","champ:PerfectedStrike+1","champ:StanceDance+1","champ:PerfectedStrike+1","champ:Endure+1","champ:UltimateStance+1","champ:BringItOn+1","champ:BladeFlurry+1","Apotheosis+1","Madness+1"],"relics":["champ:ChampionCrown","REME:ComplimentaryCards","StSpp:XCola","Centennial Puzzle","Lantern","Smiling Mask","Boot","SacredBark","DollysMirror","Pen Nib","Blood Vial","Vajra","Toxic Egg 2","StSpp:Balance","downfall:HeartBlessingGreen","TheAbacus","StSpp:WoodenStick","Bronze Scales","champ:FightingForDummies"],"acts_visited":["Exordium","TheCity","TheBeyond"],"potions_floor_usage":[8,19,27,27,32,33,42,42,48,50],"damage_taken":[{"damage":17,"enemies":"2 Louse","floor":2,"turns":3},{"damage":5,"enemies":"downfall:FleeingMerchant","floor":3,"turns":4},{"damage":3,"enemies":"Jaw Worm","floor":4,"turns":3},{"damage":10,"enemies":"Cultist","floor":5,"turns":3},{"damage":20,"enemies":"Gremlin Nob","floor":8,"turns":4},{"damage":9,"enemies":"Large Slime","floor":9,"turns":4},{"damage":6,"enemies":"3 Sentries","floor":12,"turns":4},{"damage":0,"enemies":"2 Fungi Beasts","floor":13,"turns":1},{"damage":0,"enemies":"3 Louse","floor":15,"turns":2},{"damage":27,"enemies":"IC_STATUS_ARCHETYPE","floor":16,"turns":6},{"damage":30,"enemies":"downfall:FleeingMerchant","floor":19,"turns":4},{"damage":3,"enemies":"Spheric Guardian","floor":20,"turns":3},{"damage":46,"enemies":"Shelled Parasite and Fungi","floor":21,"turns":4},{"damage":30,"enemies":"Snake Plant","floor":22,"turns":4},{"damage":56,"enemies":"Slavers","floor":27,"turns":3},{"damage":23,"enemies":"Sentry and Sphere","floor":28,"turns":3},{"damage":58,"enemies":"Gremlin Leader","floor":31,"turns":6},{"damage":46,"enemies":"Chosen and Byrds","floor":32,"turns":4},{"damage":52,"enemies":"WA_ARCHETYPE_CALM","floor":33,"turns":8},{"damage":23,"enemies":"3 Darklings","floor":36,"turns":4},{"damage":30,"enemies":"downfall:FleeingMerchant","floor":37,"turns":4},{"damage":3,"enemies":"3 Shapes","floor":38,"turns":3},{"damage":18,"enemies":"Nemesis","floor":42,"turns":3},{"damage":13,"enemies":"Jaw Worm Horde","floor":45,"turns":3},{"damage":35,"enemies":"Giant Head","floor":47,"turns":8},{"damage":9,"enemies":"Transient","floor":48,"turns":5},{"damage":35,"enemies":"Sphere and 2 Shapes","floor":49,"turns":4},{"damage":65,"enemies":"SI_POISON_ARCHETYPE","floor":50,"turns":4}],"seed_played":"3156294516300449601","potions_obtained":[{"floor":4,"key":"Guardian:BlockOnCardUsePotion"},{"floor":5,"key":"DistilledChaos"},{"floor":12,"key":"SneckoOil"},{"floor":13,"key":"sneckomod:MuddlingPotion"},{"floor":21,"key":"SmokeBomb"},{"floor":28,"key":"LiquidMemories"},{"floor":31,"key":"SteroidPotion"},{"floor":32,"key":"ColorlessPotion"},{"floor":36,"key":"sneckomod:MuddlingPotion"},{"floor":47,"key":"StSpp:ScatteredWeakPotion"},{"floor":48,"key":"DistilledChaos"}],"is_trial":false,"path_per_floor":["R","M","$","M","M","R","T","E","M","R","?","E","M","?","M","B",null,"R","$","M","M","M","?","T","R","?","E","M","?","R","E","M","B",null,"R","M","$","M","?","R","T","E","R","?","M","R","E","M","M","B"],"character_chosen":"THE_CHAMP","items_purchased":["Centennial Puzzle","DollysMirror","champ:ShieldWall","Pen Nib","champ:UltimateStance+1","champ:BringItOn+1","TheAbacus"],"campfire_rested":0,"item_purchase_floors":[3,19,19,19,37,37,37],"current_hp_per_floor":[81,74,69,66,66,66,66,46,37,37,37,31,31,36,36,34,86,86,86,83,47,27,27,27,27,27,22,24,56,56,45,32,25,86,86,73,75,74,74,74,74,68,68,68,67,67,49,47,49,0,0,0],"gold":205,"neow_bonus":"ONE_RARE_RELIC","is_daily":false,"chose_seed":false,"campfire_upgraded":10,"win_rate":0.0,"timestamp":1610996488,"path_taken":["R","M","$","M","M","R","T","E","M","R","?","E","M","?","M","BOSS","R","$","M","M","M","?","T","R","?","E","M","?","R","E","M","BOSS","R","M","$","M","?","R","T","E","R","?","M","R","E","M","M","BOSS"],"items_purchased_type":["Relic","Relic","Card","Relic","Card","Card","Relic"],"build_version":"2020-12-22","purchased_purges":1,"victory":false,"max_hp_per_floor":[81,81,81,81,81,81,81,81,81,81,81,81,81,86,86,86,86,86,86,86,86,86,86,86,86,86,86,86,86,86,86,86,86,86,86,86,86,86,86,86,86,86,86,86,86,86,86,86,86,86,86,86],"card_choices":[{"not_picked":["champ:Shatter","champ:Encircle"],"picked":"champ:ShieldWall","floor":2},{"not_picked":["champ:FocusedBerserking","champ:FaceSlap"],"picked":"champ:CrownThrow","floor":3},{"not_picked":["champ:FanOfKnives","champ:CrownThrow"],"picked":"champ:PerfectedStrike","floor":4},{"not_picked":["champ:EnragedBash","champ:Haymaker"],"picked":"champ:PerfectedStrike","floor":5},{"not_picked":["champ:CrownThrow","champ:Duel"],"picked":"champ:BladeFlurry","floor":8},{"not_picked":["champ:Parry","champ:Haymaker"],"picked":"champ:TripleStrike","floor":9},{"not_picked":["champ:BerserkersShout","champ:Backstep"],"picked":"champ:BladeFlurry","floor":12},{"not_picked":["champ:CheapShot","champ:Circumvent"],"picked":"champ:BerserkersShout","floor":13},{"not_picked":["champ:CrownThrow","champ:Haymaker"],"picked":"champ:AdrenalArmor","floor":15},{"not_picked":["champ:IgnorePain","champ:ShieldThrow"],"picked":"champ:VampiricStrike","floor":16},{"not_picked":["champ:Backstep+1","champ:DancingMaster"],"picked":"champ:EnragedBash","floor":19},{"not_picked":["champ:Duel","champ:FlashCut"],"picked":"champ:Circumvent+1","floor":20},{"not_picked":["champ:Lariat","champ:BerserkersShout"],"picked":"champ:ArenaPreparation+1","floor":21},{"not_picked":["champ:ShieldSlam+1","champ:HeartStrike"],"picked":"champ:Lariat","floor":22},{"not_picked":["champ:BladeFlurry","champ:FocusedBerserking"],"picked":"champ:EnragedBash+1","floor":27},{"not_picked":["champ:Circumvent","champ:GladiatorStyle"],"picked":"champ:HoldFirm","floor":28},{"not_picked":["champ:CrookedStrike","champ:CalledShot+1"],"picked":"champ:PerfectedStrike+1","floor":31},{"not_picked":["champ:Circumvent+1","champ:EnragedBash"],"picked":"champ:StanceDance+1","floor":32},{"not_picked":["champ:BerserkersShout+1","champ:IronFortress"],"picked":"champ:PerfectedStrike+1","floor":36},{"not_picked":["champ:DeathBlow+1","champ:SkillfulDodge+1"],"picked":"champ:Endure+1","floor":37},{"not_picked":["champ:Encircle","champ:EnGarde+1"],"picked":"champ:BladeFlurry+1","floor":38},{"not_picked":["Blind+1","Finesse+1"],"picked":"Apotheosis+1","floor":39},{"not_picked":["StSpp:Resilience","StSpp:MindBarrier+1"],"picked":"Madness+1","floor":39},{"not_picked":["champ:BringItOn+1","champ:BladeFlurry","champ:Shatter+1"],"picked":"SKIP","floor":42},{"not_picked":["champ:SkillfulDodge+1","champ:Duel+1","champ:RisingSlash"],"picked":"SKIP","floor":45},{"not_picked":["champ:Haymaker+1","champ:ShieldSlam+1","champ:RapidStrikes"],"picked":"SKIP","floor":47},{"not_picked":["champ:TornadoPunch","champ:Haymaker","champ:CrookedStrike+1"],"picked":"SKIP","floor":48},{"not_picked":["champ:SetATrap+1","champ:GutPunch","champ:FlashCut"],"picked":"SKIP","floor":49}],"player_experience":169782,"relics_obtained":[{"floor":7,"key":"Lantern"},{"floor":8,"key":"Smiling Mask"},{"floor":12,"key":"Boot"},{"floor":24,"key":"Blood Vial"},{"floor":27,"key":"Vajra"},{"floor":31,"key":"Toxic Egg 2"},{"floor":41,"key":"StSpp:WoodenStick"},{"floor":42,"key":"Bronze Scales"},{"floor":47,"key":"champ:FightingForDummies"}],"event_choices":[{"damage_healed":0,"gold_gain":0,"player_choice":"Donut","damage_taken":0,"max_hp_gain":5,"max_hp_loss":0,"event_name":"Big Fish","floor":14,"gold_loss":0},{"damage_healed":0,"gold_gain":0,"player_choice":"Ignored","damage_taken":0,"max_hp_gain":0,"max_hp_loss":0,"event_name":"betterNote:BetterNote","floor":26,"gold_loss":0,"cards_obtained":["expansioncontent:QuickStudy"]},{"damage_healed":0,"gold_gain":3,"player_choice":"1","damage_taken":0,"max_hp_gain":0,"max_hp_loss":0,"event_name":"betterStone:BetterStone","floor":39,"gold_loss":0}],"is_beta":false,"boss_relics":[{"not_picked":["StSpp:FireArrow","Busted Crown"],"picked":"SacredBark"},{"not_picked":["StSpp:PileOfSugar","StSpp:CrystalBall"],"picked":"StSpp:Balance"}],"items_purged_floors":[37],"is_endless":false,"potions_floor_spawned":[4,5,12,13,15,21,28,31,32,36,38,47,48],"killed_by":"SI_POISON_ARCHETYPE","ascension_level":0}}