{"host":"ds1yr10zonoc6w4a","time":1610990973,"event":{"mods":["AchievementEnabler","Act Like it!","Aspiration","BaseMod","Better Match","Better Third Choice","BetterRewards","Downfall","Elementarium","Energized Spire","Gensokyo","Infinite Spire","Menagerie","Minty Spire (QoL Compilation)","Pale of the Ancients","StSLib","The Animator"],"gold_per_floor":[116,146,146,160,160,201,201,236,305,319,319,319],"floor_reached":11,"language":"ENG","playtime":1755,"items_purged":["animator:Strike"],"score":146,"play_id":"5eb89618-32a8-454f-99d8-0d3cbcde52af","local_time":"20210118102933","is_ascension_mode":true,"campfire_choices":[{"data":"animator:Demiurge","floor":7,"key":"SMITH"}],"circlet_count":0,"master_deck":["AscendersBane","animator:Defend_GoblinSlayer+1","animator:Defend+1","animator:Defend","animator:LizardPriest","animator:DwarfShaman","animator:MisaKurobane","animator:Kaijin","animator:QuestionMark+1","animator:Azekura","animator:Berserker","animator:Demiurge+1","Quick Slash","Dash","Bouncing Flask","animator:Spearman","animator:Witch","animator:Mikaela"],"relics":["animator:LivingPicture","animator:TheMissingPiece","animator:PurgingStone","War Paint","Matryoshka","aspiration:Nostalgia","champ:ChampionCrown","Frozen Egg 2"],"acts_visited":["Exordium"],"potions_floor_usage":[6,8,11],"damage_taken":[{"damage":9,"enemies":"Menagerie:MonstrousExperiment","floor":1,"turns":6},{"damage":0,"enemies":"Menagerie:2_RABBITS","floor":2,"turns":6},{"damage":0,"enemies":"Menagerie:WhisperingWraith","floor":4,"turns":4},{"damage":19,"enemies":"Menagerie:MaskedSummoner","floor":6,"turns":6},{"damage":16,"enemies":"Menagerie:Hydra","floor":8,"turns":5},{"damage":2,"enemies":"Menagerie:3_RABBITS","floor":10,"turns":5},{"damage":31,"enemies":"Menagerie:MaskedSummoner","floor":11,"turns":3}],"seed_played":"7242293893717451719","potions_obtained":[{"floor":1,"key":"Fire Potion"},{"floor":4,"key":"Explosive Potion"},{"floor":10,"key":"Regen Potion"}],"is_trial":false,"path_per_floor":["M","M","?","M","?","E","R","E","T","M","E"],"character_chosen":"THE_ANIMATOR","items_purchased":["animator:MisaKurobane","animator:Kaijin"],"campfire_rested":0,"item_purchase_floors":[0,0],"current_hp_per_floor":[45,45,45,45,45,26,26,11,11,9,0,0],"gold":319,"neow_bonus":"","is_daily":false,"chose_seed":false,"campfire_upgraded":1,"win_rate":0.0,"timestamp":1610990973,"path_taken":["M","M","?","M","?","E","R","E","T","?","E"],"items_purchased_type":["Card","Card"],"build_version":"2020-12-22","purchased_purges":1,"victory":false,"max_hp_per_floor":[60,60,60,60,60,60,60,61,61,61,61,61],"card_choices":[{"not_picked":["animator:Tatsumaki","animator:Elsword"],"picked":"animator:Azekura","floor":1},{"not_picked":["animator:Elsword","animator:WinryRockbell"],"picked":"animator:Berserker","floor":2},{"not_picked":["animator:Ara","animator:Elsword"],"picked":"animator:Demiurge","floor":4},{"not_picked":["animator:LizardPriest","animator:CowGirl"],"picked":"animator:Spearman","floor":6},{"not_picked":["animator:RoyMustang","animator:Mitsuba"],"picked":"animator:Witch","floor":8},{"not_picked":["animator:Chung","animator:Shichika"],"picked":"animator:Mikaela","floor":10}],"player_experience":857624,"relics_obtained":[{"floor":6,"key":"War Paint"},{"floor":8,"key":"Matryoshka"},{"floor":9,"key":"aspiration:Nostalgia"},{"floor":9,"key":"Frozen Egg 2"}],"event_choices":[{"damage_healed":0,"gold_gain":0,"player_choice":"Ignored","damage_taken":0,"max_hp_gain":0,"max_hp_loss":0,"event_name":"Golden Idol","floor":3,"gold_loss":0}],"is_beta":false,"boss_relics":[],"items_purged_floors":[0],"is_endless":false,"potions_floor_spawned":[1,4,10],"killed_by":"Menagerie:MaskedSummoner","ascension_level":20}}