{"host":"ktoxvvst1mwxww91","time":1610954019,"event":{"mods":["BaseMod","Downfall","Hermit","Minty Spire (QoL Compilation)","StSLib","The Blackbeard","The Hierophant","The Mystic","The Necromancer"],"gold_per_floor":[199,30,40,25,45,78,132,32,207,232,232,232,248,258,275,275,275,275],"floor_reached":16,"language":"ENG","playtime":727,"items_purged":["champ:Strike"],"score":121,"play_id":"551c3356-93f2-4252-bd72-f1787cabc862","local_time":"20210118081339","is_ascension_mode":true,"campfire_choices":[{"floor":1,"key":"RECALL"},{"floor":8,"key":"REST"},{"floor":12,"key":"REST"}],"circlet_count":0,"master_deck":["champ:Strike","champ:Strike","champ:Strike","champ:Defend","champ:Defend","champ:Defend","champ:Defend","champ:Execute","champ:Taunt","champ:PreemptiveStrike","champ:ShieldWall","champ:CalledShot","champ:TornadoPunch","champ:TornadoPunch","champ:Backstep","champ:FocusedDefense","champ:IronFortress","champ:FlashCut","champ:PreciseThrust"],"relics":["champ:ChampionCrown","Omamori","Akabeko","downfall:HeartBlessingRed","Letter Opener"],"acts_visited":["Exordium"],"potions_floor_usage":[10],"damage_taken":[{"damage":10,"enemies":"downfall:FleeingMerchant","floor":2,"turns":4},{"damage":17,"enemies":"2 Louse","floor":3,"turns":2},{"damage":18,"enemies":"downfall:FleeingMerchant","floor":4,"turns":4},{"damage":20,"enemies":"Cultist","floor":5,"turns":4},{"damage":60,"enemies":"Gremlin Nob","floor":6,"turns":6},{"damage":19,"enemies":"Lagavulin","floor":10,"turns":8},{"damage":16,"enemies":"Small Slimes","floor":13,"turns":4},{"damage":10,"enemies":"3 Louse","floor":14,"turns":2},{"damage":0,"enemies":"Lots of Slimes","floor":15,"turns":1},{"damage":38,"enemies":"DF_ARCHETYPE_STREAMLINE","floor":16,"turns":5}],"seed_played":"-9082548609105105686","potions_obtained":[{"floor":6,"key":"DuplicationPotion"},{"floor":10,"key":"sneckomod:MuddlingPotion"},{"floor":13,"key":"Weak Potion"}],"is_trial":false,"path_per_floor":["R","$","M","$","M","E","T","R","?","E","?","R","M","M","M","B"],"character_chosen":"THE_CHAMP","items_purchased":["champ:ShieldWall"],"campfire_rested":2,"item_purchase_floors":[2],"current_hp_per_floor":[90,90,83,75,65,15,15,42,42,33,18,45,44,34,34,0,0,0],"gold":275,"neow_bonus":"HUNDRED_GOLD","is_daily":false,"chose_seed":false,"campfire_upgraded":0,"win_rate":0.0,"timestamp":1610954019,"path_taken":["R","$","M","$","M","E","T","R","?","E","?","R","M","?","M","BOSS"],"items_purchased_type":["Card"],"build_version":"2020-12-22","purchased_purges":1,"victory":false,"max_hp_per_floor":[90,90,90,90,90,90,90,90,90,90,90,90,90,90,90,90,90,90],"card_choices":[{"not_picked":["champ:BringItOn","champ:BladeFlurry"],"picked":"champ:PreemptiveStrike","floor":2},{"not_picked":["champ:ArenaPreparation","champ:BerserkersShout"],"picked":"champ:CalledShot","floor":3},{"not_picked":["champ:FancyFootwork","champ:BerserkersShout"],"picked":"champ:TornadoPunch","floor":4},{"not_picked":["champ:PerfectedStrike","champ:BladeFlurry"],"picked":"champ:TornadoPunch","floor":5},{"not_picked":["champ:SkillfulDodge","champ:CrownThrow"],"picked":"champ:Backstep","floor":6},{"not_picked":["champ:GladiatorStyle","champ:FalseCounter"],"picked":"champ:FocusedDefense","floor":10},{"not_picked":["champ:ShieldSigil","champ:RapidStrikes"],"picked":"champ:IronFortress","floor":13},{"not_picked":["champ:HeavySlash","champ:ShieldSigil"],"picked":"champ:FlashCut","floor":14},{"not_picked":["champ:ViciousMockery","champ:FaceSlap"],"picked":"champ:PreciseThrust","floor":15}],"player_experience":1142765,"relics_obtained":[{"floor":6,"key":"Omamori"},{"floor":7,"key":"Akabeko"},{"floor":10,"key":"Letter Opener"}],"event_choices":[],"is_beta":false,"boss_relics":[],"items_purged_floors":[2],"is_endless":false,"potions_floor_spawned":[6,10,13],"killed_by":"DF_ARCHETYPE_STREAMLINE","ascension_level":2}}