{"host":"mai03x2ekbjy4059","time":1610954627,"event":{"mods":["2.2 Compatiblity","BaseMod","DeckTracker","Keyboard Shortcuts","Minty Spire (QoL Compilation)","Permanent Neow","Quick Restart","SuperFastMode","everything is the same but u backflip on backflip"],"gold_per_floor":[117,117,135,145,161,190,203,221,221,252,252,282,282,300,300,300,300],"floor_reached":16,"language":"KOR","playtime":837,"items_purged":[],"score":130,"play_id":"9e23c42d-fcd9-40ca-8d3a-55e2f2576f7d","local_time":"20210118162347","is_ascension_mode":true,"campfire_choices":[{"floor":11,"key":"REST"},{"data":"Footwork","floor":13,"key":"SMITH"},{"data":"Grand Finale","floor":15,"key":"SMITH"}],"circlet_count":0,"master_deck":["Strike_G","Strike_G","Strike_G","Strike_G","Strike_G","Defend_G","Defend_G","Defend_G","Defend_G","Defend_G","Survivor","Neutralize","Grand Finale+1","Prepared","Backflip","Footwork+1","Reflex"],"relics":["Ring of the Snake","Nunchaku","Lantern","Du-Vu Doll","Bag of Preparation"],"acts_visited":["Exordium"],"potions_floor_usage":[10,12,12],"damage_taken":[{"damage":0.0,"enemies":"Small Slimes","floor":1.0,"turns":4.0},{"damage":1.0,"enemies":"Cultist","floor":3.0,"turns":4.0},{"damage":3.0,"enemies":"2 Louse","floor":4.0,"turns":4.0},{"damage":12.0,"enemies":"Lots of Slimes","floor":5.0,"turns":10.0},{"damage":22,"enemies":"3 Sentries","floor":6,"turns":19},{"damage":0,"enemies":"Exordium Wildlife","floor":7,"turns":2},{"damage":6,"enemies":"Blue Slaver","floor":8,"turns":6},{"damage":28,"enemies":"Lagavulin","floor":10,"turns":8},{"damage":26,"enemies":"3 Sentries","floor":12,"turns":16},{"damage":0,"enemies":"Looter","floor":14,"turns":5},{"damage":0,"enemies":"Hexaghost","floor":16,"turns":6}],"seed_played":"2342510709450970545","potions_obtained":[{"floor":3.0,"key":"LiquidMemories"},{"floor":6,"key":"DuplicationPotion"},{"floor":7,"key":"GhostInAJar"},{"floor":8,"key":"Regen Potion"},{"floor":10,"key":"Dexterity Potion"},{"floor":12,"key":"Energy Potion"}],"is_trial":false,"path_per_floor":["M","?","M","M","M","E","M","M","T","E","R","E","R","M","R","B"],"character_chosen":"THE_SILENT","items_purchased":[],"campfire_rested":1,"item_purchase_floors":[],"current_hp_per_floor":[70,63,62,59,47,25,25,19,19,6,27,1,1,1,1,1,1],"gold":300,"neow_bonus":"ONE_RANDOM_RARE_CARD","is_daily":false,"chose_seed":false,"campfire_upgraded":2,"win_rate":0.0,"timestamp":1610954627,"path_taken":["M","?","M","M","M","E","M","M","T","E","R","E","R","M","R","BOSS"],"items_purchased_type":[],"build_version":"2020-12-22","purchased_purges":0,"victory":false,"max_hp_per_floor":[70,70,70,70,70,70,70,70,70,70,70,70,70,70,70,70,70],"card_choices":[{"not_picked":["Flying Knee","Dodge and Roll","Concentrate"],"picked":"SKIP","floor":1.0},{"not_picked":["Cloak And Dagger","Flying Knee","Quick Slash"],"picked":"SKIP","floor":3.0},{"not_picked":["Blade Dance","Poisoned Stab"],"picked":"Prepared","floor":4.0},{"not_picked":["Catalyst","Footwork"],"picked":"Backflip","floor":5.0},{"not_picked":["Distraction","Sucker Punch","Choke"],"picked":"SKIP","floor":6},{"not_picked":["PiercingWail","Dagger Throw","Infinite Blades"],"picked":"SKIP","floor":7},{"not_picked":["Deflect","Dagger Throw","Storm of Steel"],"picked":"SKIP","floor":8},{"not_picked":["Tactician","Eviscerate","Caltrops"],"picked":"SKIP","floor":10},{"not_picked":["Flying Knee","Quick Slash"],"picked":"Footwork","floor":12},{"not_picked":["Riddle With Holes","Crippling Poison"],"picked":"Reflex","floor":14}],"player_experience":1081847,"relics_obtained":[{"floor":6,"key":"Nunchaku"},{"floor":9,"key":"Lantern"},{"floor":10,"key":"Du-Vu Doll"},{"floor":12,"key":"Bag of Preparation"}],"event_choices":[{"damage_healed":0.0,"max_hp_gain":0.0,"max_hp_loss":0.0,"gold_gain":0.0,"event_name":"Wheel of Change","player_choice":"Damaged","floor":2.0,"gold_loss":0.0,"damage_taken":7.0}],"is_beta":false,"boss_relics":[],"items_purged_floors":[],"is_endless":false,"potions_floor_spawned":[3,6,7,8,10,12],"killed_by":"Hexaghost","ascension_level":1}}