{"host":"6r3ioyv75hs1gp74","time":1610949842,"event":{"mods":["AchievementEnabler","Act Like it!","BaseMod","Better Sensory Stone","Better Third Choice","Block Reminder","Colored Map","Colored Powertips","Curses Come First","Minty Spire (QoL Compilation)","StSLib"],"gold_per_floor":[113,123,136,136,136,136,170,190,217,233,233,233,260,15,15,111,111,124,124,54,48,59,89,89,123,176,275,11,26,26,26],"floor_reached":30,"language":"ENG","playtime":1839,"items_purged":["Parasite"],"score":320,"play_id":"8e15d543-8144-45a5-9784-c106aac9a5ba","local_time":"20210118060402","is_ascension_mode":true,"campfire_choices":[{"data":"Static Discharge","floor":6,"key":"SMITH"},{"data":"Fusion","floor":15,"key":"SMITH"},{"floor":24,"key":"REST"}],"circlet_count":0,"master_deck":["Strike_B","Strike_B","Strike_B","Defend_B","Defend_B","Defend_B","Defend_B","Zap","Dualcast","Coolheaded","Static Discharge+1","Ball Lightning","Turbo","Rebound","Fusion+1","Conserve Battery","Wallop","Compile Driver","Doom and Gloom","Hologram","Biased Cognition","Force Field","Glacier","Enlightenment","Defragment","Genetic Algorithm","Cold Snap+1","Creative AI","Melter","Storm","Doom and Gloom","Lockon"],"relics":["Velvet Choker","Orichalcum","Tiny Chest","Matryoshka","HandDrill","SacredBark","Darkstone Periapt","Juzu Bracelet","Ornamental Fan","Bag of Marbles"],"acts_visited":["Exordium","TheCity"],"potions_floor_usage":[7,7,16,16,21,23,25,25,29],"damage_taken":[{"damage":2,"enemies":"Jaw Worm","floor":1,"turns":3},{"damage":1,"enemies":"Small Slimes","floor":2,"turns":4},{"damage":4,"enemies":"Cultist","floor":3,"turns":3},{"damage":15,"enemies":"Gremlin Nob","floor":7,"turns":3},{"damage":9,"enemies":"Exordium Thugs","floor":8,"turns":3},{"damage":7,"enemies":"2 Fungi Beasts","floor":10,"turns":3},{"damage":5,"enemies":"Lagavulin","floor":13,"turns":6},{"damage":15,"enemies":"The Guardian","floor":16,"turns":7},{"damage":4,"enemies":"Chosen","floor":18,"turns":4},{"damage":0,"enemies":"2 Thieves","floor":21,"turns":5},{"damage":18,"enemies":"Snecko","floor":22,"turns":6},{"damage":19,"enemies":"Book of Stabbing","floor":23,"turns":7},{"damage":29,"enemies":"Gremlin Leader","floor":25,"turns":7},{"damage":20,"enemies":"Snake Plant","floor":29,"turns":2},{"damage":21,"enemies":"3 Cultists","floor":30,"turns":4}],"seed_played":"-290793434865649696","potions_obtained":[{"floor":2,"key":"Swift Potion"},{"floor":3,"key":"SpeedPotion"},{"floor":10,"key":"Energy Potion"},{"floor":13,"key":"Fire Potion"},{"floor":16,"key":"SkillPotion"},{"floor":21,"key":"EntropicBrew"},{"floor":23,"key":"EssenceOfDarkness"}],"is_trial":false,"path_per_floor":["M","M","M","?","?","R","E","M","T","M","?","?","E","$","R","B",null,"M","?","$","M","M","E","R","E","T","?","$","M","M"],"character_chosen":"DEFECT","items_purchased":["HandDrill","Doom and Gloom","Hologram","Defragment","Storm","FocusPotion","Doom and Gloom"],"campfire_rested":1,"item_purchase_floors":[14,14,14,20,28,28,28],"current_hp_per_floor":[73,72,68,68,73,73,58,49,49,42,62,53,48,48,48,33,80,76,76,76,76,58,39,63,34,34,34,34,14,0,0],"gold":26,"neow_bonus":"BOSS_RELIC","is_daily":false,"chose_seed":false,"campfire_upgraded":2,"win_rate":0.0,"timestamp":1610949842,"path_taken":["M","M","M","?","?","R","E","M","T","M","?","?","E","$","R","BOSS","M","?","$","?","M","E","R","E","T","?","$","M","M"],"items_purchased_type":["Relic","Card","Card","Card","Card","Potion","Card"],"build_version":"2020-12-22","purchased_purges":1,"victory":false,"max_hp_per_floor":[75,75,75,75,80,80,80,80,80,80,80,80,80,80,80,80,80,80,80,80,80,80,80,80,80,80,80,77,77,77,77],"card_choices":[{"not_picked":["Turbo","Capacitor"],"picked":"Coolheaded","floor":1},{"not_picked":["Consume","Reprogram"],"picked":"Static Discharge","floor":2},{"not_picked":["Rebound","Turbo"],"picked":"Ball Lightning","floor":3},{"not_picked":["Gash","Leap"],"picked":"Rebound","floor":7},{"not_picked":["Compile Driver","Hologram"],"picked":"Fusion","floor":8},{"not_picked":["Steam","Gash"],"picked":"Conserve Battery","floor":10},{"not_picked":["Amplify","Gash"],"picked":"Compile Driver","floor":13},{"not_picked":["Amplify","Hyperbeam"],"picked":"Biased Cognition","floor":16},{"not_picked":["Glacier","Coolheaded"],"picked":"Force Field","floor":18},{"not_picked":["Conserve Battery","Heatsinks"],"picked":"Genetic Algorithm","floor":21},{"not_picked":["Turbo","Beam Cell"],"picked":"Cold Snap+1","floor":22},{"not_picked":["Reinforced Body","Steam"],"picked":"Creative AI","floor":23},{"not_picked":["Double Energy","Stack+1"],"picked":"Melter","floor":25},{"not_picked":["Coolheaded","Barrage"],"picked":"Lockon","floor":29}],"player_experience":91754,"relics_obtained":[{"floor":7,"key":"Orichalcum"},{"floor":13,"key":"Matryoshka"},{"floor":23,"key":"Darkstone Periapt"},{"floor":25,"key":"Juzu Bracelet"},{"floor":26,"key":"Ornamental Fan"},{"floor":26,"key":"Bag of Marbles"}],"event_choices":[{"damage_healed":0,"gold_gain":0,"cards_transformed":["Strike_B"],"player_choice":"Change","damage_taken":0,"max_hp_gain":0,"max_hp_loss":0,"event_name":"Living Wall","floor":4,"gold_loss":0,"cards_obtained":["Turbo"]},{"damage_healed":0,"gold_gain":0,"player_choice":"Donut","damage_taken":0,"max_hp_gain":5,"max_hp_loss":0,"event_name":"Big Fish","floor":5,"gold_loss":0},{"damage_healed":20,"gold_gain":0,"player_choice":"Healed and dodged fight","damage_taken":0,"max_hp_gain":0,"max_hp_loss":0,"event_name":"Mushrooms","floor":11,"gold_loss":0,"cards_obtained":["Parasite"]},{"damage_healed":0,"gold_gain":0,"player_choice":"2 cards matched","damage_taken":0,"max_hp_gain":0,"max_hp_loss":0,"event_name":"Match and Keep!","floor":19,"gold_loss":0,"cards_obtained":["Glacier","Enlightenment"]},{"damage_healed":0,"gold_gain":99,"player_choice":"Steal","damage_taken":0,"max_hp_gain":0,"max_hp_loss":0,"event_name":"betterThird:BetterNest","floor":27,"gold_loss":0}],"is_beta":false,"boss_relics":[{"not_picked":["Runic Pyramid","Empty Cage"],"picked":"SacredBark"}],"items_purged_floors":[28],"is_endless":false,"potions_floor_spawned":[2,3,10,13,16,21,23],"killed_by":"3 Cultists","ascension_level":3}}