{"host":"jfdrqiydeufe5vnu","time":1610971246,"event":{"mods":["ATMod(阿瑾Mod)","Arknights The Spire","BaseMod","BetterRewards","Downfall","Energized Spire","LagranYue(拉格朗・月)","Minty Spire (QoL Compilation)","Spicy Shops","StSLib","TestMod","UnlockEverythingMod","vexMod","【遗物卡牌】REMEMod","篝火指南"],"gold_per_floor":[136,536,611,611,51,110,128,128,153,171,171,207,224,250,250,368,368,390,790,809,1009,1227,141,355,355,555,555,589,809,859,889,24,158,158,180,415,415,492,718,754,101,208,408,557,557,557,601,60,60,100,100,100,50,149,213],"floor_reached":56,"language":"ZHS","playtime":1450,"items_purged":["champ:DeathBlow","Writhe","downfall:Malfunctioning","downfall:Haunted"],"score":1784,"play_id":"39bc4ed8-131f-4b1f-b63d-a78050245df5","local_time":"20210118200046","is_ascension_mode":false,"campfire_choices":[{"floor":8.0,"key":"REST"},{"floor":11.0,"key":"REST"},{"data":"LagranYue:TestChooseCard","floor":15.0,"key":"SMITH"},{"floor":25.0,"key":"DIG"},{"floor":49,"key":"RECALL"},{"floor":52,"key":"DIG"}],"circlet_count":0,"master_deck":["LagranYue:BaseAttackCard","LagranYue:BaseAttackCard","LagranYue:BaseAttackCard","LagranYue:BaseDefendCard","LagranYue:BaseDefendCard","LagranYue:BaseDefendCard","LagranYue:AttackTopazCard","LagranYue:SkillBrokenSwordCard","LagranYue:BaseAttackCard","LagranYue:BaseDefendCard","AT_FamilyPortrait","LagranYue:SkillKadeboSwordCard+1","LagranYue:SkillBrokenShieldCard","LagranYue:AttackPurpleCard","LagranYue:SkillWoodSpearCard","LagranYue:TestChooseCard+1","LagranYue:SkillKadeboSwordCard","LagranYue:AttackFireCard","LagranYue:AttackGodSwordCard","downfall:Haunted","LagranYue:PowerDarkTempleCard+1","Parasite","vexMod:UltimateCard","LagranYue:BraveTemperamentCard","Injury","LagranYue:AttackGalacticZeroCard","LagranYue:SkillVictorySwordCard","Writhe","LagranYue:AttackPurpleCard+1","Injury","LagranYue:EmeraldRemorseCard+1","LagranYue:MagicSkyrocketCard+1","downfall:Aged","LagranYue:SkillBlazingSevenRingsCard+1","Regret"],"relics":["LagranYue:ArmsProficiencyRelics","REME_ComplimentaryCards","testmod-TestBox","LagranYue:RandomDrawCardRelic","testmod-Hope","vexMod:GhostlyGear","testmod-TurbochargingSystem","REME_ArchaeologicalTools","Bag of Marbles","AT_BladeRuinedKing","testmod-ObsoleteBoomerang","testmod-Register","vexMod:PlasmaPancake","Omamori","Potion Belt","Bag of Preparation","Odd Mushroom","REME_DemonsWealth","AT_SpeedBoots","Cursed Key","PreservedInsect","vexMod:FocusSash","testmod-IntensifyImprint","Shovel","MealTicket","ClockworkSouvenir","testmod-MagicalMallet","Letter Opener","Strawberry","MutagenicStrength","REME_HandOfSuture","LagranYue:EnkiduRelics","Toolbox","LagranYue:NewUniverseRelic","Question Card","AT_SilvercatRing","bronze:MakeshiftBattery","testmod-BlackFramedGlasses","AT_RedNoBalance","Smiling Mask","Anchor","CaptainsWheel","AT_MibuBalloonWealth","Sling","Mango","Mummified Hand","HandDrill","Pantograph","LagranYue:MagicReflectiveArmorRelic"],"acts_visited":["Exordium","TheCity","TheBeyond","TheEnding"],"potions_floor_usage":[],"damage_taken":[{"damage":5.0,"enemies":"Small Slimes","floor":1.0,"turns":3.0},{"damage":16.0,"enemies":"3 Sentries","floor":6.0,"turns":5.0},{"damage":0.0,"enemies":"2 Louse","floor":7.0,"turns":1.0},{"damage":0.0,"enemies":"Cultist","floor":10.0,"turns":2.0},{"damage":0.0,"enemies":"Gremlin Nob","floor":12.0,"turns":2.0},{"damage":0.0,"enemies":"Large Slime","floor":13.0,"turns":2.0},{"damage":0.0,"enemies":"The Mushroom Lair","floor":14.0,"turns":1.0},{"damage":2.0,"enemies":"Slime Boss","floor":16.0,"turns":5.0},{"damage":1.0,"enemies":"Chosen","floor":18.0,"turns":3.0},{"damage":0.0,"enemies":"Spheric Guardian","floor":20.0,"turns":2.0},{"damage":0.0,"enemies":"Cultist and Chosen","floor":22.0,"turns":1.0},{"damage":0.0,"enemies":"Snake Plant","floor":24.0,"turns":1.0},{"damage":7.0,"enemies":"Book of Stabbing","floor":28.0,"turns":2.0},{"damage":0.0,"enemies":"Sentry and Sphere","floor":29.0,"turns":2.0},{"damage":0.0,"enemies":"Centurion and Healer","floor":30.0,"turns":3.0},{"damage":0.0,"enemies":"Snecko","floor":31.0,"turns":2.0},{"damage":0.0,"enemies":"Champ","floor":33.0,"turns":3.0},{"damage":0.0,"enemies":"Orb Walker","floor":35.0,"turns":1.0},{"damage":0.0,"enemies":"3 Darklings","floor":36.0,"turns":1.0},{"damage":0.0,"enemies":"Mind Bloom Boss Battle","floor":38.0,"turns":1.0},{"damage":0.0,"enemies":"Spire Growth","floor":39.0,"turns":1.0},{"damage":0.0,"enemies":"Nemesis","floor":40.0,"turns":1.0},{"damage":0.0,"enemies":"Jaw Worm Horde","floor":42.0,"turns":1.0},{"damage":0.0,"enemies":"3 Darklings","floor":44.0,"turns":1.0},{"damage":0.0,"enemies":"Spire Growth","floor":47.0,"turns":1.0},{"damage":2,"enemies":"Time Eater","floor":50,"turns":1},{"damage":0,"enemies":"Shield and Spear","floor":54,"turns":1},{"damage":1,"enemies":"The Heart","floor":55,"turns":2}],"seed_played":"6878720224687824959","potions_obtained":[{"floor":7.0,"key":"GamblersBrew"},{"floor":10.0,"key":"bronze:BurnAndBuffPotion"},{"floor":13.0,"key":"Fruit Juice"},{"floor":18.0,"key":"PowerPotion"},{"floor":20.0,"key":"PowerPotion"},{"floor":31.0,"key":"DuplicationPotion"},{"floor":33.0,"key":"ColorlessPotion"}],"is_trial":false,"path_per_floor":["M","?","?","?","$","E","M","R","T","M","R","E","M","?","R","B",null,"M","?","M","?","M","R","M","R","T","?","E","M","M","M","R","B",null,"M","M","?","?","M","E","R","M","T","M","?","?","M","$","R","B",null,"R","$","E","B",null],"character_chosen":"LagranYueCharacter","items_purchased":["vexMod:GhostlyGear","testmod-TurbochargingSystem","REME_ArchaeologicalTools","Bag of Marbles","testmod-ObsoleteBoomerang","testmod-Register","vexMod:PlasmaPancake","LagranYue:SkillBrokenShieldCard","vexMod:FocusSash","testmod-IntensifyImprint","Shovel","MealTicket","ClockworkSouvenir","testmod-MagicalMallet","FairyPotion","Toolbox","LagranYue:NewUniverseRelic","Question Card","AT_SilvercatRing","Energy Potion","Smiling Mask","Anchor","CaptainsWheel","AT_MibuBalloonWealth","Sling","Mango","Mummified Hand","HandDrill"],"campfire_rested":2,"item_purchase_floors":[0,0,0,0,5,5,5,5,23,23,23,23,23,23,23,32,32,32,32,32,41,41,41,41,48,48,48,48],"current_hp_per_floor":[35,35,24,24,30,14,14,38,38,41,66,69,75,75,75,73,93,92,92,92,92,93,93,93,93,100,100,101,101,103,103,103,106,106,106,106,106,106,106,106,106,63,63,64,64,64,81,110,110,109,120,120,120,120,119],"gold":213,"neow_bonus":"","is_daily":false,"chose_seed":false,"campfire_upgraded":1,"win_rate":0.0,"timestamp":1610971246,"path_taken":["M","?","?","?","$","E","?","R","T","M","R","E","M","?","R","BOSS","M","?","M","?","M","R","M","R","T","?","E","?","M","M","R","BOSS","M","M","?","?","?","E","R","M","T","M","?","?","M","$","R","BOSS","R","$","E","BOSS"],"items_purchased_type":["Relic","Relic","Relic","Relic","Relic","Relic","Relic","Card","Relic","Relic","Relic","Relic","Relic","Relic","Potion","Relic","Relic","Relic","Relic","Potion","Relic","Relic","Relic","Relic","Relic","Relic","Relic","Relic"],"build_version":"2020-12-22","purchased_purges":4,"victory":true,"max_hp_per_floor":[75,75,75,75,81,81,81,81,81,84,84,87,93,93,93,93,93,93,93,93,93,93,93,93,93,100,100,106,106,106,106,106,106,106,106,106,106,106,106,106,106,106,106,106,106,106,106,120,120,120,120,120,120,120,120],"card_choices":[{"not_picked":["LagranYue:AttackEngravingRoseCard","LagranYue:MultipleThornsCard","LagranYue:PowerDarkTempleCard"],"picked":"LagranYue:SkillKadeboSwordCard","floor":1.0},{"not_picked":["LagranYue:PrematureBurialCard","LagranYue:PowerRemoveArmorCard"],"picked":"LagranYue:AttackPurpleCard","floor":6.0},{"not_picked":["LagranYue:AttackRavagedCard","LagranYue:AttackCrowCrossbowCard"],"picked":"LagranYue:SkillWoodSpearCard","floor":7.0},{"not_picked":["LagranYue:AttackMagicMoonCard","LagranYue:PrematureBurialCard"],"picked":"LagranYue:TestChooseCard","floor":10.0},{"not_picked":["LagranYue:RubyDefendCard","LagranYue:PrematureBurialCard"],"picked":"LagranYue:AttackFireCard","floor":12.0},{"not_picked":["LagranYue:AttackBetterCard","LagranYue:AttackDivineGuidanceCard"],"picked":"LagranYue:SkillKadeboSwordCard","floor":13.0},{"not_picked":["LagranYue:SkillIncompleteArchCard","LagranYue:ForgingCard"],"picked":"LagranYue:AttackFireCard","floor":14.0},{"not_picked":["LagranYue:AttackEmeraldCard","LagranYue:SkillLegendPaladinCard"],"picked":"LagranYue:AttackGodSwordCard","floor":16.0},{"not_picked":["LagranYue:EatTigerCard","LagranYue:MultipleThornsCard","LagranYue:PrematureBurialCard+1","Pain"],"picked":"SKIP","floor":18.0},{"not_picked":["LagranYue:SkillWoodSpearCard","LagranYue:AttackPurpleCard","downfall:Aged"],"picked":"LagranYue:PowerDarkTempleCard+1","floor":20.0},{"not_picked":["LagranYue:AttackCrowCrossbowCard","LagranYue:TestChooseCard","LagranYue:LifeForgingCard"],"picked":"Regret","floor":22.0},{"not_picked":["LagranYue:SkillLiberationCard","LagranYue:SapphirePrayerCard","LagranYue:SkillBrokenShieldCard+1"],"picked":"Parasite","floor":24.0},{"not_picked":["LagranYue:PowerWindKingEnchantmentCard","LagranYue:SkillTestamentCard","Injury"],"picked":"LagranYue:BraveTemperamentCard","floor":28.0},{"not_picked":["LagranYue:SkillEightFeetJadeCard+1","LagranYue:AttackCrowCrossbowCard","LagranYue:AttackPurpleCard"],"picked":"Injury","floor":29.0},{"not_picked":["LagranYue:AttackEnchantmentCard","LagranYue:AttackGoldCard","LagranYue:LifeForgingCard","Pain"],"picked":"SKIP","floor":30.0},{"not_picked":["LagranYue:AttackSapphireCard+1","LagranYue:TestChooseCard","downfall:Icky"],"picked":"LagranYue:AttackGalacticZeroCard","floor":31.0},{"not_picked":["LagranYue:SkillDisasterEquipmentCard","LagranYue:PowerDoubleArmsCard","LagranYue:AttackMagicSwordCard","Normality"],"picked":"LagranYue:SkillVictorySwordCard","floor":33.0},{"not_picked":["LagranYue:AttackDevilCard+1","LagranYue:AttackFaithCard","LagranYue:AttackPurpleCard","LagranYue:AttackKingCard+1","downfall:Malfunctioning"],"picked":"SKIP","floor":35.0},{"not_picked":["LagranYue:DefendBetterCard","LagranYue:AttackGoldCard","LagranYue:SkillDeathBolgCard","LagranYue:PowerKingTreasureCard"],"picked":"Writhe","floor":36.0},{"not_picked":["LagranYue:PowerKingTreasureCard","LagranYue:AttackIceCard","LagranYue:SkillTestamentCard","downfall:Aged"],"picked":"LagranYue:AttackPurpleCard+1","floor":38.0},{"not_picked":["LagranYue:SkillFalseAerialAceCard","LagranYue:PowerKingTreasureCard+1","LagranYue:AttackBetterCard+1","LagranYue:PrematureBurialCard"],"picked":"Injury","floor":39.0},{"not_picked":["LagranYue:SkillIncompleteArchCard+1","LagranYue:AttackDegenerateCard+1","LagranYue:AttackGoldCard","Injury"],"picked":"LagranYue:EmeraldRemorseCard+1","floor":40.0},{"not_picked":["LagranYue:FantasyCard+1","LagranYue:AttackRavagedCard","LagranYue:SkillDeathBolgCard+1","Pain"],"picked":"LagranYue:MagicSkyrocketCard+1","floor":42.0},{"not_picked":["LagranYue:AttackFutureCard","LagranYue:ForgingCard","LagranYue:SkillIncompleteArchCard","LagranYue:SkillKadeboSwordCard+1","Shame"],"picked":"SKIP","floor":44.0},{"not_picked":["LagranYue:PowerTwelveTrialsCard+1","LagranYue:SkillWoodSpearCard+1","LagranYue:AttackCrowCrossbowCard","Injury"],"picked":"LagranYue:SkillBlazingSevenRingsCard","floor":47.0},{"not_picked":["LagranYue:AttackCrowCrossbowCard+1","LagranYue:SkillBlazingSevenRingsCard","LagranYue:TestChooseCard+1","LagranYue:AttackMagicStarsCard+1","Writhe"],"picked":"SKIP","floor":54}],"player_experience":76439,"relics_obtained":[{"floor":4.0,"key":"AT_BladeRuinedKing"},{"floor":6.0,"key":"Omamori"},{"floor":9.0,"key":"Potion Belt"},{"floor":12.0,"key":"Bag of Preparation"},{"floor":14.0,"key":"Odd Mushroom"},{"floor":18.0,"key":"AT_SpeedBoots"},{"floor":20.0,"key":"PreservedInsect"},{"floor":25.0,"key":"Letter Opener"},{"floor":26.0,"key":"Strawberry"},{"floor":28.0,"key":"vexMod:BerryBomb"},{"floor":29.0,"key":"REME_HandOfSuture"},{"floor":30.0,"key":"LagranYue:EnkiduRelics"},{"floor":38.0,"key":"testmod-BlackFramedGlasses"},{"floor":40.0,"key":"AT_SilverBalance"},{"floor":52,"key":"Pantograph"},{"floor":54,"key":"LagranYue:MagicReflectiveArmorRelic"}],"event_choices":[{"damage_healed":0.0,"max_hp_gain":0.0,"max_hp_loss":0.0,"gold_gain":400.0,"event_name":"恩洛斯的盘子","player_choice":"Sell","floor":2.0,"relics_lost":["AT_ATBox"],"gold_loss":0.0,"damage_taken":0.0},{"damage_healed":0.0,"max_hp_gain":0.0,"max_hp_loss":0.0,"gold_gain":75.0,"event_name":"World of Goop","player_choice":"Gather Gold","floor":3.0,"gold_loss":0.0,"damage_taken":11.0},{"damage_healed":0.0,"max_hp_gain":0.0,"max_hp_loss":0.0,"gold_gain":0.0,"event_name":"Wheel of Change","player_choice":"Relic","floor":4.0,"gold_loss":0.0,"damage_taken":0.0},{"damage_healed":0.0,"max_hp_gain":0.0,"max_hp_loss":0.0,"gold_gain":0.0,"event_name":"Mushrooms","player_choice":"Fought Mushrooms","floor":14.0,"gold_loss":0.0,"damage_taken":0.0},{"damage_healed":0.0,"max_hp_gain":0.0,"max_hp_loss":0.0,"gold_gain":0.0,"event_name":"Drug Dealer","player_choice":"Inject Mutagens","floor":27.0,"gold_loss":0.0,"damage_taken":0.0,"relics_obtained":["MutagenicStrength"]},{"damage_healed":0.0,"max_hp_gain":0.0,"max_hp_loss":0.0,"gold_gain":0.0,"event_name":"MindBloom","player_choice":"Fight","floor":38.0,"gold_loss":0.0,"damage_taken":0.0},{"damage_healed":0.0,"max_hp_gain":0.0,"max_hp_loss":0.0,"gold_gain":0.0,"event_name":"给自己的盒子","player_choice":"Ignored","floor":45.0,"gold_loss":0.0,"damage_taken":0.0},{"cards_removed":["LagranYue:AttackFireCard"],"damage_healed":0.0,"max_hp_gain":0.0,"max_hp_loss":0.0,"gold_gain":0.0,"event_name":"Falling","player_choice":"Removed Attack","floor":46.0,"gold_loss":0.0,"damage_taken":0.0}],"is_beta":false,"boss_relics":[{"not_picked":["vexMod:ImprovementManual","testmod-Nine"],"picked":"REME_DemonsWealth"},{"not_picked":["REME_ChargedStone","Empty Cage"],"picked":"bronze:MakeshiftBattery"}],"items_purged_floors":[0,5,48,53],"is_endless":false,"potions_floor_spawned":[7,10,13,18,20,31,33,38,39,44,54],"ascension_level":0}}