{"host":"1q02rw1wpi0nrsss","time":1610959322,"event":{"mods":["AchievementEnabler","BaseMod","Better Note","Custom Start","Dark Map","DeckTracker","Disable Question Mark Monsters","Minty Spire (QoL Compilation)","Permanent Neow","Quick Restart","Rare Cards Sparkle","Relic Stats","StSLib"],"gold_per_floor":[210,226,226,226,97,130,130,155,155,172,185,12,12,30,30,125,125,135,149,149,149,164,164,176,176,244,244,244],"floor_reached":27,"language":"ENG","playtime":1507,"items_purged":["Strike_G","Strike_G"],"score":348,"play_id":"acc72497-0fcd-4e63-806f-ddb6942db6aa","local_time":"20210118004202","is_ascension_mode":true,"campfire_choices":[{"data":"Skewer","floor":7,"key":"SMITH"},{"data":"Neutralize","floor":13,"key":"SMITH"},{"data":"Footwork","floor":15,"key":"SMITH"},{"data":"Outmaneuver","floor":23,"key":"SMITH"},{"data":"Adrenaline","floor":25,"key":"SMITH"}],"circlet_count":0,"master_deck":["Strike_G+1","Strike_G+1","Defend_G","Defend_G","Defend_G","Defend_G","Defend_G","Survivor","Neutralize+1","Skewer+1","Backflip","Outmaneuver+1","Terror","Dagger Spray","Footwork+1","Adrenaline+1"],"relics":["Ring of the Snake","Smiling Mask","The Courier","Singing Bowl","Whetstone","Runic Pyramid","MutagenicStrength","Bottled Lightning"],"acts_visited":["Exordium","TheCity"],"potions_floor_usage":[6,11,16,16,19],"damage_taken":[{"damage":0,"enemies":"Cultist","floor":1,"turns":4},{"damage":1,"enemies":"Small Slimes","floor":2,"turns":5},{"damage":23,"enemies":"3 Sentries","floor":6,"turns":11},{"damage":12,"enemies":"Lagavulin","floor":8,"turns":6},{"damage":0,"enemies":"2 Louse","floor":10,"turns":2},{"damage":19,"enemies":"Exordium Thugs","floor":11,"turns":6},{"damage":16,"enemies":"Lots of Slimes","floor":14,"turns":4},{"damage":8,"enemies":"Hexaghost","floor":16,"turns":9},{"damage":2,"enemies":"Chosen","floor":18,"turns":3},{"damage":15,"enemies":"2 Thieves","floor":19,"turns":3},{"damage":12,"enemies":"Shelled Parasite and Fungi","floor":22,"turns":7},{"damage":3,"enemies":"Cultist and Chosen","floor":24,"turns":8},{"damage":47,"enemies":"Slavers","floor":27,"turns":12}],"seed_played":"4540129511985881925","potions_obtained":[{"floor":2,"key":"FearPotion"},{"floor":8,"key":"Regen Potion"},{"floor":11,"key":"ColorlessPotion"},{"floor":14,"key":"Fruit Juice"},{"floor":18,"key":"SkillPotion"}],"is_trial":false,"path_per_floor":["M","M","$","?","$","E","R","E","T","M","M","$","R","M","R","B",null,"M","M","?","?","M","R","M","R","T","E"],"character_chosen":"THE_SILENT","items_purchased":["Outmaneuver","Whetstone"],"campfire_rested":0,"item_purchase_floors":[5,12],"current_hp_per_floor":[63,62,62,70,70,47,47,35,35,37,33,33,33,19,19,16,63,63,50,50,50,40,40,39,39,39,0,0],"gold":244,"neow_bonus":"HUNDRED_GOLD","is_daily":false,"chose_seed":false,"campfire_upgraded":5,"win_rate":0.0,"timestamp":1610959322,"path_taken":["M","?","$","?","$","E","R","E","T","?","M","$","R","M","R","BOSS","M","M","?","?","M","R","M","R","T","E"],"items_purchased_type":["Card","Relic"],"build_version":"2020-12-22","purchased_purges":2,"victory":false,"max_hp_per_floor":[70,70,70,70,70,70,70,70,70,72,72,72,72,74,74,79,79,81,83,83,83,85,85,87,87,87,87,87],"relic_stats":{"Singing Bowl":12,"counters":[13,80],"Whetstone":["Strike_G","Strike_G"],"Smiling Mask":30,"obtain_stats":[{"Singing Bowl":9,"MutagenicStrength":20,"The Courier":8,"Whetstone":12,"Bottled Lightning":26,"Smiling Mask":6,"Ring of the Snake":0,"Runic Pyramid":17},{"Singing Bowl":4,"MutagenicStrength":10,"The Courier":4,"Whetstone":6,"Bottled Lightning":12,"Smiling Mask":3,"Ring of the Snake":0,"Runic Pyramid":8},{"Singing Bowl":26,"MutagenicStrength":53,"The Courier":26,"Whetstone":34,"Bottled Lightning":68,"Smiling Mask":20,"Ring of the Snake":0,"Runic Pyramid":47}],"Ring of the Snake":[26]},"card_choices":[{"not_picked":["Prepared","Flying Knee"],"picked":"Skewer","floor":1},{"not_picked":["Dodge and Roll","Quick Slash"],"picked":"Backflip","floor":2},{"not_picked":["Underhanded Strike","Outmaneuver"],"picked":"Terror","floor":6},{"not_picked":["Bullet Time","Backflip"],"picked":"Dagger Spray","floor":8},{"not_picked":["Dodge and Roll","Terror","Poisoned Stab"],"picked":"Singing Bowl","floor":10},{"not_picked":["Poisoned Stab","Backflip"],"picked":"Footwork","floor":11},{"not_picked":["Tactician","Caltrops","Bane"],"picked":"Singing Bowl","floor":14},{"not_picked":["Night Terror","Doppelganger"],"picked":"Adrenaline","floor":16},{"not_picked":["Backstab","Tactician","Endless Agony"],"picked":"Singing Bowl","floor":18},{"not_picked":["Backflip","Quick Slash","Dodge and Roll"],"picked":"Singing Bowl","floor":19},{"not_picked":["Setup","Terror","Deadly Poison"],"picked":"Singing Bowl","floor":22},{"not_picked":["Poisoned Stab","Acrobatics+1","Reflex"],"picked":"Singing Bowl","floor":24}],"player_experience":404950,"relics_obtained":[{"floor":6,"key":"Smiling Mask"},{"floor":8,"key":"The Courier"},{"floor":9,"key":"Singing Bowl"},{"floor":26,"key":"Bottled Lightning"}],"event_choices":[{"damage_healed":8,"gold_gain":0,"player_choice":"Full Heal","damage_taken":0,"max_hp_gain":0,"max_hp_loss":0,"event_name":"Wheel of Change","floor":4,"gold_loss":0},{"damage_healed":0,"gold_gain":0,"player_choice":"Inject Mutagens","damage_taken":0,"relics_obtained":["MutagenicStrength"],"max_hp_gain":0,"max_hp_loss":0,"event_name":"Drug Dealer","floor":20,"gold_loss":0},{"cards_removed":["Strike_G"],"damage_healed":0,"gold_gain":0,"player_choice":"Purged","damage_taken":0,"max_hp_gain":0,"max_hp_loss":0,"event_name":"Purifier","floor":21,"gold_loss":0}],"is_beta":false,"boss_relics":[{"not_picked":["Ring of the Serpent","Snecko Eye"],"picked":"Runic Pyramid"}],"items_purged_floors":[5,12],"is_endless":false,"potions_floor_spawned":[2,8,11,14,18],"killed_by":"Slavers","ascension_level":9}}