{"host":"08z5bj28eube4vug","time":1610944991,"event":{"mods":["2.2 Compatiblity","Abigail Mod","Act Like it!","BaseMod","Beaked The Cultist","Bestiary","Friendly Minions","Gensokyo","GungeonMod","Hallownest","Kiyohime????","Koishi","Lobotomy","Marisa????????","Minty Spire (QoL Compilation)","Prisma Mod","Remilia??????","Replay The Spire","StSLib","Td1madao Mod","The Alterego","The Bug Knight","The Jungle","The Sage","The Senshi","The Servant 0.9.4","Waifu the Spire","WarShipGirlsR/????R mod","Yuri Mod"],"gold_per_floor":[110,110,110,124,141,141,175,175,175,188,188,188,202,221,221,323,323,312,317,419,469,473,504,504,518,545,48,65,155,166,13,13,108,108,123,123,125,125,143,143,147,147,147,147,159,8,8,8,8,8],"floor_reached":51,"language":"ENG","playtime":3567,"items_purged":["Regret"],"score":1364,"play_id":"31559b11-65a0-4b7e-8cbc-1c0a7d073ed9","local_time":"20210118074311","is_ascension_mode":true,"campfire_choices":[{"data":"Preparedness","floor":6,"key":"SMITH"},{"data":"Furious","floor":8,"key":"SMITH"},{"data":"Defend System","floor":12,"key":"SMITH"},{"data":"Three Hit","floor":15,"key":"SMITH"},{"data":"Moon Tear","floor":24,"key":"SMITH"},{"data":"Preparedness","floor":32,"key":"SMITH"},{"data":"Preparedness","floor":40,"key":"SMITH"},{"floor":42,"key":"REST"}],"circlet_count":0,"master_deck":["Strike_C","Strike_C","Strike_C","Defend_C","Defend_C","Defend_C","Defend_C","Knight Kick","Chip","AbeCurse","Preloading","Three Hit+1","Fixing","Defend System+1","Black Execution","Sub Weapons","Money Cant Rescue","Preparedness+1","Furious+1","Fixing+1","Afterwards","Moon Tear+1","Black Spear+1","Lunge","Overencumbered","Fire Blade+1","Afterwards+1","Fire Blade+1","Preparedness+1","Perfect Defend+1","Furious","Floating Swing Kick+1","Specialist","Preparedness+1","Revenge+1","Revenge+1"],"relics":["Abe\u0027s Treasure","DemoMod:LamentConfigurum","Replay:Multitool","theSenshi:SailorFukuRelic","Mango","Cursed Key","Counterbalance","HollowMod:PaleOreRelic","Blue Mushroom","DemoMod:Orange","Oddly Smooth Stone","Replay:Grab Bag","ChewingGum","beaked:SacredNecklace","SlaversCollar","Cut Hand","Pen Nib"],"acts_visited":["Exordium","TheCity","TheBeyond"],"potions_floor_usage":[7,7,13,14,16,16,19,19,23,25,28,30,35,41,45,50,50],"damage_taken":[{"damage":5,"enemies":"Jaw Worm","floor":1,"turns":5},{"damage":0,"enemies":"2 Louse","floor":4,"turns":2},{"damage":0,"enemies":"Cultist","floor":5,"turns":4},{"damage":2,"enemies":"HollowMod:MossKnight","floor":7,"turns":8},{"damage":0,"enemies":"Replay:BlueRogue","floor":10,"turns":5},{"damage":0,"enemies":"Looter","floor":13,"turns":5},{"damage":10,"enemies":"3 Louse","floor":14,"turns":6},{"damage":0,"enemies":"The Guardian","floor":16,"turns":7},{"damage":3,"enemies":"3 Byrds","floor":18,"turns":7},{"damage":0,"enemies":"Spheric Guardian","floor":19,"turns":4},{"damage":21,"enemies":"Snake Plant","floor":22,"turns":5},{"damage":0,"enemies":"Replay:Snechameleon","floor":23,"turns":8},{"damage":5,"enemies":"Centurion and Healer","floor":25,"turns":5},{"damage":2,"enemies":"Gremlin Leader","floor":28,"turns":5},{"damage":7,"enemies":"3 Cultists","floor":30,"turns":4},{"damage":10,"enemies":"Pondfish","floor":33,"turns":7},{"damage":38,"enemies":"3 Darklings","floor":35,"turns":5},{"damage":6,"enemies":"3 Shapes","floor":37,"turns":3},{"damage":22,"enemies":"Jaw Worm Horde","floor":39,"turns":4},{"damage":40,"enemies":"Reptomancer","floor":41,"turns":6},{"damage":0,"enemies":"Maw","floor":45,"turns":6},{"damage":3,"enemies":"Awakened One","floor":50,"turns":10}],"seed_played":"5214614220008225904","potions_obtained":[{"floor":1,"key":"ColorlessPotion"},{"floor":5,"key":"LifebloodPotion"},{"floor":7,"key":"Energy Potion"},{"floor":11,"key":"Ancient Potion"},{"floor":11,"key":"Energy Potion"},{"floor":13,"key":"Adrenaline Potion"},{"floor":14,"key":"FearPotion"},{"floor":18,"key":"GamblersBrew"},{"floor":22,"key":"DemoMod:LeadSkinPotion"},{"floor":23,"key":"LiquidMemories"},{"floor":30,"key":"BlessingOfTheForge"},{"floor":33,"key":"Explosive Potion"},{"floor":41,"key":"SkillPotion"},{"floor":45,"key":"Dexterity Potion"}],"is_trial":false,"path_per_floor":["M","?","?","M","M","R","E","R","T","E","?","R","M","M","R","B",null,"M","M","?","?","M","E","R","M","T","$","E","?","M","$","R","B",null,"M","?","M","?","M","R","E","R","T","?","M","$","R","T","R","B",null],"character_chosen":"TD1MADAO_CLASS","items_purchased":["DemoMod:LeadSkinPotion","Blue Mushroom","Dexterity Potion","Oddly Smooth Stone","Pen Nib"],"campfire_rested":1,"item_purchase_floors":[27,27,27,31,46],"current_hp_per_floor":[58,58,58,58,58,58,56,56,56,56,56,56,56,60,60,60,78,75,75,75,75,54,54,54,49,49,49,59,41,34,34,34,24,78,40,84,78,78,56,56,16,41,41,41,41,41,66,66,84,81],"gold":8,"neow_bonus":"BOSS_RELIC","is_daily":false,"chose_seed":false,"campfire_upgraded":7,"win_rate":0.0,"timestamp":1610944991,"path_taken":["M","?","?","M","M","R","E","R","T","E","?","R","M","M","R","BOSS","M","?","?","?","?","E","R","M","T","$","E","?","?","$","R","BOSS","M","?","M","?","M","R","E","R","T","?","M","$","R","?","R","BOSS"],"items_purchased_type":["Undefined","Relic","Potion","Relic","Relic"],"build_version":"2020-12-22","purchased_purges":1,"victory":true,"max_hp_per_floor":[70,70,70,70,70,70,70,70,70,70,70,70,70,84,84,84,84,84,84,84,84,84,84,84,84,84,84,96,96,96,96,96,96,96,96,84,84,84,84,84,84,84,84,84,84,84,84,84,84,84],"card_choices":[{"not_picked":["Black Execution","Sub Weapons"],"picked":"Preloading","floor":1},{"not_picked":["Resistance","Coercion"],"picked":"Preparedness","floor":4},{"not_picked":["Black Hand","Lunge","Reflection Mechanism"],"picked":"SKIP","floor":5},{"not_picked":["Black Execution","Here Defend Chip"],"picked":"Furious","floor":7},{"not_picked":["Fire Up","Bugfix","Black Execution"],"picked":"SKIP","floor":10},{"not_picked":["White Contract","Cursed Blade"],"picked":"Fixing","floor":13},{"not_picked":["White Contract","Weapon Shift"],"picked":"Afterwards","floor":14},{"not_picked":["Optimization","Memory Alloy"],"picked":"Moon Tear","floor":16},{"not_picked":["Floating Swing Kick","Light Attack"],"picked":"Black Spear+1","floor":18},{"not_picked":["Energy Supply","Afterwards"],"picked":"Lunge","floor":19},{"not_picked":["Light Attack","Optimization"],"picked":"Fire Blade+1","floor":20},{"not_picked":["Here Defend Chip","Recovery Mechanism"],"picked":"Afterwards+1","floor":22},{"not_picked":["White Contract","Reflection Mechanism","Cursed Blade"],"picked":"SKIP","floor":23},{"not_picked":["Shockwave Tdmadao","Preloading"],"picked":"Fire Blade+1","floor":25},{"not_picked":["Black Spear","Rupture+1"],"picked":"Preparedness","floor":28},{"not_picked":["Reinforcement Parts","Black Execution+1"],"picked":"Perfect Defend+1","floor":30},{"not_picked":["Memory Alloy","Chip Synthesis"],"picked":"Furious","floor":33},{"not_picked":["Machining","Judgment"],"picked":"Floating Swing Kick+1","floor":35},{"not_picked":["Trader","Resistance","Weapon Shift+1"],"picked":"SKIP","floor":37},{"not_picked":["ReplayTheSpireMod:Private Reserves","Secret Weapon"],"picked":"Specialist","floor":38},{"not_picked":["Recovery Mechanism+1","Light Attack+1"],"picked":"Preparedness","floor":39},{"not_picked":["Reflection Mechanism","Provocative"],"picked":"Revenge","floor":41},{"not_picked":["Defend System","Three Hit+1"],"picked":"Revenge+1","floor":45}],"player_experience":809356,"relics_obtained":[{"floor":7,"key":"DemoMod:LamentConfigurum"},{"floor":9,"key":"Replay:Multitool"},{"floor":10,"key":"theSenshi:SailorFukuRelic"},{"floor":23,"key":"Counterbalance"},{"floor":26,"key":"HollowMod:PaleOreRelic"},{"floor":28,"key":"DemoMod:Orange"},{"floor":41,"key":"Cut Hand"}],"event_choices":[{"damage_healed":0,"gold_gain":0,"cards_transformed":["Strike_C"],"player_choice":"Change","damage_taken":0,"max_hp_gain":0,"max_hp_loss":0,"event_name":"Living Wall","floor":2,"gold_loss":0,"cards_obtained":["Three Hit"]},{"damage_healed":0,"gold_gain":0,"player_choice":"Got Potions","damage_taken":0,"max_hp_gain":0,"max_hp_loss":0,"event_name":"Lab","floor":11,"gold_loss":0},{"damage_healed":0,"gold_gain":100,"player_choice":"Bet on Murderer","damage_taken":0,"max_hp_gain":0,"max_hp_loss":0,"event_name":"The Joust","floor":21,"gold_loss":50},{"damage_healed":0,"gold_gain":90,"player_choice":"GOLD POTION ","damage_taken":18,"max_hp_gain":0,"max_hp_loss":0,"event_name":"Knowing Skull","floor":29,"potions_obtained":["Death Potion"],"gold_loss":0,"cards_obtained":[]},{"damage_healed":84,"gold_gain":0,"player_choice":"Heal","damage_taken":0,"max_hp_gain":0,"max_hp_loss":12,"event_name":"The Moai Head","floor":36,"gold_loss":0},{"damage_healed":0,"gold_gain":0,"player_choice":"Memory 1","damage_taken":0,"max_hp_gain":0,"max_hp_loss":0,"event_name":"SensoryStone","floor":38,"gold_loss":0},{"damage_healed":0,"gold_gain":0,"player_choice":"Ignored","damage_taken":0,"max_hp_gain":0,"max_hp_loss":0,"event_name":"Mysterious Sphere","floor":44,"gold_loss":0}],"is_beta":false,"boss_relics":[{"not_picked":["Replay:Drink Me","Foreshadowing"],"picked":"Cursed Key"},{"not_picked":["Runic Dome","Astrolabe"],"picked":"Replay:Grab Bag"},{"not_picked":["Sozu","Coffee Dripper"],"picked":"ChewingGum"},{"not_picked":["Velvet Choker","Replay:Wanted Poster"],"picked":"beaked:SacredNecklace"},{"not_picked":["Pandora\u0027s Box","Empty Cage"],"picked":"SlaversCollar"}],"items_purged_floors":[27],"is_endless":false,"potions_floor_spawned":[1,5,7,13,14,18,22,23,30,33,41,45],"ascension_level":7}}