{"host":"oehe2dxjvdgux73m","time":1610967807,"event":{"mods":["AchievementEnabler","BaseMod","Colored Map","Colored Powertips","DeckTracker","Keyboard Shortcuts","Minty Spire (QoL Compilation)","Permanent Neow","Quick Restart","StSLib","SuperFastMode"],"gold_per_floor":[112,187,203,203,214,247,247,247,247],"floor_reached":8,"language":"KOR","playtime":132,"items_purged":[],"score":112,"play_id":"9b37745a-4c47-4b2e-a25d-e056260ee374","local_time":"20210118200327","is_ascension_mode":true,"campfire_choices":[{"floor":7.0,"key":"REST"}],"circlet_count":0,"master_deck":["AscendersBane","Strike_G","Strike_G","Strike_G","Strike_G","Defend_G","Defend_G","Defend_G","Defend_G","Defend_G","Survivor","Neutralize","Backstab","Underhanded Strike","Poisoned Stab+1"],"relics":["Ring of the Snake","NeowsBlessing","Molten Egg 2"],"acts_visited":[],"potions_floor_usage":[8],"damage_taken":[{"damage":0.0,"enemies":"Cultist","floor":1.0,"turns":1.0},{"damage":0.0,"enemies":"2 Louse","floor":3.0,"turns":1.0},{"damage":0.0,"enemies":"Jaw Worm","floor":5.0,"turns":1.0},{"damage":47.0,"enemies":"3 Sentries","floor":6.0,"turns":10.0},{"damage":27,"enemies":"Gremlin Nob","floor":8,"turns":3}],"seed_played":"-784652291784910155","potions_obtained":[{"floor":1.0,"key":"Strength Potion"},{"floor":5.0,"key":"BlessingOfTheForge"}],"is_trial":false,"path_per_floor":["M","?","M","?","M","E","R","E"],"character_chosen":"THE_SILENT","items_purchased":[],"campfire_rested":1,"item_purchase_floors":[],"current_hp_per_floor":[59,48,48,48,48,1,20,0,0],"gold":247,"neow_bonus":"THREE_ENEMY_KILL","is_daily":false,"chose_seed":false,"campfire_upgraded":0,"win_rate":0.0,"timestamp":1610967807,"path_taken":["M","?","M","?","?","E","R","E"],"items_purchased_type":[],"build_version":"2020-12-22","purchased_purges":0,"victory":false,"max_hp_per_floor":[66,66,66,66,66,66,66,66,66],"card_choices":[{"not_picked":["Caltrops","Flying Knee","Bane"],"picked":"SKIP","floor":1.0},{"not_picked":["Bouncing Flask","Endless Agony"],"picked":"Backstab","floor":3.0},{"not_picked":["Poisoned Stab","Slice"],"picked":"Underhanded Strike","floor":5.0},{"not_picked":["Heel Hook+1","Terror"],"picked":"Poisoned Stab+1","floor":6.0}],"player_experience":285418,"relics_obtained":[{"floor":6.0,"key":"Molten Egg 2"}],"event_choices":[{"damage_healed":0.0,"max_hp_gain":0.0,"max_hp_loss":0.0,"gold_gain":75.0,"event_name":"World of Goop","player_choice":"Gather Gold","floor":2.0,"gold_loss":0.0,"damage_taken":11.0},{"cards_removed":["Strike_G"],"damage_healed":0.0,"max_hp_gain":0.0,"max_hp_loss":0.0,"gold_gain":0.0,"event_name":"Bonfire Elementals","player_choice":"Offered Basic","floor":4.0,"gold_loss":0.0,"damage_taken":0.0}],"is_beta":false,"boss_relics":[],"items_purged_floors":[],"is_endless":false,"potions_floor_spawned":[1,5],"killed_by":"Gremlin Nob","ascension_level":20}}