{"host":"qhhcmep1unj6mpf7","time":1610988155,"event":{"mods":["2.2 Compatiblity","AchievementEnabler","BaseMod","Colored Map","DeckTracker","Highlight Path","Keyboard Shortcuts","Minty Spire (QoL Compilation)","Permanent Neow","Quick Restart","Random Character Button","StSLib","SuperFastMode","everything is the same but u backflip on backflip"],"gold_per_floor":[12,23,40,56,71,99,5,5,5,5,17,34,47,57,57,57,57],"floor_reached":16,"language":"KOR","playtime":649,"items_purged":[],"score":108,"play_id":"1efa46dd-bba4-466f-8535-ac06238b1a50","local_time":"20210119014235","is_ascension_mode":false,"campfire_choices":[{"data":"Capacitor","floor":8,"key":"SMITH"},{"data":"Coolheaded","floor":10,"key":"SMITH"},{"floor":15,"key":"REST"}],"circlet_count":0,"master_deck":["Strike_B","Strike_B","Strike_B","Strike_B","Defend_B","Defend_B","Defend_B","Defend_B","Zap","Dualcast","Master of Strategy","Cold Snap","Capacitor+1","Coolheaded+1","White Noise","Seek"],"relics":["Cracked Core","Mummified Hand","Frozen Egg 2"],"acts_visited":["Exordium"],"potions_floor_usage":[6,12],"damage_taken":[{"damage":1,"enemies":"Jaw Worm","floor":1,"turns":3},{"damage":0,"enemies":"Cultist","floor":2,"turns":3},{"damage":1,"enemies":"2 Louse","floor":3,"turns":2},{"damage":7,"enemies":"Red Slaver","floor":4,"turns":4},{"damage":5,"enemies":"Looter","floor":5,"turns":3},{"damage":22,"enemies":"Lagavulin","floor":6,"turns":6},{"damage":11,"enemies":"Exordium Thugs","floor":11,"turns":5},{"damage":6,"enemies":"Lots of Slimes","floor":12,"turns":4},{"damage":6,"enemies":"Looter","floor":13,"turns":4},{"damage":7,"enemies":"Blue Slaver","floor":14,"turns":4},{"damage":34,"enemies":"Hexaghost","floor":16,"turns":11}],"seed_played":"-7041881112861387028","potions_obtained":[{"floor":1,"key":"Fire Potion"},{"floor":2,"key":"DuplicationPotion"},{"floor":11,"key":"SteroidPotion"},{"floor":12,"key":"Weak Potion"}],"is_trial":false,"path_per_floor":["M","M","M","M","M","E","$","R","T","R","M","M","M","M","R","B"],"character_chosen":"DEFECT","items_purchased":["Capacitor","Coolheaded"],"campfire_rested":1,"item_purchase_floors":[7,7],"current_hp_per_floor":[74,74,73,66,61,39,39,39,39,39,28,22,16,9,31,0,0],"gold":57,"neow_bonus":"RANDOM_COLORLESS_2","is_daily":false,"chose_seed":false,"campfire_upgraded":2,"win_rate":0.0,"timestamp":1610988155,"path_taken":["M","M","M","M","M","E","$","R","T","R","M","M","M","M","R","BOSS"],"items_purchased_type":["Card","Card"],"build_version":"2020-12-22","purchased_purges":0,"victory":false,"max_hp_per_floor":[75,75,75,75,75,75,75,75,75,75,75,75,75,75,75,75,75],"card_choices":[{"not_picked":["Thinking Ahead","HandOfGreed"],"picked":"Master of Strategy","floor":0},{"not_picked":["Doom and Gloom","Conserve Battery"],"picked":"Cold Snap","floor":1},{"not_picked":["Sweeping Beam","Rebound","Darkness"],"picked":"SKIP","floor":2},{"not_picked":["Streamline","Rebound","Conserve Battery"],"picked":"SKIP","floor":3},{"not_picked":["Sweeping Beam","Recycle","Gash"],"picked":"SKIP","floor":4},{"not_picked":["Leap","Conserve Battery","Barrage"],"picked":"SKIP","floor":5},{"not_picked":["FTL","Beam Cell","Lockon"],"picked":"SKIP","floor":6},{"not_picked":["Redo","Reinforced Body","Gash"],"picked":"SKIP","floor":11},{"not_picked":["Streamline","Reinforced Body"],"picked":"White Noise","floor":12},{"not_picked":["Leap","Storm+1"],"picked":"Seek","floor":13},{"not_picked":["Sunder","Rebound","Reinforced Body"],"picked":"SKIP","floor":14}],"player_experience":318641,"relics_obtained":[{"floor":6,"key":"Mummified Hand"},{"floor":9,"key":"Frozen Egg 2"}],"event_choices":[],"is_beta":false,"boss_relics":[],"items_purged_floors":[],"is_endless":false,"potions_floor_spawned":[1,2,11,12],"killed_by":"Hexaghost","ascension_level":0}}