{"host":"baymyijz6sxaqj5s","time":1610974081,"event":{"mods":["AchievementEnabler","BaseMod","Colored Map","Colored Powertips","DeckTracker","Highlight Path","KOR Keyword Fix","Keyboard Shortcuts","Minty Spire (QoL Compilation)","StSLib","SuperFastMode","everything is the same but u backflip on backflip"],"gold_per_floor":[113,128,142,152,168,168,168,181,262,272,116,116,116,135,135,135,135],"floor_reached":16,"language":"KOR","playtime":423,"items_purged":[],"score":106,"play_id":"dc718e9b-aedc-42c3-beac-0b1e6aa71429","local_time":"20210118214801","is_ascension_mode":true,"campfire_choices":[{"data":"Survivor","floor":7,"key":"SMITH"},{"floor":12,"key":"REST"},{"floor":15,"key":"REST"}],"circlet_count":0,"master_deck":["Strike_G","Strike_G","Strike_G","Strike_G+1","Strike_G","Defend_G","Defend_G","Defend_G","Defend_G","Defend_G","Survivor+1","Neutralize","Skewer+1","Poisoned Stab","Tactician","Prepared","Catalyst","Corpse Explosion+1","Deadly Poison"],"relics":["Ring of the Snake","Ornamental Fan","Bag of Marbles"],"acts_visited":["Exordium"],"potions_floor_usage":[4,5,16],"damage_taken":[{"damage":1,"enemies":"Jaw Worm","floor":1,"turns":6},{"damage":4,"enemies":"Small Slimes","floor":2,"turns":4},{"damage":3,"enemies":"2 Louse","floor":3,"turns":3},{"damage":11,"enemies":"Exordium Wildlife","floor":4,"turns":6},{"damage":1,"enemies":"Looter","floor":5,"turns":3},{"damage":18,"enemies":"Lots of Slimes","floor":8,"turns":7},{"damage":1,"enemies":"Exordium Wildlife","floor":10,"turns":4},{"damage":0,"enemies":"2 Fungi Beasts","floor":14,"turns":2},{"damage":69,"enemies":"Slime Boss","floor":16,"turns":12}],"seed_played":"-5374404214274872587","potions_obtained":[{"floor":2,"key":"FearPotion"},{"floor":3,"key":"SpeedPotion"},{"floor":4,"key":"FearPotion"}],"is_trial":false,"path_per_floor":["M","M","M","M","M","?","R","M","T","M","$","R","?","M","R","B"],"character_chosen":"THE_SILENT","items_purchased":["Bag of Marbles"],"campfire_rested":2,"item_purchase_floors":[11],"current_hp_per_floor":[76,72,69,58,57,42,42,24,24,23,23,46,46,46,69,0,0],"gold":135,"neow_bonus":"TEN_PERCENT_HP_BONUS","is_daily":false,"chose_seed":false,"campfire_upgraded":1,"win_rate":0.0,"timestamp":1610974081,"path_taken":["M","M","M","M","M","?","R","M","T","M","$","R","?","M","R","BOSS"],"items_purchased_type":["Relic"],"build_version":"2020-12-22","purchased_purges":0,"victory":false,"max_hp_per_floor":[77,77,77,77,77,77,77,77,77,77,77,77,77,77,77,77,77],"card_choices":[{"not_picked":["Sucker Punch","Finisher"],"picked":"Skewer","floor":1},{"not_picked":["Reflex","Underhanded Strike"],"picked":"Poisoned Stab","floor":2},{"not_picked":["Reflex","Slice"],"picked":"Tactician","floor":3},{"not_picked":["Sucker Punch","Quick Slash","Dash"],"picked":"SKIP","floor":4},{"not_picked":["Predator","Blade Dance"],"picked":"Prepared","floor":5},{"not_picked":["Distraction","Predator"],"picked":"Catalyst","floor":8},{"not_picked":["Choke","Outmaneuver"],"picked":"Corpse Explosion","floor":10},{"not_picked":["Bane","Acrobatics"],"picked":"Deadly Poison","floor":14}],"player_experience":48975,"relics_obtained":[{"floor":9,"key":"Ornamental Fan"}],"event_choices":[{"damage_healed":0,"gold_gain":0,"player_choice":"Entered Light","damage_taken":15,"max_hp_gain":0,"max_hp_loss":0,"event_name":"Shining Light","floor":6,"gold_loss":0,"cards_upgraded":["Skewer","Strike_G"]},{"damage_healed":0,"gold_gain":0,"player_choice":"Grow","damage_taken":0,"max_hp_gain":0,"max_hp_loss":0,"event_name":"Living Wall","floor":13,"gold_loss":0,"cards_upgraded":["Corpse Explosion"]}],"is_beta":false,"boss_relics":[],"items_purged_floors":[],"is_endless":false,"potions_floor_spawned":[2,3,4],"killed_by":"Slime Boss","ascension_level":2}}