{"host":"z9811rt50ti81n54","time":1610945875,"event":{"mods":["BaseMod","Better Match","Better Skull","Better Third Choice","Minty Spire (QoL Compilation)","Permanent Neow","StSLib","SuperFastMode"],"gold_per_floor":[366,43,57,57,22,22,33,33,33,49,49,61,11,21,21,117,117,127,141,41,59,77,77,77,77,77,106,124,124,135,135,135,231,231,251,251,251,268,268,268,143,143,143,193,43,57,73,2,2,2],"floor_reached":51,"language":"ENG","playtime":1094,"items_purged":["Writhe","Strike_R","Strike_R","Strike_R"],"score":732,"play_id":"a25c5806-2804-45b7-9213-a5c2334ede08","local_time":"20210118135755","is_ascension_mode":false,"campfire_choices":[{"data":"Uppercut","floor":6,"key":"SMITH"},{"data":"True Grit","floor":11,"key":"SMITH"},{"data":"Bludgeon","floor":15,"key":"SMITH"},{"data":"Impervious","floor":23,"key":"SMITH"},{"data":"Evolve","floor":25,"key":"SMITH"},{"data":"Bludgeon","floor":32,"key":"SMITH"},{"data":"Bash","floor":40,"key":"SMITH"},{"data":"Cleave","floor":42,"key":"SMITH"},{"data":"Impervious","floor":49,"key":"SMITH"}],"circlet_count":0,"master_deck":["Defend_R","Defend_R","Defend_R","Defend_R","Bash+1","Uppercut+1","Spot Weakness","Spot Weakness","True Grit+1","Shrug It Off","Cleave+1","Bludgeon+1","Impervious+1","Evolve+1","Impervious+1","Bludgeon+1","Corruption","Impervious+1"],"relics":["Burning Blood","Blue Candle","InkBottle","Snecko Eye","Akabeko","Bottled Flame","Runic Dome","Thread and Needle","CaptainsWheel"],"acts_visited":["Exordium","TheCity","TheBeyond"],"potions_floor_usage":[27,33,46,50,50],"damage_taken":[{"damage":15,"enemies":"Cultist","floor":1,"turns":4},{"damage":1,"enemies":"Jaw Worm","floor":3,"turns":5},{"damage":6,"enemies":"2 Louse","floor":7,"turns":3},{"damage":4,"enemies":"Blue Slaver","floor":10,"turns":4},{"damage":0,"enemies":"2 Fungi Beasts","floor":12,"turns":4},{"damage":4,"enemies":"3 Louse","floor":14,"turns":3},{"damage":24,"enemies":"Hexaghost","floor":16,"turns":9},{"damage":0,"enemies":"Chosen","floor":18,"turns":4},{"damage":0,"enemies":"Shell Parasite","floor":19,"turns":2},{"damage":4,"enemies":"Centurion and Healer","floor":21,"turns":5},{"damage":3,"enemies":"Snecko","floor":22,"turns":4},{"damage":0,"enemies":"Gremlin Leader","floor":27,"turns":3},{"damage":1,"enemies":"Cultist and Chosen","floor":28,"turns":4},{"damage":0,"enemies":"3 Cultists","floor":30,"turns":4},{"damage":48,"enemies":"Automaton","floor":33,"turns":6},{"damage":0,"enemies":"3 Shapes","floor":35,"turns":3},{"damage":2,"enemies":"3 Darklings","floor":38,"turns":5},{"damage":0,"enemies":"Mind Bloom Boss Battle","floor":44,"turns":4},{"damage":0,"enemies":"Sphere and 2 Shapes","floor":46,"turns":3},{"damage":4,"enemies":"Jaw Worm Horde","floor":47,"turns":3},{"damage":0,"enemies":"Donu and Deca","floor":50,"turns":4}],"seed_played":"8526427464061198084","potions_obtained":[{"floor":10,"key":"Fire Potion"},{"floor":16,"key":"Dexterity Potion"},{"floor":18,"key":"GamblersBrew"},{"floor":27,"key":"ColorlessPotion"},{"floor":33,"key":"SneckoOil"},{"floor":44,"key":"DuplicationPotion"},{"floor":46,"key":"Fruit Juice"}],"is_trial":false,"path_per_floor":["M","$","M","?","$","R","M","$","T","M","R","M","?","M","R","B",null,"M","M","$","M","M","R","?","R","T","E","M","?","M","?","R","B",null,"M","?","?","M","?","R","$","R","T","?","$","M","M","$","R","B",null],"character_chosen":"IRONCLAD","items_purchased":["Blue Candle","Spot Weakness","Impervious"],"campfire_rested":0,"item_purchase_floors":[2,5,48],"current_hp_per_floor":[71,71,76,76,76,76,76,76,76,78,78,80,80,80,80,62,80,80,80,80,80,80,80,80,80,80,80,80,65,71,71,71,29,85,85,85,85,85,85,85,85,85,85,85,85,90,90,90,90,90],"gold":2,"neow_bonus":"TWO_FIFTY_GOLD","is_daily":false,"chose_seed":false,"campfire_upgraded":9,"win_rate":0.0,"timestamp":1610945875,"path_taken":["M","$","?","?","$","R","M","$","T","M","R","M","?","M","R","BOSS","M","M","$","M","M","R","?","R","T","E","?","?","M","?","R","BOSS","M","?","?","M","?","R","?","R","T","?","$","M","M","$","R","BOSS"],"items_purchased_type":["Relic","Card","Card"],"build_version":"2020-12-22","purchased_purges":4,"victory":true,"max_hp_per_floor":[80,80,80,80,80,80,80,80,80,80,80,80,80,80,80,80,80,80,80,80,80,80,80,80,80,80,80,80,85,85,85,85,85,85,85,85,85,85,85,85,85,85,85,85,85,90,90,90,90,90],"card_choices":[{"not_picked":["Twin Strike","True Grit"],"picked":"Uppercut","floor":1},{"not_picked":["Warcry","Wild Strike"],"picked":"Spot Weakness","floor":3},{"not_picked":["Iron Wave","Ghostly Armor"],"picked":"True Grit","floor":7},{"not_picked":["Flex","Clothesline"],"picked":"Shrug It Off","floor":10},{"not_picked":["Clash","Perfected Strike"],"picked":"Cleave","floor":12},{"not_picked":["Clothesline","Pommel Strike"],"picked":"Bludgeon","floor":14},{"not_picked":["Demon Form","Feed"],"picked":"Impervious","floor":16},{"not_picked":["Body Slam","Cleave"],"picked":"Evolve","floor":18},{"not_picked":["Armaments","Heavy Blade","Battle Trance"],"picked":"SKIP","floor":19},{"not_picked":["Ghostly Armor+1","Warcry","Rage+1"],"picked":"SKIP","floor":21},{"not_picked":["True Grit","Havoc","Clothesline"],"picked":"SKIP","floor":22},{"not_picked":["Barricade+1","Bludgeon+1"],"picked":"Impervious+1","floor":24},{"not_picked":["Evolve","Combust+1","Second Wind"],"picked":"SKIP","floor":27},{"not_picked":["Pommel Strike","Burning Pact","Rampage+1"],"picked":"SKIP","floor":28},{"not_picked":["Warcry","Wild Strike","Pommel Strike"],"picked":"SKIP","floor":30},{"not_picked":["Limit Break","Juggernaut"],"picked":"Corruption","floor":33},{"not_picked":["Warcry","Sever Soul+1","Clothesline+1"],"picked":"SKIP","floor":35},{"not_picked":["Sword Boomerang","Bloodletting+1","Anger+1"],"picked":"SKIP","floor":38},{"not_picked":["Pommel Strike+1","Searing Blow+1","Thunderclap+1"],"picked":"SKIP","floor":46},{"not_picked":["Body Slam+1","True Grit+1","Cleave"],"picked":"SKIP","floor":47}],"player_experience":394781,"relics_obtained":[{"floor":9,"key":"InkBottle"},{"floor":26,"key":"Akabeko"},{"floor":27,"key":"Bottled Flame"},{"floor":43,"key":"Thread and Needle"},{"floor":44,"key":"CaptainsWheel"}],"event_choices":[{"cards_removed":["Strike_R"],"damage_healed":0,"gold_gain":0,"player_choice":"Forget","damage_taken":0,"max_hp_gain":0,"max_hp_loss":0,"event_name":"Living Wall","floor":4,"gold_loss":0},{"cards_removed":["Strike_R"],"damage_healed":0,"gold_gain":0,"player_choice":"Card Removal","damage_taken":0,"max_hp_gain":0,"max_hp_loss":0,"event_name":"The Cleric","floor":13,"gold_loss":50},{"damage_healed":0,"gold_gain":0,"player_choice":"2","damage_taken":0,"max_hp_gain":0,"max_hp_loss":0,"event_name":"betterMatch:BetterMatch","floor":24,"gold_loss":0,"cards_obtained":["betterMatch:RareCard"]},{"damage_healed":0,"gold_gain":0,"player_choice":"Shed Blood","damage_taken":20,"max_hp_gain":5,"max_hp_loss":0,"event_name":"Forgotten Altar","floor":29,"gold_loss":0},{"damage_healed":0,"gold_gain":0,"player_choice":"Read","damage_taken":0,"max_hp_gain":0,"max_hp_loss":0,"event_name":"The Library","floor":31,"gold_loss":0,"cards_obtained":["Bludgeon"]},{"damage_healed":0,"gold_gain":0,"player_choice":"Ignored","damage_taken":0,"max_hp_gain":0,"max_hp_loss":0,"event_name":"Mysterious Sphere","floor":36,"gold_loss":0},{"damage_healed":0,"gold_gain":0,"player_choice":"Memory 1","damage_taken":0,"max_hp_gain":0,"max_hp_loss":0,"event_name":"SensoryStone","floor":37,"gold_loss":0},{"damage_healed":0,"gold_gain":0,"player_choice":"Ignored","damage_taken":0,"max_hp_gain":0,"max_hp_loss":0,"event_name":"Tomb of Lord Red Mask","floor":39,"gold_loss":0},{"damage_healed":0,"gold_gain":0,"player_choice":"Fight","damage_taken":0,"max_hp_gain":0,"max_hp_loss":0,"event_name":"MindBloom","floor":44,"gold_loss":0}],"is_beta":false,"boss_relics":[{"not_picked":["SacredBark","Ectoplasm"],"picked":"Snecko Eye"},{"not_picked":["Runic Pyramid","Philosopher\u0027s Stone"],"picked":"Runic Dome"}],"items_purged_floors":[2,20,41,45],"is_endless":false,"potions_floor_spawned":[10,16,18,19,21,27,33,44,46],"ascension_level":0}}