{"host":"ccw6t0i2dpm5wyxf","time":1610955667,"event":{"mods":["AchievementEnabler","BaseMod","Colored Map","Minty Spire (QoL Compilation)","Permanent Neow","SuperFastMode"],"gold_per_floor":[109,129,139,153,153,235,251,251,274,274,274],"floor_reached":10,"language":"ENG","playtime":271,"items_purged":[],"score":75,"play_id":"f672a50f-13c3-4a18-8e80-316f17bf1f64","local_time":"20210118014107","is_ascension_mode":true,"campfire_choices":[],"circlet_count":0,"master_deck":["Strike_G","Strike_G","Strike_G","Strike_G","Strike_G","Defend_G","Defend_G","Defend_G","Defend_G","Defend_G","Survivor","Neutralize","Sucker Punch","Prepared","Outmaneuver"],"relics":["Busted Crown","Tiny Chest","Question Card","Golden Idol","Happy Flower"],"acts_visited":["Exordium"],"potions_floor_usage":[7,10,10],"damage_taken":[{"damage":3,"enemies":"Jaw Worm","floor":1,"turns":4},{"damage":0,"enemies":"Small Slimes","floor":2,"turns":3},{"damage":0,"enemies":"2 Louse","floor":3,"turns":3},{"damage":1,"enemies":"Looter","floor":4,"turns":4},{"damage":0,"enemies":"Gremlin Gang","floor":7,"turns":7},{"damage":46,"enemies":"Lagavulin","floor":10,"turns":8}],"seed_played":"-2437375986763318718","potions_obtained":[{"floor":1,"key":"GamblersBrew"},{"floor":2,"key":"Ancient Potion"},{"floor":3,"key":"GhostInAJar"},{"floor":7,"key":"SkillPotion"}],"is_trial":false,"path_per_floor":["M","M","M","M","?","T","M","?","T","E"],"character_chosen":"THE_SILENT","items_purchased":[],"campfire_rested":0,"item_purchase_floors":[],"current_hp_per_floor":[67,67,67,66,63,63,63,46,46,0,0],"gold":274,"neow_bonus":"BOSS_RELIC","is_daily":false,"chose_seed":false,"campfire_upgraded":0,"win_rate":0.0,"timestamp":1610955667,"path_taken":["M","M","M","M","?","?","M","?","T","E"],"items_purchased_type":[],"build_version":"2020-12-22","purchased_purges":0,"victory":false,"max_hp_per_floor":[70,70,70,70,70,70,70,70,70,70,70],"card_choices":[{"not_picked":["Predator"],"picked":"SKIP","floor":1},{"not_picked":["Escape Plan"],"picked":"SKIP","floor":2},{"not_picked":[],"picked":"Sucker Punch","floor":3},{"not_picked":[],"picked":"Prepared","floor":4},{"not_picked":["Concentrate"],"picked":"Outmaneuver","floor":7}],"player_experience":286958,"relics_obtained":[{"floor":6,"key":"Question Card"},{"floor":9,"key":"Happy Flower"}],"event_choices":[{"damage_healed":0,"gold_gain":0,"player_choice":"Success","damage_taken":3,"relics_obtained":["Tiny Chest"],"max_hp_gain":0,"max_hp_loss":0,"event_name":"Scrap Ooze","floor":5,"gold_loss":0},{"damage_healed":0,"gold_gain":0,"player_choice":"Take Damage","damage_taken":17,"relics_obtained":["Golden Idol"],"max_hp_gain":0,"max_hp_loss":0,"event_name":"Golden Idol","floor":8,"gold_loss":0}],"is_beta":false,"boss_relics":[],"items_purged_floors":[],"is_endless":false,"potions_floor_spawned":[1,2,3,7],"killed_by":"Lagavulin","ascension_level":5}}