{"host":"xp5rvh2jwe2ejyfm","time":1610984342,"event":{"mods":["BaseMod","Hermit","Minty Spire (QoL Compilation)","Replay The Spire","StSLib","The Construct","The Cursed","The Disciple","The Hierophant","The Necromancer","The Runesmith"],"gold_per_floor":[111,126,196,207,207,207,282,282,282,99,133,133,32,44,44,147,147,167,167,182,281,68,98,110,149,188,213,225,237,65,65,65,168,168,178,5,5,5,5],"floor_reached":38,"language":"ENG","playtime":1568,"items_purged":[],"score":581,"play_id":"592533c6-c0b5-4dfc-8958-5a12ca066e71","local_time":"20210118103902","is_ascension_mode":false,"campfire_choices":[{"data":"TheCursedMod:CursedWand","floor":6,"key":"SMITH"},{"data":"TheCursedMod:StunningStrike","floor":8,"key":"SMITH"},{"data":"TheCursedMod:HellfireBreathing","floor":12,"key":"SMITH"},{"floor":15,"key":"REST"},{"floor":24,"key":"REST"},{"floor":29,"key":"RECALL"},{"floor":32,"key":"REST"}],"circlet_count":0,"master_deck":["TheCursedMod:Strike_TheCursed","TheCursedMod:Strike_TheCursed","TheCursedMod:Strike_TheCursed","TheCursedMod:Strike_TheCursed","TheCursedMod:Defend_TheCursed+1","TheCursedMod:Defend_TheCursed","TheCursedMod:Defend_TheCursed","TheCursedMod:Defend_TheCursed+1","TheCursedMod:CursedWand+1","TheCursedMod:CleanUpWorkshop","TheCursedMod:Dregs","TheCursedMod:StunningStrike+1","TheCursedMod:CircleOfFlame","TheCursedMod:CursedMace","ReplayTheSpireMod:Splinters","TheCursedMod:CircleOfBlood","TheCursedMod:CursedStaff","TheCursedMod:Mangle","TheCursedMod:HellfireBreathing+1","TheCursedMod:SmokeScreen","TheCursedMod:LuckyCharm+1","TheCursedMod:CursedShiv","TheCursedMod:SoulReap","TheCursedMod:CircleOfAbyss","TheCursedMod:CursedShiv","TheCursedMod:ReleasedStrength","TheCursedMod:StingEye","TheCursedMod:HellfireBreathing+1","TheCursedMod:Hemoplague+1","TheCursedMod:CircleOfBlood","TheCursedMod:ManaBullet+1","TheCursedMod:SpitefulStrike","Apotheosis","TheCursedMod:SmokeScreen","TheCursedMod:UltimatePain","TheCursedMod:CursedStaff+1","TheCursedMod:SurpriseAttack+1"],"relics":["TheCursedMod:BlackMagic101","Omamori","PreservedInsect","Gremlin Food","Painkiller Herb","DollysMirror","MawBank","Smiling Mask","Blue Doll","Replay:Bronze Core","MealTicket"],"acts_visited":["Exordium","TheCity","TheBeyond"],"potions_floor_usage":[11,14,14,27,33,38,38],"damage_taken":[{"damage":1,"enemies":"Jaw Worm","floor":1,"turns":3},{"damage":0,"enemies":"2 Louse","floor":2,"turns":2},{"damage":0,"enemies":"Small Slimes","floor":4,"turns":3},{"damage":20,"enemies":"3 Sentries","floor":11,"turns":7},{"damage":11,"enemies":"Exordium Wildlife","floor":14,"turns":4},{"damage":19,"enemies":"Fading Forest","floor":16,"turns":11},{"damage":25,"enemies":"3 Byrds","floor":18,"turns":6},{"damage":15,"enemies":"Chosen","floor":20,"turns":5},{"damage":31,"enemies":"Book of Stabbing","floor":23,"turns":4},{"damage":21,"enemies":"Gremlin Leader","floor":25,"turns":4},{"damage":10,"enemies":"Snake Plant","floor":27,"turns":4},{"damage":36,"enemies":"Pondfish","floor":33,"turns":10},{"damage":31,"enemies":"3 Shapes","floor":35,"turns":6},{"damage":73,"enemies":"Donu and Deca","floor":38,"turns":7}],"seed_played":"-2163819673888978904","potions_obtained":[{"floor":1,"key":"PowerPotion"},{"floor":4,"key":"Energy Potion"},{"floor":11,"key":"Weak Potion"},{"floor":18,"key":"BlessingOfTheForge"},{"floor":20,"key":"SteroidPotion"},{"floor":27,"key":"CultistPotion"},{"floor":35,"key":"BlessingOfTheForge"}],"is_trial":false,"path_per_floor":["M","M","?","M","?","R","?","R","T","$","E","R","$","M","R","B",null,"?","?","?","?","T","E","T","E","T","?","?","T","T","?","T","B",null,"?","T","?","B"],"character_chosen":"THE_CURSED","items_purchased":["PreservedInsect","TheCursedMod:HellfireBreathing","TheCursedMod:LuckyCharm+1","TheCursedMod:CursedShiv","DollysMirror","TheCursedMod:Hemoplague+1","Apotheosis","TheCursedMod:SmokeScreen","MealTicket","TheCursedMod:SurpriseAttack+1"],"campfire_rested":3,"item_purchase_floors":[10,10,13,13,22,22,30,30,36,36],"current_hp_per_floor":[74,74,74,75,75,75,64,64,64,64,46,46,46,39,61,57,75,55,55,47,47,47,36,58,44,44,39,39,39,39,39,61,36,75,58,58,58,0,0],"gold":5,"neow_bonus":"ONE_RANDOM_RARE_CARD","is_daily":false,"chose_seed":false,"campfire_upgraded":3,"win_rate":0.0,"timestamp":1610984342,"path_taken":["M","M","?","M","?","R","?","R","T","?","E","R","$","M","R","BOSS","?","?","?","?","?","E","T","E","T","?","?","T","T","?","T","BOSS","?","T","?","BOSS"],"items_purchased_type":["Relic","Card","Card","Card","Relic","Card","Card","Card","Relic","Card"],"build_version":"2020-12-22","purchased_purges":0,"victory":false,"max_hp_per_floor":[75,75,75,75,75,75,75,75,75,75,75,75,75,75,75,75,75,75,75,75,75,75,75,75,75,75,75,75,75,75,75,75,75,75,75,75,75,75,75],"card_choices":[{"not_picked":["TheCursedMod:EmpowerCircles","TheCursedMod:Wield"],"picked":"TheCursedMod:CircleOfFlame","floor":1},{"not_picked":["TheCursedMod:Stretching","TheCursedMod:FleshFromBone"],"picked":"TheCursedMod:CursedMace","floor":2},{"not_picked":["TheCursedMod:Torture","TheCursedMod:Stretching"],"picked":"TheCursedMod:CircleOfBlood","floor":3},{"not_picked":["TheCursedMod:SmokeScreen","TheCursedMod:CursedShiv"],"picked":"TheCursedMod:CursedStaff","floor":3},{"not_picked":["TheCursedMod:VitalStrike","TheCursedMod:SpitefulStrike"],"picked":"TheCursedMod:Mangle","floor":4},{"not_picked":["TheCursedMod:HellsGateOpen","TheCursedMod:StunningStrike"],"picked":"TheCursedMod:SmokeScreen","floor":11},{"not_picked":["TheCursedMod:RapidMovement","TheCursedMod:CircleOfFlame"],"picked":"TheCursedMod:SoulReap","floor":14},{"not_picked":["TheCursedMod:CollectTribute","TheCursedMod:ForbiddenAlchemy"],"picked":"TheCursedMod:CircleOfAbyss","floor":16},{"not_picked":["TheCursedMod:RavingStaff","TheCursedMod:CursedMace+1"],"picked":"TheCursedMod:CursedShiv","floor":18},{"not_picked":["TheCursedMod:CircleOfFlame+1","TheCursedMod:ReleasedKnowledge"],"picked":"TheCursedMod:StingEye","floor":20},{"not_picked":["TheCursedMod:Wield","TheCursedMod:FleshFromBone"],"picked":"TheCursedMod:CircleOfBlood","floor":23},{"not_picked":["TheCursedMod:WearCloak","TheCursedMod:CollectTribute"],"picked":"TheCursedMod:ManaBullet","floor":25},{"not_picked":["TheCursedMod:ReleasedKnowledge","TheCursedMod:SoulCrush"],"picked":"TheCursedMod:SpitefulStrike","floor":27},{"not_picked":["TheCursedMod:AntiAging","TheCursedMod:NeowsMight"],"picked":"TheCursedMod:UltimatePain","floor":33},{"not_picked":["TheCursedMod:CircleOfCorruption","TheCursedMod:FleshFromBone+1"],"picked":"TheCursedMod:CursedStaff+1","floor":35}],"player_experience":220360,"relics_obtained":[{"floor":3,"key":"Omamori"},{"floor":11,"key":"Gremlin Food"},{"floor":23,"key":"MawBank"},{"floor":25,"key":"Smiling Mask"},{"floor":26,"key":"Blue Doll"}],"event_choices":[{"damage_healed":0,"gold_gain":0,"player_choice":"Leave","damage_taken":0,"max_hp_gain":0,"max_hp_loss":0,"event_name":"The Cleric","floor":5,"gold_loss":0},{"damage_healed":0,"gold_gain":75,"player_choice":"Gather Gold","damage_taken":11,"max_hp_gain":0,"max_hp_loss":0,"event_name":"World of Goop","floor":7,"gold_loss":0},{"damage_healed":0,"gold_gain":0,"player_choice":"Read","damage_taken":0,"max_hp_gain":0,"max_hp_loss":0,"event_name":"The Library","floor":19,"gold_loss":0,"cards_obtained":["TheCursedMod:ReleasedStrength"]},{"damage_healed":0,"gold_gain":99,"player_choice":"Stole From Cult","damage_taken":0,"max_hp_gain":0,"max_hp_loss":0,"event_name":"Nest","floor":21,"gold_loss":0},{"damage_healed":0,"gold_gain":0,"player_choice":"Ignored","damage_taken":0,"max_hp_gain":0,"max_hp_loss":0,"event_name":"Ghosts","floor":28,"gold_loss":0},{"damage_healed":0,"gold_gain":0,"player_choice":"Ignored","damage_taken":0,"max_hp_gain":0,"max_hp_loss":0,"event_name":"Fountain of Cleansing","floor":31,"gold_loss":0},{"damage_healed":0,"gold_gain":0,"player_choice":"Took Portal","damage_taken":0,"max_hp_gain":0,"max_hp_loss":0,"event_name":"SecretPortal","floor":37,"gold_loss":0}],"is_beta":false,"boss_relics":[{"not_picked":["Snecko Eye","Coffee Dripper"],"picked":"Painkiller Herb"},{"not_picked":["Velvet Choker","Astrolabe"],"picked":"Replay:Bronze Core"}],"items_purged_floors":[],"is_endless":false,"potions_floor_spawned":[1,4,11,18,20,27,35],"killed_by":"Donu and Deca","ascension_level":0}}