{"host":"1pwde2j81wdvsae3","time":1610981432,"event":{"mods":["BaseMod","Minty Spire (QoL Compilation)","Replay The Spire","Shop Mod","StSLib"],"gold_per_floor":[114,114,129,129,142,169,169,200,274,19,78,78,97,111,111,188,188,205,205,205],"floor_reached":19,"language":"ZHS","playtime":561,"items_purged":[],"score":310,"play_id":"97f7e33a-99c0-4232-a0be-6c9138bfd186","local_time":"20210118225032","is_ascension_mode":true,"campfire_choices":[{"data":"Bash","floor":7.0,"key":"SMITH"},{"data":"Perfected Strike","floor":12.0,"key":"SMITH"},{"data":"Bash","floor":15.0,"key":"SMITH"}],"circlet_count":0,"master_deck":["AscendersBane","Strike_R","Strike_R","Strike_R","Strike_R","Strike_R","Defend_R","Defend_R","Defend_R","Defend_R","Bash+1","Thunderclap","Flex","Flex","Bash+1","Flame Barrier","Juggernaut","Seeing Red","Perfected Strike+1","Twin Strike","Spot Weakness","Shrug It Off","Feel No Pain","Feed","CurseOfTheBell","Pot Of Greed","Pot Of Greed","Pot Of Greed","Entrench"],"relics":["Burning Blood","NeowsBlessing","FossilizedHelix","ReplayFunnel","Replay:WaspNest","Divine Protection","Paper Frog","Ancient Tea Set","Calling Bell","Grinning Jar","Replay:Accelerometer","Peace Pipe"],"acts_visited":["TheCity"],"potions_floor_usage":[16,18],"damage_taken":[{"damage":0.0,"enemies":"2 Louse","floor":1.0,"turns":1.0},{"damage":0.0,"enemies":"Small Slimes","floor":3.0,"turns":1.0},{"damage":0.0,"enemies":"Cultist","floor":5.0,"turns":1.0},{"damage":30.0,"enemies":"Replay:BlueRogue","floor":6.0,"turns":7.0},{"damage":10.0,"enemies":"3 Sentries","floor":8.0,"turns":6.0},{"damage":0.0,"enemies":"Gremlin Nob","floor":11.0,"turns":4.0},{"damage":0.0,"enemies":"Looter","floor":13.0,"turns":1.0},{"damage":0.0,"enemies":"Blue Slaver","floor":14.0,"turns":4.0},{"damage":41,"enemies":"Slime Boss","floor":16,"turns":13},{"damage":27,"enemies":"Spheric Guardian","floor":18,"turns":5},{"damage":45,"enemies":"Masked Bandits","floor":19,"turns":3}],"seed_played":"844517742650647483","potions_obtained":[{"floor":5.0,"key":"Venom Potion"},{"floor":8.0,"key":"DuplicationPotion"},{"floor":13.0,"key":"Swift Potion"},{"floor":16,"key":"DistilledChaos"}],"is_trial":false,"path_per_floor":["M","?","M","?","M","E","R","E","T","$","?","R","M","M","R","B",null,"M","?"],"character_chosen":"IRONCLAD","items_purchased":["Paper Frog"],"campfire_rested":0,"item_purchase_floors":[10],"current_hp_per_floor":[74,63,69,69,75,51,51,47,47,47,53,53,59,65,65,30,64,43,0,0],"gold":205,"neow_bonus":"THREE_ENEMY_KILL","is_daily":false,"chose_seed":false,"campfire_upgraded":3,"win_rate":0.0,"timestamp":1610981432,"path_taken":["M","?","M","?","?","E","R","E","T","$","?","R","M","M","R","BOSS","M","?"],"items_purchased_type":["Relic"],"build_version":"2020-12-22","purchased_purges":0,"victory":false,"max_hp_per_floor":[75,75,75,75,75,75,75,75,75,75,75,75,75,75,75,75,75,75,75,75],"card_choices":[{"not_picked":["Havoc","Metallicize"],"picked":"Thunderclap","floor":1.0},{"not_picked":["Sword Boomerang","Sever Soul"],"picked":"Flex","floor":3.0},{"not_picked":["Rage","Infernal Blade"],"picked":"Seeing Red","floor":5.0},{"not_picked":["Intimidate","Sentinel"],"picked":"Perfected Strike","floor":6.0},{"not_picked":["ReplayTheSpireMod:Muscle Training","Run Through"],"picked":"Twin Strike","floor":8.0},{"not_picked":["Dual Wield","Replay:Many Hands"],"picked":"Spot Weakness","floor":11.0},{"not_picked":["Twin Strike","Rage"],"picked":"Shrug It Off","floor":13.0},{"not_picked":["Shrug It Off","Flex"],"picked":"Feel No Pain","floor":14.0},{"not_picked":["Reaper","Juggernaut"],"picked":"Feed","floor":16},{"not_picked":["Anger","Carnage+1"],"picked":"Entrench","floor":18}],"player_experience":227537,"relics_obtained":[{"floor":6.0,"key":"ReplayFunnel"},{"floor":8.0,"key":"Replay:WaspNest"},{"floor":9.0,"key":"Divine Protection"},{"floor":11.0,"key":"Ancient Tea Set"},{"floor":17,"key":"Grinning Jar"},{"floor":17,"key":"Replay:Accelerometer"},{"floor":17,"key":"Peace Pipe"}],"event_choices":[{"damage_healed":0.0,"max_hp_gain":0.0,"max_hp_loss":0.0,"gold_gain":0.0,"event_name":"Scrap Ooze","player_choice":"Success","floor":2.0,"gold_loss":0.0,"damage_taken":11.0,"relics_obtained":["FossilizedHelix"]},{"damage_healed":0.0,"max_hp_gain":0.0,"max_hp_loss":0.0,"gold_gain":0.0,"event_name":"Match and Keep!","player_choice":"4 cards matched","floor":4.0,"gold_loss":0.0,"damage_taken":0.0,"cards_obtained":["Flex","Bash","Flame Barrier","Juggernaut"]},{"damage_healed":0.0,"max_hp_gain":0.0,"max_hp_loss":0.0,"gold_gain":0.0,"event_name":"Dead Adventurer","player_choice":"Searched \u00271\u0027 times","floor":11.0,"gold_loss":0.0,"damage_taken":0.0},{"damage_healed":0,"gold_gain":0,"player_choice":"Fought Bandits","damage_taken":0,"max_hp_gain":0,"max_hp_loss":0,"event_name":"Masked Bandits","floor":19,"gold_loss":0}],"is_beta":false,"boss_relics":[{"not_picked":["Ooze Armor","Honey Jar"],"picked":"Calling Bell"}],"items_purged_floors":[],"is_endless":false,"potions_floor_spawned":[5,8,13,16],"killed_by":"Masked Bandits","ascension_level":15}}