{"host":"fkw1ntusxwk1t0d2","time":1610938728,"event":{"mods":["Act Like it!","BaseMod","Marisa£®ÏF”Í°°ƒß¿Ì…≥£©","Minty Spire (QoL Compilation)","Shop Mod","Spicy Shops","StSLib","vexMod"],"gold_per_floor":[109,59,59,59,71,97,97,114,139,151,169,185,204,224,224,321,321,332,347,357,112,153,181,209,209,209,235,281,281,312,312,312,445,445,455,430,430,464,147,147,172,244,244,276,276,296,316,111,111,179],"floor_reached":51,"language":"ZHS","playtime":3251,"items_purged":[],"score":867,"play_id":"68431278-3d4e-4d69-ae5d-71f5da18cf39","local_time":"20210118105848","is_ascension_mode":false,"campfire_choices":[{"data":"EventHorizon","floor":7.0,"key":"SMITH"},{"data":"BigCrunch","floor":15.0,"key":"SMITH"},{"data":"Occultation","floor":25,"key":"SMITH"},{"floor":29,"key":"REST"},{"floor":32,"key":"RECALL"},{"data":"MillisecondPulsars","floor":40,"key":"SMITH"},{"data":"OortCloud","floor":45,"key":"SMITH"},{"data":"GravityBeat","floor":49,"key":"SMITH"}],"circlet_count":0,"master_deck":["Strike_MRS","Strike_MRS","Defend_MRS","Defend_MRS","Defend_MRS","Defend_MRS","MasterSpark","UpSweep","PulseMagic","EventHorizon+1","MeteoricShower","MilkyWay","GravityBeat","MysteriousBeam","GrandCross","BigCrunch+1","LuminesStrike","MillisecondPulsars+1","CurseOfTheBell","Parasite","Parasite","ChargeUpSpray+1","ShootTheMoon+1","WitchOfGreed","WitchOfGreed","DoubleSpark","GrandCross","GravityBeat","Occultation+1","IllusionStar","OortCloud+1","EarthLightRay+1","OpenUniverse+1","StarDustReverie+1","IllusionStar+1","LuminesStrike+1","SporeBomb+1","Jack Of All Trades+1","Robbery","MagicAbsorber+1","WitchLeyline","WitchOfGreed","PropBag+1","Acceleration+1","AsteroidBelt+1","ChargingUp+1","GravityBeat+1","BigCrunch+1","Orbital+1"],"relics":["MiniHakkero","NeowsBlessing","Nunchaku","HandmadeGrimoire","Oddly Smooth Stone","ShroomBag","BreadOfAWashokuLover","Lizard Tail","MerchantsRug","Question Card","Mummified Hand","Toxic Egg 2","RampagingMagicTools","Omamori","WarpedTongs","Akabeko"],"acts_visited":["Exordium","TheCity","TheBeyond"],"potions_floor_usage":[28],"damage_taken":[{"damage":0.0,"enemies":"Small Slimes","floor":1.0,"turns":1.0},{"damage":0.0,"enemies":"Cultist","floor":5.0,"turns":1.0},{"damage":0.0,"enemies":"Gremlin Nob","floor":6.0,"turns":1.0},{"damage":3.0,"enemies":"Jaw Worm","floor":8.0,"turns":3.0},{"damage":10.0,"enemies":"Looter","floor":10.0,"turns":3.0},{"damage":7.0,"enemies":"Red Slaver","floor":11.0,"turns":3.0},{"damage":1.0,"enemies":"2 Fungi Beasts","floor":12.0,"turns":3.0},{"damage":0.0,"enemies":"Large Slime","floor":13.0,"turns":3.0},{"damage":0.0,"enemies":"Gremlin Gang","floor":14.0,"turns":1.0},{"damage":28.0,"enemies":"The Guardian","floor":16.0,"turns":5.0},{"damage":12.0,"enemies":"Shell Parasite","floor":18.0,"turns":3.0},{"damage":4.0,"enemies":"3 Byrds","floor":19.0,"turns":3.0},{"damage":30.0,"enemies":"Snecko","floor":20.0,"turns":4.0},{"damage":4.0,"enemies":"Sentry and Sphere","floor":22.0,"turns":3.0},{"damage":6.0,"enemies":"Gremlin Leader","floor":23.0,"turns":5.0},{"damage":6.0,"enemies":"3 Cultists","floor":24.0,"turns":4.0},{"damage":0,"enemies":"Centurion and Healer","floor":27,"turns":2},{"damage":25,"enemies":"Book of Stabbing","floor":28,"turns":3},{"damage":4,"enemies":"Slavers","floor":30,"turns":3},{"damage":0,"enemies":"Champ","floor":33,"turns":5},{"damage":0,"enemies":"Orb Walker","floor":35,"turns":1},{"damage":14,"enemies":"3 Darklings","floor":38,"turns":3},{"damage":13,"enemies":"Jaw Worm Horde","floor":41,"turns":3},{"damage":5,"enemies":"Writhing Mass","floor":42,"turns":4},{"damage":10,"enemies":"Transient","floor":44,"turns":5},{"damage":0,"enemies":"Sphere and 2 Shapes","floor":46,"turns":2},{"damage":0,"enemies":"4 Shapes","floor":47,"turns":2},{"damage":15,"enemies":"Awakened One","floor":50,"turns":4}],"seed_played":"7064437513881664835","potions_obtained":[{"floor":1.0,"key":"Dexterity Potion"},{"floor":6.0,"key":"Energy Potion"},{"floor":11.0,"key":"PowerPotion"},{"floor":16.0,"key":"DistilledChaos"},{"floor":19.0,"key":"Fruit Juice"},{"floor":22.0,"key":"DistilledChaos"},{"floor":28,"key":"Explosive Potion"},{"floor":33,"key":"FearPotion"},{"floor":41,"key":"Fire Potion"},{"floor":41,"key":"Strength Potion"},{"floor":42,"key":"PowerPotion"}],"is_trial":false,"path_per_floor":["M","?","?","?","M","E","R","M","T","M","M","M","M","M","R","B",null,"M","M","M","$","M","E","M","R","T","M","E","R","E","?","R","B",null,"M","?","?","M","$","R","M","M","T","M","R","M","M","$","R","B",null],"character_chosen":"MARISA","items_purchased":["MerchantsRug","WitchOfGreed","DoubleSpark","SporeBomb+1","Jack Of All Trades+1","Robbery","MagicAbsorber+1","WitchLeyline","WitchOfGreed","BigCrunch+1","Orbital+1"],"campfire_rested":1,"item_purchase_floors":[21,21,21,39,39,39,39,39,39,48,48],"current_hp_per_floor":[75,75,68,68,68,68,68,65,65,55,48,47,47,47,47,19,75,63,69,45,45,46,58,56,56,56,56,33,60,60,60,60,68,93,93,93,93,81,81,81,78,75,75,71,71,71,81,81,81,68],"gold":179,"neow_bonus":"THREE_ENEMY_KILL","is_daily":false,"chose_seed":false,"campfire_upgraded":6,"win_rate":0.0,"timestamp":1610938728,"path_taken":["M","?","?","?","M","E","R","M","T","?","M","M","M","M","R","BOSS","M","M","M","$","M","E","M","R","T","M","E","R","E","?","R","BOSS","M","?","?","M","$","R","M","?","T","M","R","M","M","$","R","BOSS"],"items_purchased_type":["Relic","Card","Card","Card","Card","Card","Card","Card","Card","Card","Card"],"build_version":"2020-12-22","purchased_purges":0,"victory":true,"max_hp_per_floor":[75,75,75,75,75,75,75,75,75,75,75,75,75,75,75,75,75,75,80,80,80,80,93,93,93,93,93,93,93,93,93,93,93,93,93,93,93,93,93,93,93,93,93,93,93,93,93,93,93,93],"card_choices":[{"not_picked":["Acceleration","Singularity"],"picked":"PulseMagic","floor":1.0},{"not_picked":["DC","GasGiant"],"picked":"EventHorizon","floor":5.0},{"not_picked":["DragonMeteor","OpenUniverse"],"picked":"MeteoricShower","floor":6.0},{"not_picked":["OpenUniverse","EventHorizon"],"picked":"MilkyWay","floor":8.0},{"not_picked":["UnstableBomb","GalacticHalo"],"picked":"GravityBeat","floor":10.0},{"not_picked":["GalacticHalo","FinalSpark"],"picked":"MysteriousBeam","floor":11.0},{"not_picked":["LuminesStrike","DoubleSpark"],"picked":"GrandCross","floor":12.0},{"not_picked":["PowerUp","MysteriousBeam"],"picked":"BigCrunch","floor":13.0},{"not_picked":["6A","DC"],"picked":"LuminesStrike","floor":14.0},{"not_picked":["EscapeVelocity","TreasureHunter"],"picked":"MillisecondPulsars","floor":16.0},{"not_picked":["MagicAbsorber+1","MysteriousBeam"],"picked":"ChargeUpSpray+1","floor":18.0},{"not_picked":["Orbital","SporeBomb"],"picked":"ShootTheMoon+1","floor":19.0},{"not_picked":["AlicesGift","ShootTheMoon"],"picked":"WitchOfGreed","floor":20.0},{"not_picked":["MysteriousBeam","SporeBomb+1"],"picked":"GrandCross","floor":22.0},{"not_picked":["ShootingEcho","StarlightTyphoon"],"picked":"GravityBeat","floor":23.0},{"not_picked":["WitchLeyline+1","MagicAbsorber","IllusionStar+1"],"picked":"Occultation","floor":24.0},{"not_picked":["PowerUp","WitchOfGreed","GrandCross+1"],"picked":"IllusionStar","floor":27},{"not_picked":["BigCrunch","DoubleSpark","MagicChant"],"picked":"OortCloud","floor":28},{"not_picked":["MagicAbsorber+1","ShootingEcho","DC"],"picked":"EarthLightRay+1","floor":30},{"not_picked":["ManaRampage+1","TreasureHunter","AbsoluteMagnitude"],"picked":"StarDustReverie+1","floor":33},{"not_picked":["NonDirectionalLaser+1","6A+1","ChargingUp+1"],"picked":"IllusionStar+1","floor":35},{"not_picked":["MagicAbsorber+1","GalacticHalo+1","WitchLeyline+1"],"picked":"LuminesStrike+1","floor":38},{"not_picked":["EarthLightRay+1","UnstableBomb+1","IllusionStar+1"],"picked":"PropBag+1","floor":41},{"not_picked":["DoubleSpark+1","ShootingEcho","DC"],"picked":"Acceleration+1","floor":42},{"not_picked":["NonDirectionalLaser","GalacticHalo+1","MysteriousBeam+1"],"picked":"AsteroidBelt+1","floor":44},{"not_picked":["ShootTheMoon+1","GalacticHalo+1","TreasureHunter"],"picked":"ChargingUp+1","floor":46},{"not_picked":["LuminesStrike","SuperPerseids+1","ShootingEcho+1"],"picked":"GravityBeat","floor":47}],"player_experience":348801,"relics_obtained":[{"floor":6.0,"key":"HandmadeGrimoire"},{"floor":9.0,"key":"Oddly Smooth Stone"},{"floor":17.0,"key":"ShroomBag"},{"floor":17.0,"key":"BreadOfAWashokuLover"},{"floor":17.0,"key":"Lizard Tail"},{"floor":23.0,"key":"Question Card"},{"floor":28,"key":"Mummified Hand"},{"floor":30,"key":"Toxic Egg 2"},{"floor":43,"key":"Akabeko"}],"event_choices":[{"cards_removed":["Strike_MRS"],"damage_healed":0.0,"max_hp_gain":0.0,"max_hp_loss":0.0,"gold_gain":0.0,"event_name":"The Cleric","player_choice":"Card Removal","floor":2.0,"gold_loss":50.0,"damage_taken":0.0},{"cards_removed":["Strike_MRS"],"damage_healed":0.0,"max_hp_gain":0.0,"max_hp_loss":0.0,"gold_gain":0.0,"event_name":"Golden Wing","player_choice":"Card Removal","floor":3.0,"gold_loss":0.0,"damage_taken":7.0},{"damage_healed":0.0,"max_hp_gain":0.0,"max_hp_loss":0.0,"gold_gain":0.0,"event_name":"WeMeetAgain","player_choice":"Gave Potion","floor":4.0,"gold_loss":0.0,"damage_taken":0.0,"relics_obtained":["Nunchaku"]},{"damage_healed":0,"gold_gain":0,"player_choice":"Read","damage_taken":0,"max_hp_gain":0,"max_hp_loss":0,"event_name":"The Library","floor":31,"gold_loss":0,"cards_obtained":["OpenUniverse"]},{"damage_healed":0,"gold_gain":0,"player_choice":"Rummage","damage_taken":0,"relics_obtained":["WarpedTongs"],"max_hp_gain":0,"max_hp_loss":0,"event_name":"Accursed Blacksmith","floor":37,"gold_loss":0,"cards_obtained":["Pain"]}],"is_beta":false,"boss_relics":[{"not_picked":["Black Star","vexMod:EndlessSickness"],"picked":"Calling Bell"},{"not_picked":["Sozu","Astrolabe"],"picked":"RampagingMagicTools"}],"items_purged_floors":[],"is_endless":false,"potions_floor_spawned":[1,6,11,16,19,22,23,28,41,44,47],"ascension_level":0}}