{"host":"t4313i2190y6fz3q","time":1610943493,"event":{"mods":["2.2 Compatiblity","AchievementEnabler","Act Like it!","BaseMod","Colored Powertips","Downfall","Highlight Path","Minty Spire (QoL Compilation)","Permanent Neow","Quick Restart","Rare Cards Sparkle","StSLib"],"gold_per_floor":[115,290,301,317,54,81,81,81,81],"floor_reached":8,"language":"ENG","playtime":199,"items_purged":["Doubt"],"score":90,"play_id":"7d3c824f-bbeb-49d4-9911-6b60d04db411","local_time":"20210117201813","is_ascension_mode":true,"campfire_choices":[{"data":"Static Discharge","floor":7.0,"key":"SMITH"}],"circlet_count":0,"master_deck":["AscendersBane","Strike_B","Strike_B","Strike_B","Strike_B","Defend_B","Defend_B","Defend_B","Defend_B","Zap","Dualcast","Seek","Gash","Cold Snap","Static Discharge+1","Sunder","Melter"],"relics":["Cracked Core","ClockworkSouvenir","Gremlin Horn"],"acts_visited":["Exordium"],"potions_floor_usage":[],"damage_taken":[{"damage":0.0,"enemies":"Small Slimes","floor":1.0,"turns":3.0},{"damage":12.0,"enemies":"2 Louse","floor":3.0,"turns":3.0},{"damage":6.0,"enemies":"Cultist","floor":4.0,"turns":3.0},{"damage":25.0,"enemies":"Gremlin Nob","floor":6.0,"turns":5.0},{"damage":0,"enemies":"Lagavulin","floor":8,"turns":1}],"seed_played":"-2315067812034025067","potions_obtained":[{"floor":1.0,"key":"SteroidPotion"},{"floor":4.0,"key":"Dexterity Potion"}],"is_trial":false,"path_per_floor":["M","?","M","M","$","E","R","E"],"character_chosen":"DEFECT","items_purchased":["ClockworkSouvenir","Sunder"],"campfire_rested":0,"item_purchase_floors":[5,5],"current_hp_per_floor":[68,68,56,50,50,25,25,25,25],"gold":81,"neow_bonus":"ONE_RANDOM_RARE_CARD","is_daily":false,"chose_seed":false,"campfire_upgraded":1,"win_rate":0.0,"timestamp":1610943493,"path_taken":["M","?","M","M","$","E","R","E"],"items_purchased_type":["Relic","Card"],"build_version":"2020-12-22","purchased_purges":1,"victory":false,"max_hp_per_floor":[75,75,75,75,75,75,75,75,75],"card_choices":[{"not_picked":["Consume","Coolheaded"],"picked":"Gash","floor":1.0},{"not_picked":["Leap","Force Field"],"picked":"Cold Snap","floor":3.0},{"not_picked":["Sweeping Beam","Turbo"],"picked":"Static Discharge","floor":4.0},{"not_picked":["Storm","Double Energy"],"picked":"Melter","floor":6.0}],"player_experience":225201,"relics_obtained":[{"floor":6.0,"key":"Gremlin Horn"}],"event_choices":[{"damage_healed":0.0,"max_hp_gain":0.0,"max_hp_loss":0.0,"gold_gain":175.0,"event_name":"Liars Game","player_choice":"AGREE","floor":2.0,"gold_loss":0.0,"damage_taken":0.0,"cards_obtained":["Doubt"]}],"is_beta":false,"boss_relics":[],"items_purged_floors":[5],"is_endless":false,"potions_floor_spawned":[1,4],"killed_by":"Lagavulin","ascension_level":12}}