{"host":"cyiefo55v5hz1ih5","time":1610947524,"event":{"mods":["2.2 Compatiblity","AchievementEnabler","BaseMod","Downfall","GifTheSpireLib","Hubris","Minty Spire (QoL Compilation)","Spicy Shops","StSLib"],"gold_per_floor":[99,112,127,127,147,147,173,250,264,27,46,46,56,56,71,71,71],"floor_reached":16,"language":"ENG","playtime":1600,"items_purged":["downfall:Malfunctioning"],"score":94,"play_id":"d2191710-3bce-4d50-b14d-f39b70cc039f","local_time":"20210118002524","is_ascension_mode":false,"campfire_choices":[{"floor":1,"key":"RECALL"},{"floor":12,"key":"REST"}],"circlet_count":0,"master_deck":["bronze:Strike","bronze:Strike","bronze:Strike+1","bronze:Defend+1","bronze:Defend","bronze:Defend","bronze:Defend","bronze:Replicate","bronze:Goto","bronze:AlphaBuild+1","bronze:Fortify","bronze:MaxOutput+1","bronze:Optimize","bronze:BuggyMess"],"relics":["bronze:BronzeCore","Bronze Scales","Shuriken","Juzu Bracelet"],"acts_visited":["Exordium"],"potions_floor_usage":[10,10,16],"damage_taken":[{"damage":3,"enemies":"Jaw Worm","floor":2,"turns":3},{"damage":1,"enemies":"Cultist","floor":3,"turns":4},{"damage":0,"enemies":"Small Slimes","floor":5,"turns":3},{"damage":16,"enemies":"Exordium Wildlife","floor":9,"turns":3},{"damage":0,"enemies":"downfall:FleeingMerchant","floor":10,"turns":4},{"damage":13,"enemies":"Red Slaver","floor":11,"turns":2},{"damage":6,"enemies":"2 Fungi Beasts","floor":13,"turns":3},{"damage":2,"enemies":"Blue Slaver","floor":15,"turns":3},{"damage":54,"enemies":"WA_ARCHETYPE_RETAIN","floor":16,"turns":9}],"seed_played":"9001990685762605136","potions_obtained":[{"floor":2,"key":"Weak Potion"},{"floor":9,"key":"DistilledChaos"},{"floor":15,"key":"Dexterity Potion"}],"is_trial":false,"path_per_floor":["R","M","M","?","M","?","T","T","M","$","M","R","M","?","M","B"],"character_chosen":"THE_AUTOMATON","items_purchased":["Juzu Bracelet"],"campfire_rested":1,"item_purchase_floors":[10],"current_hp_per_floor":[70,67,66,66,66,66,66,66,50,50,37,58,52,52,50,0,0],"gold":71,"neow_bonus":"ONE_RANDOM_RARE_CARD","is_daily":false,"chose_seed":false,"campfire_upgraded":0,"win_rate":0.0,"timestamp":1610947524,"path_taken":["R","M","M","?","M","?","T","?","M","$","M","R","M","?","M","BOSS"],"items_purchased_type":["Relic"],"build_version":"2020-12-22","purchased_purges":1,"victory":false,"max_hp_per_floor":[70,70,70,70,70,70,70,70,70,70,70,70,70,70,70,70,70],"card_choices":[{"not_picked":["bronze:NullPointer","bronze:Deprecate","bronze:DelayedSlice"],"picked":"SKIP","floor":2},{"not_picked":["bronze:WildBeam","bronze:Turbo"],"picked":"bronze:Fortify","floor":3},{"not_picked":["bronze:BuggyMess","bronze:Fortify"],"picked":"bronze:MaxOutput","floor":5},{"not_picked":["bronze:Invalidate","bronze:Iterate","bronze:Overload"],"picked":"SKIP","floor":9},{"not_picked":["bronze:BronzeOrb","bronze:BugBarrage","bronze:Deprecate"],"picked":"SKIP","floor":10},{"not_picked":["bronze:Return","bronze:ClassDefault","bronze:Iterate"],"picked":"SKIP","floor":11},{"not_picked":["bronze:FineTuning","bronze:WildBeam"],"picked":"bronze:Optimize","floor":13},{"not_picked":["bronze:ChosenStrike","bronze:Overload","bronze:Overheat"],"picked":"SKIP","floor":15}],"player_experience":782231,"relics_obtained":[{"floor":7,"key":"Bronze Scales"},{"floor":8,"key":"Shuriken"}],"event_choices":[],"is_beta":false,"boss_relics":[],"items_purged_floors":[10],"is_endless":false,"potions_floor_spawned":[2,9,15],"killed_by":"WA_ARCHETYPE_RETAIN","ascension_level":0}}