{"host":"27wa8ufp4ryspt1p","time":1610957427,"event":{"mods":["2.2 Compatiblity","Abigail Mod","Act Like it!","Aspiration","BaseMod","Better Altar","Better Note","Better Skull","Better Third Choice","Colored Map","Conspire","Dota2Spire","Downfall-Rebalance","Elementarium","Energized Spire","Fox Events","Friendly Minions","Gensokyo","GifTheSpireLib","Gold Saver","Halation","Hallownest","HololiveMod","Hubris","Humility","Infinite Spire","Keyboard Shortcuts","Menagerie","Mimic Mod","Minty Spire (QoL Compilation)","Pale of the Ancients","Poor People Problems","Quarter Circle Forward PUNCH!","Reimu??????","Relic Sorter","Relic Stats","Replay The Spire","Reworked Bosses","Robot Space Explorer","Shop Mod","Spicy Shops","Spikes Relics","StSLib","Stuff the Spire","SuperFastMode","The Cursed","The Exalted","The Factory","The Judge","The Marked","The Necromancer","Trackpad","Waifu the Spire","Wandering Minibosses","[IsaacMod]????","??????REMEMod","????"],"gold_per_floor":[408,408,94,194,213,213,247,247,282,282,313,333,345,372,218,218,218],"floor_reached":16,"language":"SPA","playtime":695,"items_purged":[],"score":277,"play_id":"db562264-e0d7-4fef-8221-a91691605349","local_time":"20210118021027","daily_mods":["SealedDeck","Colorless Cards","Heirloom","Elite Swarm","Lethality"],"is_ascension_mode":true,"campfire_choices":[{"floor":6,"key":"RECALL"},{"data":"Apotheosis","floor":8,"key":"SMITH"},{"data":"Bromod:JaggedEdge","floor":10,"key":"SMITH"}],"circlet_count":0,"master_deck":["AscendersBane","EpicFetus","theMarked:EmpowerWeapon","theMarked:ChainLightning","theMarked:Overcharge","theMarked:Parkour","theMarked:Improvise","theMarked:ChainLightning","theMarked:WardOff","theMarked:Parkour","theMarked:TwofoldDefense","theMarked:Opportunist","Bromod:JaggedEdge+1","Apotheosis+1","expansioncontent:Collect","theMarked:Electrocute","REME_PuzzleBox","theMarked:BindingBlade","theMarked:MaelstromOfLightning","theMarked:TakeOffHeels","conspire:Banana"],"relics":["theMarked:ArtifactOfAir","HushsDoor","REME_ComplimentaryCards","BFFS","halation:EternalFortune","PreservedInsect","SpikesRelics:DaevaFist","MerchantsRug"],"acts_visited":["Hallownest:Greenpath"],"potions_floor_usage":[],"damage_taken":[{"damage":0,"enemies":"Hallownest:monsterHuskGuard","floor":5,"turns":3},{"damage":8,"enemies":"Hallownest:eliteMossKnight","floor":7,"turns":3},{"damage":12,"enemies":"Hallownest:monsterHuskWarrior","floor":9,"turns":4},{"damage":3,"enemies":"Hallownest:eliteVengeflyKing","floor":11,"turns":2},{"damage":10,"enemies":"Hallownest:monsterHuskWarrior","floor":12,"turns":2},{"damage":15,"enemies":"2_ Uuma","floor":13,"turns":3},{"damage":0,"enemies":"Hallownest:eliteMossKnight","floor":14,"turns":3},{"damage":36,"enemies":"Hallownest:BossHornet","floor":16,"turns":2}],"seed_played":"1842581689189470529","potions_obtained":[{"floor":5,"key":"EssenceOfSteel"},{"floor":11,"key":"Dota2Spire:HealingSalve"}],"is_trial":true,"path_per_floor":["?","?","$","?","M","R","E","R","MIM","R","E","M","M","E","R_BF","B"],"character_chosen":"THE_DEFAULT","items_purchased":["Apotheosis","MerchantsRug","conspire:Banana"],"campfire_rested":0,"item_purchase_floors":[3,15,15],"current_hp_per_floor":[67,70,70,70,70,70,62,62,50,50,55,48,33,33,33,0,0],"gold":218,"neow_bonus":"","is_daily":false,"chose_seed":false,"campfire_upgraded":2,"win_rate":0.0,"timestamp":1610957427,"path_taken":["?","?","$","?","M","R","E","R","MIM","R","E","M","M","E","R_BF","BOSS"],"items_purchased_type":["Card","Relic","Card"],"build_version":"2020-12-22","purchased_purges":0,"victory":false,"max_hp_per_floor":[74,77,77,77,77,77,77,77,77,77,85,88,88,88,88,88,88],"relic_stats":{"counters":[8,22],"PreservedInsect":72,"obtain_stats":[{"KeepersGift":0,"theMarked:ArtifactOfAir":0,"MerchantsRug":15,"hubris:Spice":0,"halation:EternalFortune":2,"PreservedInsect":7,"SpikesRelics:DaevaFist":9,"HushsDoor":0,"BFFS":0,"REME_ComplimentaryCards":0},{"KeepersGift":0,"theMarked:ArtifactOfAir":0,"MerchantsRug":7,"hubris:Spice":0,"halation:EternalFortune":0,"PreservedInsect":2,"SpikesRelics:DaevaFist":3,"HushsDoor":0,"BFFS":0,"REME_ComplimentaryCards":0},{"KeepersGift":0,"theMarked:ArtifactOfAir":0,"MerchantsRug":20,"hubris:Spice":0,"halation:EternalFortune":0,"PreservedInsect":6,"SpikesRelics:DaevaFist":10,"HushsDoor":0,"BFFS":0,"REME_ComplimentaryCards":0}]},"card_choices":[{"not_picked":[],"picked":"EpicFetus","floor":0},{"not_picked":["theMarked:Improvise","expansioncontent:CaCaw"],"picked":"expansioncontent:Collect","floor":4},{"not_picked":["theMarked:Static","theMarked:WastefulDefense"],"picked":"theMarked:Electrocute","floor":5},{"not_picked":["theMarked:EternalStudent","theMarked:Abjuration"],"picked":"REME_PuzzleBox","floor":7},{"not_picked":["Master of Strategy","expansioncontent:Corrupt"],"picked":"theMarked:BindingBlade","floor":11},{"not_picked":["theMarked:BanishingStrike","theMarked:Improvise"],"picked":"theMarked:MaelstromOfLightning","floor":12},{"not_picked":["BettingIsNotGood","Degenerate","theMarked:Frustration"],"picked":"SKIP","floor":13},{"not_picked":["StuffTheSpire:Recharge","REME_HeartOfCthun"],"picked":"theMarked:TakeOffHeels","floor":14}],"player_experience":3922705,"relics_obtained":[{"floor":7,"key":"PreservedInsect"},{"floor":9,"key":"SpikesRelics:DaevaFist"},{"floor":11,"key":"hubris:Spice"},{"floor":12,"key":"halation:EternalFortune"}],"event_choices":[],"is_beta":false,"boss_relics":[],"items_purged_floors":[],"is_endless":false,"potions_floor_spawned":[5,11,14],"killed_by":"Hallownest:BossHornet","ascension_level":20}}