{"host":"few9iyaxiywls251","time":1610995857,"event":{"mods":["BaseMod","Bestiary","Curses Come First","Highlight Path","Minty Spire (QoL Compilation)","Shop Mod","StSLib","The Marked"],"gold_per_floor":[113,129,145,159,169,198,216,216,216,233,213,226,226,226],"floor_reached":13,"language":"ENG","playtime":859,"items_purged":[],"score":91,"play_id":"a3067f80-166f-457b-9e9a-88ea3e783461","local_time":"20210118125057","is_ascension_mode":false,"campfire_choices":[{"data":"PathToVictory","floor":8,"key":"SMITH"}],"circlet_count":0,"master_deck":["Strike_P","Strike_P","Strike_P","Strike_P","Defend_P","Defend_P","Defend_P","Defend_P","Eruption","Vigilance","Prostrate","CarveReality","FlurryOfBlows","PathToVictory+1","EmptyFist","Tantrum","FearNoEvil","CutThroughFate+1","Weave+1"],"relics":["PureWater","PreservedInsect","Molten Egg 2"],"acts_visited":["Exordium"],"potions_floor_usage":[4,10],"damage_taken":[{"damage":0,"enemies":"Cultist","floor":1,"turns":2},{"damage":2,"enemies":"Jaw Worm","floor":2,"turns":5},{"damage":8,"enemies":"2 Louse","floor":3,"turns":3},{"damage":6,"enemies":"Large Slime","floor":4,"turns":4},{"damage":10,"enemies":"Exordium Wildlife","floor":5,"turns":4},{"damage":46,"enemies":"Gremlin Nob","floor":6,"turns":4},{"damage":5,"enemies":"Gremlin Gang","floor":7,"turns":4},{"damage":1,"enemies":"Looter","floor":10,"turns":3},{"damage":0,"enemies":"3 Louse","floor":12,"turns":3},{"damage":22,"enemies":"Lagavulin","floor":13,"turns":3}],"seed_played":"7914821131250241082","potions_obtained":[{"floor":2,"key":"SpeedPotion"},{"floor":5,"key":"DuplicationPotion"},{"floor":6,"key":"Dexterity Potion"},{"floor":7,"key":"Regen Potion"},{"floor":11,"key":"CultistPotion"}],"is_trial":false,"path_per_floor":["M","M","M","M","M","E","M","R","T","M","?","M","E"],"character_chosen":"WATCHER","items_purchased":[],"campfire_rested":0,"item_purchase_floors":[],"current_hp_per_floor":[79,77,69,63,53,7,2,2,2,10,10,10,0,0],"gold":226,"neow_bonus":"TEN_PERCENT_HP_BONUS","is_daily":false,"chose_seed":false,"campfire_upgraded":1,"win_rate":0.0,"timestamp":1610995857,"path_taken":["M","M","M","M","M","E","M","R","T","M","?","?","E"],"items_purchased_type":[],"build_version":"2020-12-22","purchased_purges":0,"victory":false,"max_hp_per_floor":[79,79,79,79,79,79,79,79,79,79,79,79,79,79],"card_choices":[{"not_picked":["WreathOfFlame","EmptyBody"],"picked":"Prostrate","floor":1},{"not_picked":["Halt","FlyingSleeves"],"picked":"CarveReality","floor":2},{"not_picked":["Establishment","TalkToTheHand"],"picked":"FlurryOfBlows","floor":3},{"not_picked":["Prostrate","SashWhip"],"picked":"PathToVictory","floor":4},{"not_picked":["ClearTheMind","Worship"],"picked":"EmptyFist","floor":5},{"not_picked":["EmptyFist","CarveReality"],"picked":"Tantrum","floor":6},{"not_picked":["FlyingSleeves","TalkToTheHand"],"picked":"FearNoEvil","floor":7},{"not_picked":["ClearTheMind","Collect"],"picked":"CutThroughFate+1","floor":10},{"not_picked":["CutThroughFate+1","Crescendo"],"picked":"Weave+1","floor":12}],"player_experience":105755,"relics_obtained":[{"floor":6,"key":"PreservedInsect"},{"floor":9,"key":"Molten Egg 2"}],"event_choices":[{"damage_healed":0,"gold_gain":0,"player_choice":"Bought 1 Potion","damage_taken":0,"max_hp_gain":0,"max_hp_loss":0,"event_name":"The Woman in Blue","floor":11,"gold_loss":0}],"is_beta":false,"boss_relics":[],"items_purged_floors":[],"is_endless":false,"potions_floor_spawned":[2,5,6,7,12],"killed_by":"Lagavulin","ascension_level":0}}