{"host":"p5axfb00mxhraew6","time":1610976074,"event":{"mods":["Abigail Mod","Act Like it!","BaseMod","CapriCore","Friendly Minions","GifTheSpireLib","Jedi Mod","KomeijiMod","Lobotomy","MarisaÅiñ∂âJÅ@ñÇóùçπÅj","Minty Spire (QoL Compilation)","Prisma Mod","ReimuÅiîé??öÎÅj","RemiliaÅiÂQïƒ‰ª?Åj","SOSÅiézîb?îVéqÅj","StSLib","Td1madao Mod","The Alterego","The Immortal","The Problem Sleuth","Yakumo Yukari mod"],"gold_per_floor":[117,192,41,41,58,90,90,45,69,81,107,119,160,192,204,320,332,359,371,399,411,439,451,489,501,513,525,537,262,280,307,307,408,408,426,1059,740,740,924,924,924,924,924,924,924,924,924,924,924,924,924,924,924,316,316,316],"floor_reached":57,"language":"ENG","playtime":3097,"items_purged":["PrismaMod:IllyaCommonAttack","Exhaustion","PrismaMod:IllyaCommonAttack","Confused"],"score":1563,"play_id":"7931ab70-1187-42aa-a500-715b21b0be55","local_time":"20210118222114","is_ascension_mode":true,"campfire_choices":[{"data":"PrismaMod:IllyaUncommonDefend","floor":7,"key":"SMITH"},{"data":"PrismaMod:IllyaHassanGift","floor":10,"key":"SMITH"},{"data":"PrismaMod:IllyaAssassinRevenge","floor":12,"key":"SMITH"},{"data":"PrismaMod:IllyaFriendMaker","floor":15,"key":"SMITH"},{"data":"PrismaMod:IllyaUberChannel","floor":23,"key":"SMITH"},{"floor":25,"key":"RECALL"},{"data":"PrismaMod:IllyaCheapChannelPoison","floor":27,"key":"SMITH"},{"data":"PrismaMod:IllyaUberChannel","floor":32,"key":"SMITH"},{"data":"PrismaMod:IllyaUncommonDefend","floor":41,"key":"SMITH"},{"data":"PrismaMod:IllyaReinForce","floor":49,"key":"SMITH"},{"data":"PrismaMod:IllyaAssassinRevenge","floor":53,"key":"SMITH"}],"circlet_count":0,"master_deck":["PrismaMod:IllyaCommonDefend","PrismaMod:IllyaCommonDefend","PrismaMod:IllyaCommonDefend","PrismaMod:IllyaCommonDefend","PrismaMod:IllyaCommonAttack","PrismaMod:IllyaCommonDefend","PrismaMod:IllyaUncommonAttack","PrismaMod:IllyaUncommonDefend+1","PrismaMod:IllyaGrail","PrismaMod:IllyaUncommonAOEAttack","PrismaMod:IllyaFriendMaker+1","PrismaMod:IllyaDevil","PrismaMod:IllyaHassanGift+1","PrismaMod:IllyaAssassinRevenge+1","PrismaMod:IllyaMinorReinForce","PrismaMod:IllyaInstallRuler","PrismaMod:IllyaUberChannel+1","PrismaMod:IllyaGrail","PrismaMod:IllyaMinorRapidFire","PrismaMod:IllyaRubysPotion","PrismaMod:IllyaCheapChannelPoison+1","PrismaMod:IllyaUncommonDefend+1","PrismaMod:IllyaReinForce+1","PrismaMod:IllyaAOECommonAttack+1","PrismaMod:IllyaUberChannel+1","PrismaMod:IllyaUberAttackChannel","PrismaMod:IllyaAssassinRevenge+1","PrismaMod:IllyaHassanGift+1","PrismaMod:IllyaUncommonDefend+1","PrismaMod:IllyaStunPoison","PrismaMod:IllyaUncommonDefend+1","PrismaMod:IllyaCheapChannelDefend+1","PrismaMod:IllyaUberPoisonChannel"],"relics":["PrismaMod:PrismaRuby","NeowsBlessing","Matryoshka","MawBank","Lantern","StrikeDummy","Velvet Choker","alterego_mod:SomeoneToFightFor","InkBottle","Juzu Bracelet","jedi:firstaidkit","Pen Nib","Pear","Eternal Feather","theSleuth:Tectrixcalibur","jedi:ominousloannote","Vajra","White Beast Statue","FossilizedHelix","Ornamental Fan","Lee\u0027s Waffle","Boot"],"acts_visited":["Exordium","TheCity","TheBeyond","TheEnding"],"potions_floor_usage":[22,24,24,35,39,42,44,44,48,56,56,56],"damage_taken":[{"damage":0,"enemies":"2 Louse","floor":1,"turns":2},{"damage":0,"enemies":"Jaw Worm","floor":5,"turns":1},{"damage":0,"enemies":"Lagavulin","floor":6,"turns":1},{"damage":0,"enemies":"Cultist","floor":11,"turns":3},{"damage":31,"enemies":"Gremlin Nob","floor":13,"turns":4},{"damage":2,"enemies":"Exordium Thugs","floor":14,"turns":5},{"damage":0,"enemies":"Hexaghost","floor":16,"turns":8},{"damage":1,"enemies":"Shell Parasite","floor":18,"turns":5},{"damage":0,"enemies":"Spheric Guardian","floor":20,"turns":3},{"damage":3,"enemies":"Cultist and Chosen","floor":22,"turns":6},{"damage":27,"enemies":"Slavers","floor":24,"turns":4},{"damage":9,"enemies":"Sentry and Sphere","floor":30,"turns":6},{"damage":5,"enemies":"Book of Stabbing","floor":31,"turns":6},{"damage":29,"enemies":"Automaton","floor":33,"turns":10},{"damage":8,"enemies":"3 Shapes","floor":35,"turns":5},{"damage":21,"enemies":"Nemesis","floor":40,"turns":7},{"damage":1,"enemies":"Reptomancer","floor":42,"turns":7},{"damage":49,"enemies":"Giant Head","floor":44,"turns":8},{"damage":7,"enemies":"3 Darklings","floor":48,"turns":6},{"damage":83,"enemies":"Awakened One","floor":50,"turns":16},{"damage":18,"enemies":"Shield and Spear","floor":55,"turns":7},{"damage":46,"enemies":"The Heart","floor":56,"turns":8}],"seed_played":"-2043993537324552221","potions_obtained":[{"floor":6,"key":"LiquidBronze"},{"floor":14,"key":"Fire Potion"},{"floor":16,"key":"Explosive Potion"},{"floor":22,"key":"SneckoOil"},{"floor":30,"key":"Swift Potion"},{"floor":33,"key":"Energy Potion"},{"floor":40,"key":"EssenceOfSteel"},{"floor":42,"key":"Energy Potion"},{"floor":44,"key":"Explosive Potion"},{"floor":48,"key":"BlessingOfTheForge"},{"floor":55,"key":"GamblersBrew"}],"is_trial":false,"path_per_floor":["M","?","$","?","M","E","R","$","T","R","M","R","E","M","R","B",null,"M","?","M","?","M","R","E","R","T","R","?","$","M","E","R","B",null,"M","?","$","?","$","E","R","E","T","E","?","?","?","M","R","B",null,null,"R","$","E","B",null],"character_chosen":"ILLYA","items_purchased":["PrismaMod:IllyaUncommonAOEAttack","PrismaMod:IllyaHassanGift","Pen Nib","PrismaMod:IllyaReinForce","PrismaMod:IllyaUncommonDefend","Eternal Feather","jedi:ominousloannote","Fruit Juice","Ornamental Fan","Lee\u0027s Waffle","Weak Potion"],"campfire_rested":0,"item_purchase_floors":[3,8,29,29,37,37,39,39,54,54,54],"current_hp_per_floor":[75,64,64,64,64,64,64,64,64,64,64,64,33,31,31,31,75,74,74,74,74,75,75,69,69,69,69,69,69,69,85,85,77,85,85,85,85,85,90,82,90,90,90,55,55,55,55,67,85,90,90,90,90,97,97,97],"gold":316,"neow_bonus":"THREE_ENEMY_KILL","is_daily":false,"chose_seed":false,"campfire_upgraded":10,"win_rate":0.0,"timestamp":1610976074,"path_taken":["M","?","$","?","M","E","R","?","T","R","M","R","E","?","R","BOSS","M","?","M","?","M","R","E","R","T","R","?","$","M","E","R","BOSS","M","?","$","?","$","E","R","E","T","E","?","?","?","M","R","BOSS","R","$","E","BOSS"],"items_purchased_type":["Card","Card","Relic","Card","Card","Relic","Relic","Potion","Relic","Relic","Potion"],"build_version":"2020-12-22","purchased_purges":4,"victory":true,"max_hp_per_floor":[75,75,75,75,75,75,75,75,75,75,75,75,75,75,75,75,75,75,75,75,75,75,75,75,75,75,75,75,75,75,85,85,85,85,85,85,85,85,90,90,90,90,90,90,90,90,90,90,90,90,90,90,90,97,97,97],"card_choices":[{"not_picked":["PrismaMod:IllyaFeed","PrismaMod:IllyaPartialInstallAssassin"],"picked":"PrismaMod:IllyaGrail","floor":1},{"not_picked":["PrismaMod:IllyaCheapChannelPoison","PrismaMod:IllyaCheapChannelAttack"],"picked":"PrismaMod:IllyaFriendMaker","floor":5},{"not_picked":["PrismaMod:IllyaPoisonBlock","PrismaMod:IllyaInstallBerserker"],"picked":"PrismaMod:IllyaDevil","floor":6},{"not_picked":["PrismaMod:IllyaFriendMaker","PrismaMod:IllyaCommonEvoke"],"picked":"PrismaMod:IllyaAssassinRevenge","floor":11},{"not_picked":["PrismaMod:IllyaFeed","PrismaMod:IllyaCheapChannelPoison"],"picked":"PrismaMod:IllyaMinorReinForce","floor":13},{"not_picked":["PrismaMod:IllyaGrailKun","PrismaMod:IllyaHassanGift"],"picked":"PrismaMod:IllyaBerserCAR","floor":14},{"not_picked":["PrismaMod:IllyaCarnivalDefend","PrismaMod:IllyaInstallArcher"],"picked":"PrismaMod:IllyaInstallRuler","floor":16},{"not_picked":["PrismaMod:IllyaGun","PrismaMod:IllyaAlice"],"picked":"PrismaMod:IllyaUberChannel","floor":18},{"not_picked":["PrismaMod:IllyaFeed","PrismaMod:IllyaDevil"],"picked":"PrismaMod:IllyaGrail","floor":20},{"not_picked":["PrismaMod:IllyaFriendMaker","PrismaMod:IllyaRubysPotion"],"picked":"PrismaMod:IllyaCheapChannelPoison","floor":22},{"not_picked":["PrismaMod:IllyaAlice","PrismaMod:IllyaCheapChannelDefend+1"],"picked":"PrismaMod:IllyaUncommonDefend+1","floor":24},{"not_picked":["PrismaMod:IllyaPoisonTippedWeapons","PrismaMod:IllyaCheapChannelDefend"],"picked":"PrismaMod:IllyaAOECommonAttack+1","floor":30},{"not_picked":["PrismaMod:IllyaFeed","PrismaMod:IllyaGrail+1"],"picked":"PrismaMod:IllyaUberChannel","floor":31},{"not_picked":["PrismaMod:IllyaInstallAvenger","PrismaMod:IllyaZwei"],"picked":"PrismaMod:IllyaUberAttackChannel","floor":33},{"not_picked":["PrismaMod:IllyaEvokeAll","PrismaMod:IllyaDevil+1"],"picked":"PrismaMod:IllyaAssassinRevenge","floor":35},{"not_picked":["PrismaMod:IllyaAlice","PrismaMod:IllyaRussianRoulette"],"picked":"PrismaMod:IllyaHassanGift+1","floor":36},{"not_picked":["PrismaMod:IllyaRapidFire","PrismaMod:IllyaBerserCAR"],"picked":"PrismaMod:IllyaStunPoison","floor":40},{"not_picked":["PrismaMod:IllyaPartialInstallAssassin","PrismaMod:IllyaTestament","PrismaMod:IllyaBerserCAR"],"picked":"SKIP","floor":42},{"not_picked":["PrismaMod:IllyaGun","PrismaMod:IllyaBlindPoisonToss","PrismaMod:IllyaUpgradeOrbs"],"picked":"SKIP","floor":44},{"not_picked":["PrismaMod:IllyaRussianRoulette+1","PrismaMod:IllyaCheapAttack"],"picked":"PrismaMod:IllyaCheapChannelDefend+1","floor":48},{"not_picked":["PrismaMod:IllyaUberChannel","PrismaMod:IllyaMinorRapidFire"],"picked":"PrismaMod:IllyaUberPoisonChannel","floor":55}],"player_experience":1251806,"relics_obtained":[{"floor":6,"key":"Matryoshka"},{"floor":9,"key":"MawBank"},{"floor":9,"key":"Lantern"},{"floor":13,"key":"StrikeDummy"},{"floor":24,"key":"InkBottle"},{"floor":26,"key":"Juzu Bracelet"},{"floor":26,"key":"jedi:firstaidkit"},{"floor":31,"key":"Pear"},{"floor":40,"key":"Vajra"},{"floor":42,"key":"White Beast Statue"},{"floor":44,"key":"FossilizedHelix"},{"floor":55,"key":"Boot"}],"event_choices":[{"damage_healed":0,"gold_gain":75,"player_choice":"Gather Gold","damage_taken":11,"max_hp_gain":0,"max_hp_loss":0,"event_name":"World of Goop","floor":2,"gold_loss":0},{"damage_healed":0,"gold_gain":0,"player_choice":"Leave","damage_taken":0,"max_hp_gain":0,"max_hp_loss":0,"event_name":"The Cleric","floor":4,"gold_loss":0},{"damage_healed":0,"gold_gain":0,"player_choice":"Choice 2","damage_taken":0,"relics_obtained":["alterego_mod:SomeoneToFightFor"],"max_hp_gain":0,"max_hp_loss":0,"event_name":"Secret Garden","floor":19,"gold_loss":0},{"damage_healed":0,"gold_gain":0,"cards_transformed":["PrismaMod:IllyaCommonAttack","PrismaMod:IllyaCommonAttack"],"player_choice":"Became Test Subject","damage_taken":0,"max_hp_gain":0,"max_hp_loss":0,"event_name":"Drug Dealer","floor":21,"gold_loss":0,"cards_obtained":["PrismaMod:IllyaMinorRapidFire","PrismaMod:IllyaRubysPotion"]},{"damage_healed":0,"gold_gain":0,"player_choice":"Copied","damage_taken":0,"max_hp_gain":0,"max_hp_loss":0,"event_name":"Duplicator","floor":46,"gold_loss":0,"cards_obtained":["PrismaMod:IllyaUncommonDefend"]},{"cards_removed":["PrismaMod:IllyaBerserCAR"],"damage_healed":0,"gold_gain":0,"player_choice":"Removed Attack","damage_taken":0,"max_hp_gain":0,"max_hp_loss":0,"event_name":"Falling","floor":47,"gold_loss":0}],"is_beta":false,"boss_relics":[{"not_picked":["Runic Dome","Astrolabe"],"picked":"Velvet Choker"},{"not_picked":["jedi:hotpepper","Snecko Eye"],"picked":"Runic Pyramid"}],"items_purged_floors":[3,29,39,54],"is_endless":false,"potions_floor_spawned":[6,14,16,20,22,30,33,40,42,44,48,55],"ascension_level":3}}