{"host":"qrbkigq52dd42dk0","time":1610974427,"event":{"mods":["AchievementEnabler","BaseMod","Colored Map","Colored Powertips","Minty Spire (QoL Compilation)","Quick Restart","StSLib","SuperFastMode","The IronCluck"],"gold_per_floor":[117,117,117,42,55,90,90,123,123,123,123],"floor_reached":10,"language":"ENG","playtime":201,"items_purged":["Defend_R"],"score":115,"play_id":"03d13b40-94e0-4810-a90e-70154c6631e1","local_time":"20210118135347","is_ascension_mode":true,"campfire_choices":[{"floor":7.0,"key":"REST"}],"circlet_count":0,"master_deck":["AscendersBane","Strike_R+1","Strike_R","Strike_R","Strike_R","Defend_R","Defend_R","Defend_R+1","Bash","Impervious","Pommel Strike"],"relics":["Burning Blood","PreservedInsect","Kunai","Sundial","Frozen Egg 2"],"acts_visited":["Exordium"],"potions_floor_usage":[],"damage_taken":[{"damage":7.0,"enemies":"2 Louse","floor":1.0,"turns":3.0},{"damage":2.0,"enemies":"Jaw Worm","floor":5.0,"turns":3.0},{"damage":35.0,"enemies":"Lagavulin","floor":6.0,"turns":5.0},{"damage":35.0,"enemies":"3 Sentries","floor":8.0,"turns":7.0},{"damage":18,"enemies":"Lagavulin","floor":10,"turns":5}],"seed_played":"-4492919240447841087","potions_obtained":[{"floor":6.0,"key":"LiquidBronze"}],"is_trial":false,"path_per_floor":["M","?","?","$","M","E","R","E","T","E"],"character_chosen":"IRONCLAD","items_purchased":[],"campfire_rested":1,"item_purchase_floors":[],"current_hp_per_floor":[71,55,48,48,52,23,47,18,18,0,0],"gold":123,"neow_bonus":"RANDOM_COMMON_RELIC","is_daily":false,"chose_seed":false,"campfire_upgraded":0,"win_rate":0.0,"timestamp":1610974427,"path_taken":["M","?","?","$","M","E","R","E","T","E"],"items_purchased_type":[],"build_version":"2020-12-22","purchased_purges":1,"victory":false,"max_hp_per_floor":[80,80,80,80,80,80,80,80,80,80,80],"card_choices":[{"not_picked":["Cleave","Sword Boomerang","Clash"],"picked":"SKIP","floor":1.0},{"not_picked":["Twin Strike","True Grit"],"picked":"Impervious","floor":5.0},{"not_picked":["Rupture","Iron Wave"],"picked":"Pommel Strike","floor":6.0},{"not_picked":["Sword Boomerang","Second Wind","Wild Strike"],"picked":"SKIP","floor":8.0}],"player_experience":162689,"relics_obtained":[{"floor":6.0,"key":"Kunai"},{"floor":8.0,"key":"Sundial"},{"floor":9.0,"key":"Frozen Egg 2"}],"event_choices":[{"damage_healed":0.0,"max_hp_gain":0.0,"max_hp_loss":0.0,"gold_gain":0.0,"event_name":"Shining Light","player_choice":"Entered Light","floor":2.0,"gold_loss":0.0,"damage_taken":16.0,"cards_upgraded":["Defend_R","Strike_R"]},{"cards_removed":["Strike_R"],"damage_healed":0.0,"max_hp_gain":0.0,"max_hp_loss":0.0,"gold_gain":0.0,"event_name":"Golden Wing","player_choice":"Card Removal","floor":3.0,"gold_loss":0.0,"damage_taken":7.0}],"is_beta":false,"boss_relics":[],"items_purged_floors":[4],"is_endless":false,"potions_floor_spawned":[6],"killed_by":"Lagavulin","ascension_level":11}}