{"host":"egwexuw5uvnxf11j","time":1610943271,"event":{"mods":["2.2 Compatiblity","Aspiration","BaseMod","Better Altar","Better Note","Better Sensory Stone","Better Third Choice","Displayed Cursed Tome","Downfall","Hermit","Key Reminder","Koishi","Marisa????????","Minty Spire (QoL Compilation)","Quick Restart","Shade Mod","Spicy Shops","StSLib","The Construct","The Cursed","The Hierophant","The Runesmith","The Senshi","The Servant 0.9.4","Transform Curses"],"gold_per_floor":[113,113,141,156,156,198,10,10,10,50,79,79,79,108,108,210,210,251,286,286,343,343,343],"floor_reached":22,"language":"ENG","playtime":1114,"items_purged":[],"score":200,"play_id":"f2cb8cc6-c706-4fa7-9613-73defa9c75c1","local_time":"20210117231431","is_ascension_mode":true,"campfire_choices":[{"floor":8,"key":"REST"},{"data":"hierophant:CoinFling","floor":13,"key":"SMITH"},{"floor":15,"key":"REST"}],"circlet_count":0,"master_deck":["hierophant:Strike_Hierophant","hierophant:Strike_Hierophant","hierophant:Strike_Hierophant","hierophant:Strike_Hierophant","hierophant:Punish","hierophant:Defend_Hierophant","hierophant:Defend_Hierophant","hierophant:Defend_Hierophant","hierophant:Defend_Hierophant","hierophant:ChurchCoffers","hierophant:Doubloon","hierophant:CoinFling+1","Pain","hierophant:OrnateBuckler","hierophant:SealAway","Injury","hierophant:Kindle+1","hierophant:CursedGold","hierophant:Doubloon+1","hierophant:Zeal","hierophant:Shelter+1","hierophant:PassingBell","Discovery+1","hierophant:SealAway","hierophant:Racketeering+1","hierophant:Determination","CurseOfTheBell","hierophant:Endure+1","hierophant:Doubloon+1","hierophant:Dazzle+1","hierophant:Doubloon+1","hierophant:CursedGold+1"],"relics":["hierophant:PropheticMaskRelic","WarpedTongs","Toxic Egg 2","aspiration:SeaSaltIceCream","hierophant:PropheticMaskRelic","Membership Card","Sundial","Juzu Bracelet","keyreminder:keyreminder","Calling Bell","CeramicFish","Eternal Feather","WingedGreaves"],"acts_visited":["Exordium","TheCity"],"potions_floor_usage":[6,10],"damage_taken":[{"damage":0,"enemies":"2 Louse","floor":1,"turns":1},{"damage":4,"enemies":"Cultist","floor":3,"turns":2},{"damage":4,"enemies":"Jaw Worm","floor":4,"turns":3},{"damage":18,"enemies":"Gremlin Nob","floor":6,"turns":3},{"damage":27,"enemies":"3 Sentries","floor":10,"turns":7},{"damage":0,"enemies":"3 Louse","floor":11,"turns":2},{"damage":18,"enemies":"Lots of Slimes","floor":14,"turns":4},{"damage":31,"enemies":"Slime Boss","floor":16,"turns":6},{"damage":38,"enemies":"2 Thieves","floor":18,"turns":3},{"damage":24,"enemies":"3 Byrds","floor":19,"turns":5},{"damage":38,"enemies":"Shelled Parasite and Fungi","floor":21,"turns":8},{"damage":22,"enemies":"Centurion and Healer","floor":22,"turns":6}],"seed_played":"-2160780581146019883","potions_obtained":[{"floor":1,"key":"Swift Potion"},{"floor":3,"key":"Regen Potion"},{"floor":11,"key":"SpeedPotion"},{"floor":16,"key":"SteroidPotion"},{"floor":19,"key":"DuplicationPotion"}],"is_trial":false,"path_per_floor":["M","?","M","M","?","E","$","R","T","E","M","?","R","M","R","B",null,"M","M","?","M","M"],"character_chosen":"HIEROPHANT","items_purchased":["Membership Card","hierophant:CursedGold","hierophant:Zeal"],"campfire_rested":2,"item_purchase_floors":[7,7,7],"current_hp_per_floor":[82,82,78,74,74,56,56,80,80,65,65,65,65,47,71,40,82,44,42,42,19,0,0],"gold":343,"neow_bonus":"TEN_PERCENT_HP_BONUS","is_daily":false,"chose_seed":false,"campfire_upgraded":1,"win_rate":0.0,"timestamp":1610943271,"path_taken":["M","?","?","?","?","E","$","R","T","E","M","?","R","M","R","BOSS","M","M","?","M","M"],"items_purchased_type":["Relic","Card","Card"],"build_version":"2020-12-22","purchased_purges":0,"victory":false,"max_hp_per_floor":[82,82,82,82,82,82,82,82,82,82,82,82,82,82,82,82,82,82,82,82,82,82,82],"card_choices":[{"not_picked":["hierophant:Empathy","hierophant:MorningPrayer"],"picked":"hierophant:CoinFling","floor":1},{"not_picked":["hierophant:Racketeering","hierophant:ConvertCurrency"],"picked":"hierophant:OrnateBuckler","floor":3},{"not_picked":["hierophant:Patience","hierophant:Zeal"],"picked":"hierophant:SealAway","floor":4},{"not_picked":["hierophant:Doubloon+1","hierophant:RepressedViolence"],"picked":"hierophant:Kindle+1","floor":6},{"not_picked":["hierophant:Repentance+1","hierophant:Sermon+1"],"picked":"hierophant:Shelter+1","floor":10},{"not_picked":["hierophant:SealAway","hierophant:Refuge"],"picked":"hierophant:PassingBell","floor":11},{"not_picked":["hierophant:Bribe+1","hierophant:Shelter+1"],"picked":"hierophant:Racketeering+1","floor":14},{"not_picked":["hierophant:Invocation+1","hierophant:Levitation+1"],"picked":"hierophant:Determination","floor":16},{"not_picked":["hierophant:PassingBell","hierophant:Purify+1"],"picked":"hierophant:Endure+1","floor":18},{"not_picked":["hierophant:Generosity","hierophant:Zeal"],"picked":"hierophant:Dazzle+1","floor":19},{"not_picked":["hierophant:Chorus+1","hierophant:Doubloon+1"],"picked":"hierophant:CursedGold+1","floor":21}],"player_experience":2247103,"relics_obtained":[{"floor":6,"key":"aspiration:SeaSaltIceCream"},{"floor":9,"key":"Sundial"},{"floor":10,"key":"Juzu Bracelet"},{"floor":17,"key":"CeramicFish"},{"floor":17,"key":"Eternal Feather"},{"floor":17,"key":"WingedGreaves"}],"event_choices":[{"damage_healed":0,"gold_gain":0,"player_choice":"Rummage","damage_taken":0,"relics_obtained":["WarpedTongs"],"max_hp_gain":0,"max_hp_loss":0,"event_name":"Accursed Blacksmith","floor":2,"gold_loss":0,"cards_obtained":["Pain"]},{"damage_healed":0,"gold_gain":0,"player_choice":"2 cards matched","damage_taken":0,"max_hp_gain":0,"max_hp_loss":0,"event_name":"Match and Keep!","floor":12,"gold_loss":0,"cards_obtained":["Discovery","hierophant:SealAway"]},{"damage_healed":0,"gold_gain":0,"player_choice":"Ignored","damage_taken":0,"max_hp_gain":0,"max_hp_loss":0,"event_name":"Ghosts","floor":20,"gold_loss":0}],"is_beta":false,"boss_relics":[{"not_picked":["aspiration:WatcherSkillbook","Velvet Choker"],"picked":"Calling Bell"}],"items_purged_floors":[],"is_endless":false,"potions_floor_spawned":[1,3,11,16,19],"killed_by":"Centurion and Healer","ascension_level":4}}