{"host":"njcl8kinlkfw245p","time":1610932834,"event":{"mods":["BaseMod","Block Reminder","Colored Map","Googly Eyes","KinomotoSakuraMod(????)","Minty Spire (QoL Compilation)","StSLib","The Senshi","Unceasing Turn Reminder","everything is the same but u backflip on backflip"],"gold_per_floor":[110,123,123,74,74,105,131,131,131,131,149,149,183,199,199,301,301,312,312,312,30,48,75,92,92,92,92,102,115,147,162,162,263,263,276,276,128,142,91,91,91,117,197,230,250,262,262,282,282,282,282],"floor_reached":50,"language":"ENG","playtime":4086,"items_purged":[],"score":945,"play_id":"d675ae33-4c09-45c9-aa6f-eb9cc55721a2","local_time":"20210117172034","is_ascension_mode":true,"campfire_choices":[{"floor":8.0,"key":"REST"},{"data":"theSenshi:MoonPrismPowerMakeUp","floor":10.0,"key":"SMITH"},{"data":"theSenshi:MoonTiaraMagic","floor":12.0,"key":"SMITH"},{"data":"theSenshi:EncouragingSpeech","floor":15.0,"key":"SMITH"},{"data":"theSenshi:MoonPrincessHalation","floor":25,"key":"SMITH"},{"data":"theSenshi:SilverMoonCrystalPowerKiss","floor":27,"key":"SMITH"},{"data":"theSenshi:MoonCrisisMakeUp","floor":32,"key":"SMITH"},{"data":"theSenshi:MoonCosmicPowerMakeUp","floor":40,"key":"SMITH"},{"floor":49,"key":"RECALL"}],"circlet_count":0,"master_deck":["AscendersBane","theSenshi:SailorKick","theSenshi:SailorKick","theSenshi:SailorBlock+1","theSenshi:SailorBlock","theSenshi:SailorBlock","theSenshi:SailorBlock","theSenshi:RoseThrow+1","theSenshi:MoonPrismPowerMakeUp+1","theSenshi:TuxedoMaskAssists","theSenshi:LunaWiseMentor+1","theSenshi:SailorVenusAssists","theSenshi:MoonKick","theSenshi:MoonTiaraMagic+1","theSenshi:EncouragingSpeech+1","theSenshi:InTheNameOfTheMoon","theSenshi:SilverMoonCrystalPowerKiss+1","theSenshi:MoonPrincessHalation+1","theSenshi:SailorSaturnAssists","theSenshi:MoonCosmicPowerMakeUp+1","theSenshi:MoonCrisisMakeUp+1","theSenshi:SailorJupiterAssists+1","theSenshi:MarsPride","theSenshi:LunaWiseMentor","theSenshi:SailorPlanetAttack","theSenshi:MoonTiaraMagic","theSenshi:SilverCrystal","theSenshi:TallSilhouette","theSenshi:TallSilhouette+1","Madness+1","Madness","theSenshi:SailorPlanetAttack+1","Injury","theSenshi:MoonEternalMakeUp","theSenshi:SchoolBag+1"],"relics":["Cursed Key","Bronze Scales","Odd Mushroom","MealTicket","SlaversCollar","Eternal Feather","theSenshi:HolyGrailRelic","Kunai","Velvet Choker","PreservedInsect","War Paint","Shovel"],"acts_visited":["Exordium","TheCity","TheBeyond"],"potions_floor_usage":[23,33,42,48,50],"damage_taken":[{"damage":0.0,"enemies":"Jaw Worm","floor":1.0,"turns":4.0},{"damage":0.0,"enemies":"Small Slimes","floor":2.0,"turns":3.0},{"damage":9.0,"enemies":"Lagavulin","floor":6.0,"turns":7.0},{"damage":5.0,"enemies":"The Mushroom Lair","floor":7.0,"turns":4.0},{"damage":0.0,"enemies":"Cultist","floor":11.0,"turns":3.0},{"damage":20.0,"enemies":"3 Sentries","floor":13.0,"turns":6.0},{"damage":0.0,"enemies":"Blue Slaver","floor":14.0,"turns":3.0},{"damage":26.0,"enemies":"Slime Boss","floor":16.0,"turns":13.0},{"damage":6,"enemies":"3 Byrds","floor":18,"turns":3},{"damage":6,"enemies":"Spheric Guardian","floor":22,"turns":4},{"damage":20,"enemies":"Gremlin Leader","floor":23,"turns":5},{"damage":15,"enemies":"Centurion and Healer","floor":24,"turns":6},{"damage":4,"enemies":"Shelled Parasite and Fungi","floor":28,"turns":4},{"damage":7,"enemies":"Snecko","floor":29,"turns":5},{"damage":25,"enemies":"Book of Stabbing","floor":30,"turns":5},{"damage":5,"enemies":"3 Cultists","floor":31,"turns":5},{"damage":15,"enemies":"Collector","floor":33,"turns":8},{"damage":1,"enemies":"Orb Walker","floor":35,"turns":4},{"damage":7,"enemies":"3 Shapes","floor":38,"turns":4},{"damage":11,"enemies":"Reptomancer","floor":42,"turns":4},{"damage":10,"enemies":"Nemesis","floor":44,"turns":10},{"damage":45,"enemies":"Sphere and 2 Shapes","floor":45,"turns":7},{"damage":11,"enemies":"3 Darklings","floor":46,"turns":6},{"damage":4,"enemies":"Writhing Mass","floor":48,"turns":6},{"damage":37,"enemies":"Donu and Deca","floor":50,"turns":4}],"seed_played":"8186718797034571376","potions_obtained":[{"floor":1.0,"key":"SpeedPotion"},{"floor":7.0,"key":"SteroidPotion"},{"floor":16.0,"key":"DistilledChaos"},{"floor":23,"key":"AttackPotion"},{"floor":30,"key":"FearPotion"},{"floor":31,"key":"DuplicationPotion"},{"floor":38,"key":"Fire Potion"},{"floor":46,"key":"DistilledChaos"},{"floor":48,"key":"PowerPotion"}],"is_trial":false,"path_per_floor":["M","M","?","$","?","E","?","R","T","R","M","R","E","M","R","B",null,"M","?","?","$","M","E","M","R","T","R","M","M","E","M","R","B",null,"M","?","$","M","$","R","?","E","T","E","M","M","?","M","R","B"],"character_chosen":"THE_SENSHI","items_purchased":["theSenshi:SailorVenusAssists","theSenshi:MoonCosmicPowerMakeUp","Eternal Feather","PreservedInsect","theSenshi:TallSilhouette"],"campfire_rested":1,"item_purchase_floors":[4,21,21,37,39],"current_hp_per_floor":[68,68,53,53,53,44,39,61,61,61,61,61,41,41,41,15,60,54,40,40,55,54,39,29,41,41,53,49,47,27,27,42,37,69,68,68,80,73,80,80,70,64,64,59,19,8,8,9,30,0,0],"gold":282,"neow_bonus":"BOSS_RELIC","is_daily":false,"chose_seed":false,"campfire_upgraded":7,"win_rate":0.0,"timestamp":1610932834,"path_taken":["M","M","?","$","?","E","?","R","T","R","M","R","E","?","R","BOSS","M","?","?","$","M","E","?","R","T","R","M","M","E","M","R","BOSS","M","?","$","M","$","R","?","E","T","E","M","M","?","M","R","BOSS"],"items_purchased_type":["Card","Card","Relic","Relic","Card"],"build_version":"2020-12-22","purchased_purges":0,"victory":false,"max_hp_per_floor":[75,75,75,75,75,75,75,75,75,75,75,75,75,75,75,75,75,75,80,80,80,80,80,80,80,80,80,80,80,80,80,80,80,80,80,80,80,80,80,80,80,80,80,80,80,80,80,80,80,80,80],"card_choices":[{"not_picked":["theSenshi:SailorPlanetPower","theSenshi:GatheringStrength"],"picked":"theSenshi:TuxedoMaskAssists","floor":1.0},{"not_picked":["theSenshi:TuxedoSmokingBomber","theSenshi:MoonPunch"],"picked":"theSenshi:LunaWiseMentor","floor":2.0},{"not_picked":["theSenshi:VenusGlamour","theSenshi:Sidestep"],"picked":"theSenshi:MoonKick","floor":6.0},{"not_picked":["theSenshi:TuxedoMaskAssists","theSenshi:SailorVenusAssists"],"picked":"theSenshi:MoonTiaraMagic","floor":11.0},{"not_picked":["theSenshi:Overload","theSenshi:SupersonicWaves"],"picked":"theSenshi:EncouragingSpeech","floor":13.0},{"not_picked":["theSenshi:Sidestep","theSenshi:SailorPlanetPower"],"picked":"theSenshi:InTheNameOfTheMoon","floor":14.0},{"not_picked":["theSenshi:LunaSensingAllies","theSenshi:SailorPlutoAssists"],"picked":"theSenshi:SilverMoonCrystalPowerKiss","floor":16.0},{"not_picked":["theSenshi:SchoolBag","theSenshi:SailorMercuryAssists"],"picked":"theSenshi:MoonPrincessHalation","floor":18},{"not_picked":["theSenshi:SupersonicWaves","theSenshi:SailorNeptuneAssists"],"picked":"theSenshi:MoonCrisisMakeUp","floor":22},{"not_picked":["theSenshi:InTheNameOfTheMoon","theSenshi:MoonPunch"],"picked":"theSenshi:SailorJupiterAssists+1","floor":23},{"not_picked":["theSenshi:MoonPunch","theSenshi:MoonKick"],"picked":"theSenshi:MarsPride","floor":24},{"not_picked":["theSenshi:SailorVenusAssists+1","theSenshi:GatheringStrength"],"picked":"theSenshi:LunaWiseMentor","floor":28},{"not_picked":["theSenshi:NeptunesGrace","theSenshi:SailorChibiMoonAssists+1"],"picked":"theSenshi:SailorPlanetAttack","floor":29},{"not_picked":["theSenshi:SailorNeptuneAssists","theSenshi:GlimpseOfThePast"],"picked":"theSenshi:MoonTiaraMagic","floor":30},{"not_picked":["theSenshi:OdangoHead","theSenshi:MoonPrincessHalation","theSenshi:LateForSchool"],"picked":"SKIP","floor":31},{"not_picked":["theSenshi:StudyParty","theSenshi:SailorStarHealerAssists"],"picked":"theSenshi:SilverCrystal","floor":33},{"not_picked":["theSenshi:SailorMarsAssists","theSenshi:MoonPrincessHalation","theSenshi:SteeledNerves"],"picked":"SKIP","floor":35},{"not_picked":["theSenshi:EncouragingSpeech","theSenshi:MoonCrisisMakeUp"],"picked":"theSenshi:TallSilhouette","floor":38},{"not_picked":["theSenshi:LateForSchool","theSenshi:SailorVenusAssists"],"picked":"theSenshi:SailorPlanetAttack+1","floor":42},{"not_picked":["theSenshi:RainbowMoonHeartAche","theSenshi:SailorStarFighterAssists","theSenshi:Overload+1"],"picked":"SKIP","floor":44},{"not_picked":["theSenshi:SteeledNerves+1","theSenshi:MoonPower"],"picked":"theSenshi:MoonEternalMakeUp","floor":45},{"not_picked":["theSenshi:SteeledNerves","theSenshi:EncouragingSpeech","theSenshi:SailorMercuryAssists"],"picked":"SKIP","floor":46},{"not_picked":["theSenshi:SupersonicWaves+1","theSenshi:RainbowMoonHeartAche+1"],"picked":"theSenshi:SchoolBag+1","floor":48}],"player_experience":909857,"relics_obtained":[{"floor":6.0,"key":"Bronze Scales"},{"floor":7.0,"key":"Odd Mushroom"},{"floor":13.0,"key":"MealTicket"},{"floor":23,"key":"theSenshi:HolyGrailRelic"},{"floor":30,"key":"Kunai"},{"floor":42,"key":"War Paint"},{"floor":44,"key":"Shovel"}],"event_choices":[{"damage_healed":0.0,"max_hp_gain":0.0,"max_hp_loss":0.0,"gold_gain":0.0,"event_name":"Shining Light","player_choice":"Entered Light","floor":3.0,"gold_loss":0.0,"damage_taken":15.0,"cards_upgraded":["theSenshi:LunaWiseMentor","theSenshi:SailorBlock"]},{"damage_healed":0.0,"max_hp_gain":0.0,"max_hp_loss":0.0,"gold_gain":0.0,"event_name":"Living Wall","player_choice":"Grow","floor":5.0,"gold_loss":0.0,"damage_taken":0.0,"cards_upgraded":["theSenshi:RoseThrow"]},{"damage_healed":0.0,"max_hp_gain":0.0,"max_hp_loss":0.0,"gold_gain":0.0,"event_name":"Mushrooms","player_choice":"Fought Mushrooms","floor":7.0,"gold_loss":0.0,"damage_taken":0.0},{"damage_healed":0,"gold_gain":0,"player_choice":"Shed Blood","damage_taken":19,"max_hp_gain":5,"max_hp_loss":0,"event_name":"Forgotten Altar","floor":19,"gold_loss":0},{"damage_healed":0,"gold_gain":0,"cards_transformed":["theSenshi:SailorKick"],"player_choice":"Transformed","damage_taken":0,"max_hp_gain":0,"max_hp_loss":0,"event_name":"Transmorgrifier","floor":20,"gold_loss":0,"cards_obtained":["theSenshi:SailorSaturnAssists"]},{"cards_removed":["theSenshi:SailorKick"],"damage_healed":0,"gold_gain":0,"player_choice":"Removed Attack","damage_taken":0,"max_hp_gain":0,"max_hp_loss":0,"event_name":"Falling","floor":36,"gold_loss":0},{"damage_healed":0,"gold_gain":0,"player_choice":"Embrace Madness","damage_taken":10,"max_hp_gain":0,"max_hp_loss":0,"event_name":"Winding Halls","floor":41,"gold_loss":0,"cards_obtained":["Madness","Madness"]},{"damage_healed":0,"gold_gain":0,"player_choice":"Ignored","damage_taken":0,"max_hp_gain":0,"max_hp_loss":0,"event_name":"Mysterious Sphere","floor":47,"gold_loss":0}],"is_beta":false,"boss_relics":[{"not_picked":["Runic Pyramid","Runic Dome"],"picked":"SlaversCollar"},{"not_picked":["Coffee Dripper","theSenshi:EternalSailorFukuRelic"],"picked":"Velvet Choker"}],"items_purged_floors":[],"is_endless":false,"potions_floor_spawned":[1,7,11,16,23,29,30,31,38,46,48],"killed_by":"Donu and Deca","ascension_level":12}}