{"host":"8aoim7owc9xd4zca","time":1610931309,"event":{"mods":["BaseMod","Colored Powertips","Minty Spire (QoL Compilation)","Replay The Spire","StSLib"],"gold_per_floor":[109,127,127,127,139,139,214,246,246,266,293,310,310,330,330,433,433,433],"floor_reached":17,"language":"ENG","playtime":1333,"items_purged":[],"score":175,"play_id":"519a4bf4-704c-47f5-ad76-74afa347c89f","local_time":"20210117165509","is_ascension_mode":true,"campfire_choices":[{"data":"Seeing Red","floor":6.0,"key":"SMITH"},{"floor":13.0,"key":"REST"},{"floor":15.0,"key":"REST"}],"circlet_count":0,"master_deck":["Strike_R","Strike_R","Strike_R","Strike_R","Strike_R","Defend_R","Defend_R","Defend_R","Defend_R","Bash","Sword Boomerang","Seeing Red+1","ReplayTheSpireMod:Muscle Training","Armaments","Infernal Blade","Flex","Replay:Undeath\u0027s Touch","Immolate"],"relics":["Burning Blood","Quantum Egg","Bag of Marbles","Incense Burner","FossilizedHelix"],"acts_visited":["Exordium","TheCity"],"potions_floor_usage":[16,16,16],"damage_taken":[{"damage":5.0,"enemies":"2 Louse","floor":1.0,"turns":3.0},{"damage":20.0,"enemies":"Small Slimes","floor":2.0,"turns":3.0},{"damage":1.0,"enemies":"Cultist","floor":5.0,"turns":3.0},{"damage":37.0,"enemies":"Lagavulin","floor":8.0,"turns":6.0},{"damage":12.0,"enemies":"Exordium Wildlife","floor":10.0,"turns":4.0},{"damage":37.0,"enemies":"3 Sentries","floor":11.0,"turns":10.0},{"damage":10.0,"enemies":"2 Fungi Beasts","floor":12.0,"turns":3.0},{"damage":0.0,"enemies":"Large Slime","floor":14.0,"turns":4.0},{"damage":22,"enemies":"The Guardian","floor":16,"turns":7}],"seed_played":"-3789616907985595273","potions_obtained":[{"floor":5.0,"key":"Fruit Juice"},{"floor":10.0,"key":"Swift Potion"},{"floor":12.0,"key":"BlessingOfTheForge"},{"floor":14.0,"key":"Swift Potion"}],"is_trial":false,"path_per_floor":["M","M","?","?","M","R","?","E","T","M","E","M","R","M","R","B",null],"character_chosen":"IRONCLAD","items_purchased":[],"campfire_rested":2,"item_purchase_floors":[],"current_hp_per_floor":[88,74,56,88,93,93,82,51,51,45,14,10,37,43,70,54,93,93],"gold":433,"neow_bonus":"TEN_PERCENT_HP_BONUS","is_daily":false,"chose_seed":false,"campfire_upgraded":1,"win_rate":0.0,"timestamp":1610931309,"path_taken":["M","M","?","?","?","R","?","E","T","M","E","M","R","M","R","BOSS"],"items_purchased_type":[],"build_version":"2020-12-22","purchased_purges":0,"victory":false,"max_hp_per_floor":[88,88,88,88,93,93,93,93,93,93,93,93,93,93,93,93,93,93],"card_choices":[{"not_picked":["Anger","ReplayTheSpireMod:Strike From Hell"],"picked":"Sword Boomerang","floor":1.0},{"not_picked":["Thunderclap","Warcry"],"picked":"Seeing Red","floor":2.0},{"not_picked":["Pommel Strike","Second Wind"],"picked":"ReplayTheSpireMod:Muscle Training","floor":5.0},{"not_picked":["Replay:Undeath\u0027s Touch","Havoc"],"picked":"Armaments","floor":8.0},{"not_picked":["Metallicize","True Grit","Armaments"],"picked":"SKIP","floor":10.0},{"not_picked":["Cleave","Warcry"],"picked":"Infernal Blade","floor":11.0},{"not_picked":["Hemogenesis","ReplayTheSpireMod:Strike From Hell"],"picked":"Flex","floor":12.0},{"not_picked":["Armaments","Havoc"],"picked":"Replay:Undeath\u0027s Touch","floor":14.0},{"not_picked":["Bludgeon","Eclipse"],"picked":"Immolate","floor":16}],"player_experience":250719,"relics_obtained":[{"floor":8.0,"key":"Bag of Marbles"},{"floor":9.0,"key":"Incense Burner"},{"floor":11.0,"key":"FossilizedHelix"}],"event_choices":[{"damage_healed":0.0,"max_hp_gain":0.0,"max_hp_loss":0.0,"gold_gain":0.0,"event_name":"Scrap Ooze","player_choice":"Success","floor":3.0,"gold_loss":0.0,"damage_taken":18.0,"relics_obtained":["Quantum Egg"]},{"damage_healed":32.0,"max_hp_gain":0.0,"max_hp_loss":0.0,"gold_gain":0.0,"event_name":"Wheel of Change","player_choice":"Full Heal","floor":4.0,"gold_loss":0.0,"damage_taken":0.0},{"damage_healed":0.0,"max_hp_gain":0.0,"max_hp_loss":0.0,"gold_gain":75.0,"event_name":"World of Goop","player_choice":"Gather Gold","floor":7.0,"gold_loss":0.0,"damage_taken":11.0}],"is_beta":false,"boss_relics":[{"not_picked":["Mark of Pain","Ring of Chaos","Replay:Drink Me"]}],"items_purged_floors":[],"is_endless":false,"potions_floor_spawned":[5,10,12,14],"ascension_level":1}}