{"host":"8i58hvcssdezoe94","time":1610999902,"event":{"mods":["Act Like it!","BaseMod","Colored Map","Conspire","Downfall","Gensokyo","KinomotoSakuraMod(木之本樱)","Marisa（F雨　魔理沙）","Minty Spire (QoL Compilation)","Quick Restart","Remilia（蕾米莉亚）","StSLib","The Animator","The Bug Knight","The Construct","The Cursed","The Hierophant","The Jungle","The Servant 0.9.4"],"gold_per_floor":[110,13,13,13,13,13,27,52,88,100,323,353,380,94,94,496,496,506,525,56,71,71,71],"floor_reached":22,"language":"ZHS","playtime":1014,"items_purged":[],"score":211,"play_id":"0d006c9b-5204-4b08-b86e-16594c12b2e4","local_time":"20210119035822","is_ascension_mode":false,"campfire_choices":[{"floor":6,"key":"REST"},{"floor":15,"key":"RECALL"}],"circlet_count":0,"master_deck":["Strike_B","Strike_B","Strike_B","Strike_B","Defend_B","Defend_B","Defend_B","Defend_B","Zap","Dualcast","Streamline","Gensokyo:CrescentMoonSlash","Streamline","Doom and Gloom","Lockon","Leap","Capacitor","Machine Learning","Steam","Gash+1","Gensokyo:BlemishedSteel","Gensokyo:LockedMedkit","Gensokyo:MissMary","Storm+1"],"relics":["Cracked Core","NeowsBlessing","Gensokyo:CelestialsFlawlessClothing","MawBank","Gensokyo:OccultBall","Happy Flower","Molten Egg 2","Velvet Choker","Toolbox"],"acts_visited":["Gensokyo:Gensokyo","Gensokyo:Gensokyoer"],"potions_floor_usage":[],"damage_taken":[{"damage":0,"enemies":"Gensokyo:Gryphon","floor":1,"turns":1},{"damage":0,"enemies":"Gensokyo:2_Kodama","floor":7,"turns":1},{"damage":0,"enemies":"Gensokyo:Cirno","floor":8,"turns":2},{"damage":4,"enemies":"Gensokyo:Python","floor":11,"turns":4},{"damage":0,"enemies":"Gensokyo:5_Fairies","floor":12,"turns":2},{"damage":0,"enemies":"Gensokyo:LivingMonolith","floor":13,"turns":3},{"damage":44,"enemies":"Gensokyo:Yukari","floor":16,"turns":13},{"damage":0,"enemies":"Gensokyo:2_Gloops","floor":18,"turns":3},{"damage":26,"enemies":"Gensokyo:Chomper","floor":19,"turns":4},{"damage":26,"enemies":"Gensokyo:Slime_Group","floor":21,"turns":4},{"damage":101,"enemies":"Gensokyo:Monolith_and_Dog","floor":22,"turns":6}],"seed_played":"6636501460250786243","potions_obtained":[{"floor":8,"key":"SkillPotion"},{"floor":11,"key":"SkillPotion"},{"floor":12,"key":"Strength Potion"},{"floor":16,"key":"Ancient Potion"}],"is_trial":false,"path_per_floor":["M","COS","?","?","?","R","M","E","T","?","M","M","M","$","R","B",null,"M","M","COS","M","M"],"character_chosen":"DEFECT","items_purchased":["Capacitor","Molten Egg 2"],"campfire_rested":1,"item_purchase_floors":[14,14],"current_hp_per_floor":[75,75,75,64,46,68,68,68,68,68,64,64,64,64,64,20,75,75,49,49,23,0,0],"gold":71,"neow_bonus":"THREE_ENEMY_KILL","is_daily":false,"chose_seed":false,"campfire_upgraded":0,"win_rate":0.0,"timestamp":1610999902,"path_taken":["M","COS","?","?","?","R","?","E","T","?","M","M","M","?","R","BOSS","M","M","COS","M","M"],"items_purchased_type":["Card","Relic"],"build_version":"2020-12-22","purchased_purges":0,"victory":false,"max_hp_per_floor":[75,75,75,75,75,75,75,75,75,75,75,75,75,75,75,75,75,75,75,75,75,75,75],"card_choices":[{"not_picked":["Cold Snap","Darkness"],"picked":"Streamline","floor":1},{"not_picked":["Stack","Defragment"],"picked":"Double Energy","floor":7},{"not_picked":["Creative AI","Reinforced Body"],"picked":"Streamline","floor":8},{"not_picked":["Reprogram","Hologram"],"picked":"Doom and Gloom","floor":11},{"not_picked":["Tempest","Steam"],"picked":"Lockon","floor":12},{"not_picked":["Rebound","Chaos"],"picked":"Leap","floor":13},{"not_picked":["Fission","Reboot"],"picked":"Machine Learning","floor":16},{"not_picked":["Skim+1","Defragment+1"],"picked":"Steam","floor":18},{"not_picked":["Stack","Capacitor"],"picked":"Gash+1","floor":19},{"not_picked":["Sweeping Beam+1","Steam"],"picked":"Storm+1","floor":21}],"player_experience":46806,"relics_obtained":[{"floor":8,"key":"MawBank"},{"floor":13,"key":"Gensokyo:OccultBall"},{"floor":16,"key":"Gensokyo:OccultBall"},{"floor":21,"key":"Gensokyo:OccultBall"}],"event_choices":[],"is_beta":false,"boss_relics":[{"not_picked":["Tiny House","conspire:SpecialSausage"],"picked":"Velvet Choker"}],"items_purged_floors":[],"is_endless":false,"potions_floor_spawned":[8,11,12,16,18,19],"killed_by":"Gensokyo:Monolith_and_Dog","ascension_level":0}}