{"host":"zxd2l8an9de7z7b9","time":1610962633,"event":{"mods":["100% Spire Juice","2.2 Compatiblity","Arknights The Spire","BaseMod","CapriCore","Colored Map","Colored Powertips","GungeonMod","Lobotomy","Marisa£¨Ùöéë¡¡Øª×âÞÞ£©","Minty Spire (QoL Compilation)","Rare Cards Sparkle","StSLib","The Bug Knight","The Jungle"],"gold_per_floor":[116,116,6,19,38,38,50,69,96,96,96,106,163,11,11,115,115,133,146,159,169,181,61,93,8,8,8,18,47,47,47,47,143,143,157,90,102,117,117,117],"floor_reached":39,"language":"KOR","playtime":2384,"items_purged":[],"score":417,"play_id":"f92beddc-0864-47af-bebd-643a16fa5125","local_time":"20210118183713","is_ascension_mode":false,"campfire_choices":[{"data":"Moonworks:Ambush","floor":6,"key":"SMITH"},{"data":"Moonworks:RagingMadness","floor":10,"key":"SMITH"},{"floor":15,"key":"REST"},{"floor":23,"key":"REST"},{"floor":32,"key":"REST"}],"circlet_count":0,"master_deck":["Moonworks:Strike","Moonworks:Strike+1","Moonworks:Defend","Moonworks:Defend","Moonworks:Defend","Moonworks:Defend","Moonworks:Ambush+1","Moonworks:LongDistanceShot","Moonworks:LuckyCharm","Moonworks:AwakeningOfTalent+1","Moonworks:IndiscriminateFireSupport","Moonworks:EvilSpyWorkPreparation","Moonworks:DeployBits","Moonworks:RagingMadness+1","Moonworks:Wanted","Moonworks:NicePresent","Moonworks:HolyNight","Moonworks:EvilSpyWorkPreparation","Moonworks:SakisCookie","Moonworks:EvilSpyWorkPreparation","Moonworks:GoAway","Moonworks:NicePresent+1","Moonworks:CloudOfSeagulls+1","Moonworks:CloudOfSeagulls+1","Moonworks:LulusLuckyEgg+1","Moonworks:Flamethrower","Moonworks:Dash","Moonworks:AnotherUltimateWeapon","Moonworks:RedAndBlue+1","Moonworks:IndiscriminateFireSupport+1","Moonworks:SealedMemories+1"],"relics":["Moonworks:BrokenBomb","Moonworks:Homemark","NeowsBlessing","Juzu Bracelet","Pantograph","Lantern","SlaversCollar","Dream Catcher","Kunai","Whetstone","Gremlin Horn","Black Star","CatCart"],"acts_visited":["Exordium","TheCity","TheBeyond"],"potions_floor_usage":[13,18,21,24,28,29,38],"damage_taken":[{"damage":0,"enemies":"Jaw Worm","floor":1,"turns":1},{"damage":0,"enemies":"Cultist","floor":3,"turns":1},{"damage":0,"enemies":"2 Louse","floor":4,"turns":1},{"damage":2,"enemies":"Looter","floor":5,"turns":3},{"damage":0,"enemies":"Lots of Slimes","floor":7,"turns":1},{"damage":0,"enemies":"Exordium Wildlife","floor":8,"turns":2},{"damage":3,"enemies":"Looter","floor":12,"turns":3},{"damage":9,"enemies":"Gremlin Nob","floor":13,"turns":3},{"damage":24,"enemies":"Hexaghost","floor":16,"turns":6},{"damage":21,"enemies":"Shell Parasite","floor":18,"turns":8},{"damage":3,"enemies":"3 Byrds","floor":19,"turns":5},{"damage":28,"enemies":"Cultist and Chosen","floor":20,"turns":5},{"damage":7,"enemies":"Snecko","floor":21,"turns":5},{"damage":17,"enemies":"Snake Plant","floor":22,"turns":7},{"damage":3,"enemies":"Book of Stabbing","floor":24,"turns":5},{"damage":9,"enemies":"Cultist and Chosen","floor":28,"turns":6},{"damage":16,"enemies":"Gremlin Leader","floor":29,"turns":5},{"damage":13,"enemies":"Collector","floor":33,"turns":6},{"damage":33,"enemies":"3 Shapes","floor":35,"turns":3},{"damage":8,"enemies":"Orin","floor":36,"turns":7},{"damage":0,"enemies":"Orb Walker","floor":37,"turns":3},{"damage":21,"enemies":"Spire Growth","floor":38,"turns":5},{"damage":6,"enemies":"4 Shapes","floor":39,"turns":1}],"seed_played":"615655952314684724","potions_obtained":[{"floor":3,"key":"ColorlessPotion"},{"floor":4,"key":"Ancient Potion"},{"floor":5,"key":"SkillPotion"},{"floor":13,"key":"FairyPotion"},{"floor":18,"key":"Ancient Potion"},{"floor":22,"key":"SteroidPotion"},{"floor":24,"key":"Weak Potion"},{"floor":28,"key":"Regen Potion"},{"floor":37,"key":"Weak Potion"}],"is_trial":false,"path_per_floor":["M","?","M","M","M","R","M","M","T","R","?","M","?","$","R","B",null,"M","M","M","M","M","R","E","?","T","?","M","E","?","T","R","B",null,"M","?","M","M","M"],"character_chosen":"THE_STARBREAKER","items_purchased":["Lantern"],"campfire_rested":3,"item_purchase_floors":[14],"current_hp_per_floor":[60,60,60,60,58,58,58,58,58,58,51,48,39,39,57,36,60,39,36,8,3,10,28,27,27,27,27,18,18,12,12,30,42,60,29,21,21,8,2,2],"gold":117,"neow_bonus":"THREE_ENEMY_KILL","is_daily":false,"chose_seed":false,"campfire_upgraded":2,"win_rate":0.0,"timestamp":1610962633,"path_taken":["M","?","M","M","?","R","M","M","T","R","?","M","?","?","R","BOSS","M","M","M","M","M","R","E","?","T","?","M","E","?","?","R","BOSS","M","?","M","M","M"],"items_purchased_type":["Card"],"build_version":"2020-12-22","purchased_purges":0,"victory":false,"max_hp_per_floor":[60,60,60,60,60,60,60,60,60,60,60,60,60,60,60,60,60,60,60,60,60,60,60,60,60,60,60,60,60,60,60,60,60,60,60,60,60,60,60,60],"card_choices":[{"not_picked":["Moonworks:Assault","Moonworks:MixPhenomenon"],"picked":"Moonworks:LuckyCharm","floor":1},{"not_picked":["Moonworks:ImOnFire","Moonworks:Assault"],"picked":"Moonworks:IndiscriminateFireSupport","floor":3},{"not_picked":["Moonworks:Assault","Moonworks:ForcedRevival"],"picked":"Moonworks:EvilSpyWorkPreparation","floor":4},{"not_picked":["Moonworks:ImOnFire","Moonworks:BindingChains"],"picked":"Moonworks:DeployBits","floor":5},{"not_picked":["Moonworks:Assault","Moonworks:x16BigRocket","Moonworks:WindyEnchantment"],"picked":"SKIP","floor":7},{"not_picked":["Moonworks:IndiscriminateFireSupport","Moonworks:JonathanRush"],"picked":"Moonworks:RagingMadness","floor":8},{"not_picked":["Moonworks:MixPhenomenon","Moonworks:ExtendedPhotonRifle"],"picked":"Moonworks:Wanted","floor":12},{"not_picked":["Moonworks:ImOnFire","Moonworks:x16BigRocket"],"picked":"Moonworks:NicePresent","floor":13},{"not_picked":["Moonworks:AccelHyper","Moonworks:Blazing"],"picked":"Moonworks:HolyNight","floor":16},{"not_picked":["Moonworks:UnpaidWork","Moonworks:ImOnFire"],"picked":"Moonworks:EvilSpyWorkPreparation","floor":18},{"not_picked":["Moonworks:ImmovableObject","Moonworks:BigMagnum"],"picked":"Moonworks:SakisCookie","floor":19},{"not_picked":["Moonworks:BindingChains","Moonworks:BigMagnum"],"picked":"Moonworks:EvilSpyWorkPreparation","floor":20},{"not_picked":["Moonworks:ImOnFire","Moonworks:DeployBits"],"picked":"Moonworks:GoAway","floor":21},{"not_picked":["Moonworks:ImOnFire","Moonworks:BigMagnum"],"picked":"Moonworks:NicePresent+1","floor":22},{"not_picked":["Moonworks:BackdoorTrade","Moonworks:IndiscriminateFireSupport"],"picked":"Moonworks:CloudOfSeagulls+1","floor":24},{"not_picked":["Moonworks:ImOnFire","Moonworks:JonathanRush"],"picked":"Moonworks:LulusLuckyEgg+1","floor":28},{"not_picked":["Moonworks:BigBangBell","Moonworks:JonathanRush"],"picked":"Moonworks:Flamethrower","floor":29},{"not_picked":["Moonworks:ExtendedPhotonRifle","Moonworks:JonathanRush"],"picked":"Moonworks:Dash","floor":32},{"not_picked":["Moonworks:EvilMastermind","Moonworks:WeAreWaruda"],"picked":"Moonworks:AnotherUltimateWeapon","floor":33},{"not_picked":["Moonworks:LulusLuckyEgg+1","Moonworks:Assault"],"picked":"Moonworks:RedAndBlue+1","floor":35},{"not_picked":["Moonworks:SelfDestruct","Moonworks:ImOnFire+1"],"picked":"Moonworks:IndiscriminateFireSupport+1","floor":37},{"not_picked":["Moonworks:CloudOfSeagulls","Moonworks:LulusLuckyEgg+1"],"picked":"Moonworks:SealedMemories+1","floor":38}],"player_experience":356423,"relics_obtained":[{"floor":9,"key":"Juzu Bracelet"},{"floor":24,"key":"Dream Catcher"},{"floor":29,"key":"Whetstone"},{"floor":31,"key":"Gremlin Horn"},{"floor":36,"key":"CatCart"}],"event_choices":[{"damage_healed":0,"gold_gain":0,"cards_transformed":["Moonworks:Strike"],"player_choice":"Transformed","damage_taken":0,"max_hp_gain":0,"max_hp_loss":0,"event_name":"Transmorgrifier","floor":2,"gold_loss":0,"cards_obtained":["Moonworks:AwakeningOfTalent"]},{"cards_removed":["Moonworks:Strike"],"damage_healed":0,"gold_gain":0,"player_choice":"Card Removal","damage_taken":7,"max_hp_gain":0,"max_hp_loss":0,"event_name":"Golden Wing","floor":11,"gold_loss":0},{"damage_healed":0,"gold_gain":0,"player_choice":"Searched \u00272\u0027 times","damage_taken":0,"relics_obtained":["Pantograph"],"max_hp_gain":0,"max_hp_loss":0,"event_name":"Dead Adventurer","floor":13,"gold_loss":0},{"damage_healed":0,"gold_gain":0,"player_choice":"Obtained Relic","damage_taken":0,"relics_obtained":["Kunai"],"max_hp_gain":0,"max_hp_loss":0,"event_name":"Addict","floor":25,"gold_loss":85},{"damage_healed":0,"gold_gain":0,"player_choice":"Copied","damage_taken":0,"max_hp_gain":0,"max_hp_loss":0,"event_name":"Duplicator","floor":27,"gold_loss":0,"cards_obtained":["Moonworks:CloudOfSeagulls"]},{"damage_healed":0,"gold_gain":0,"player_choice":"","damage_taken":6,"max_hp_gain":0,"max_hp_loss":0,"event_name":"Knowing Skull","floor":30,"potions_obtained":[],"gold_loss":0,"cards_obtained":[]},{"damage_healed":0,"gold_gain":0,"player_choice":"Fight","damage_taken":0,"max_hp_gain":0,"max_hp_loss":0,"event_name":"OrinTheCat","floor":36,"gold_loss":0}],"is_beta":false,"boss_relics":[{"not_picked":["Calling Bell","Runic Dome"],"picked":"SlaversCollar"},{"not_picked":["Velvet Choker","Snecko Eye"],"picked":"Black Star"}],"items_purged_floors":[],"is_endless":false,"potions_floor_spawned":[3,4,5,13,16,18,22,24,28,37],"killed_by":"4 Shapes","ascension_level":0}}