{"host":"pkysykycfg9bua8p","time":1610965616,"event":{"mods":["AchievementEnabler","BaseMod","Better Third Choice","Filter the Spire","Minty Spire (QoL Compilation)","StSLib"],"gold_per_floor":[112,112,187,152,29,60,60,60,87,87,87,103,103,134,134,134,134],"floor_reached":16,"language":"ENG","playtime":581,"items_purged":["Strike_G"],"score":142,"play_id":"8ddd27a5-1535-48c0-b0d3-031a45e3c2eb","local_time":"20210118232656","is_ascension_mode":true,"campfire_choices":[{"data":"Riddle With Holes","floor":7,"key":"SMITH"},{"floor":10,"key":"REST"},{"floor":13,"key":"REST"},{"data":"Skewer","floor":15,"key":"SMITH"}],"circlet_count":0,"master_deck":["Strike_G","Strike_G","Strike_G","Strike_G","Defend_G","Defend_G","Defend_G","Defend_G","Defend_G","Survivor","Neutralize","Skewer+1","Flying Knee","Riddle With Holes+1"],"relics":["Ring of the Snake","Snake Skull","Nunchaku","PreservedInsect","Letter Opener"],"acts_visited":["Exordium"],"potions_floor_usage":[16],"damage_taken":[{"damage":0,"enemies":"Small Slimes","floor":1,"turns":3},{"damage":36,"enemies":"3 Sentries","floor":6,"turns":13},{"damage":0,"enemies":"Jaw Worm","floor":12,"turns":3},{"damage":0,"enemies":"Gremlin Nob","floor":14,"turns":2},{"damage":70,"enemies":"Hexaghost","floor":16,"turns":14}],"seed_played":"-5446712693094056832","potions_obtained":[{"floor":6,"key":"SteroidPotion"},{"floor":12,"key":"SkillPotion"}],"is_trial":false,"path_per_floor":["M","?","?","?","$","E","R","$","T","R","T","M","R","E","R","B"],"character_chosen":"THE_SILENT","items_purchased":["Flying Knee"],"campfire_rested":2,"item_purchase_floors":[5],"current_hp_per_floor":[70,70,59,70,70,34,34,34,34,55,55,55,70,70,70,0,0],"gold":134,"neow_bonus":"THREE_CARDS","is_daily":false,"chose_seed":false,"campfire_upgraded":2,"win_rate":0.0,"timestamp":1610965616,"path_taken":["M","?","?","?","$","E","R","$","T","R","?","M","R","E","R","BOSS"],"items_purchased_type":["Card"],"build_version":"2020-12-22","purchased_purges":1,"victory":false,"max_hp_per_floor":[70,70,70,70,70,70,70,70,70,70,70,70,70,70,70,70,70],"card_choices":[{"not_picked":["Dagger Spray","Masterful Stab"],"picked":"Skewer","floor":0},{"not_picked":["Backflip","Leg Sweep","Dagger Spray"],"picked":"SKIP","floor":1},{"not_picked":["Noxious Fumes","Masterful Stab"],"picked":"Riddle With Holes","floor":6},{"not_picked":["PiercingWail","Eviscerate","Escape Plan"],"picked":"SKIP","floor":12},{"not_picked":["Blade Dance","PiercingWail","Leg Sweep"],"picked":"SKIP","floor":14}],"player_experience":67748,"relics_obtained":[{"floor":6,"key":"Snake Skull"},{"floor":9,"key":"Nunchaku"},{"floor":11,"key":"PreservedInsect"},{"floor":14,"key":"Letter Opener"}],"event_choices":[{"damage_healed":70,"gold_gain":0,"player_choice":"Leave","damage_taken":0,"max_hp_gain":0,"max_hp_loss":70,"event_name":"betterThird:BetterShining","floor":2,"gold_loss":0},{"damage_healed":0,"gold_gain":75,"player_choice":"Gold","damage_taken":11,"max_hp_gain":0,"max_hp_loss":0,"event_name":"betterThird:BetterGoop","floor":3,"gold_loss":0},{"damage_healed":17,"gold_gain":0,"player_choice":"Healed","damage_taken":0,"max_hp_gain":0,"max_hp_loss":0,"event_name":"The Cleric","floor":4,"gold_loss":35}],"is_beta":false,"boss_relics":[],"items_purged_floors":[5],"is_endless":false,"potions_floor_spawned":[6,12],"killed_by":"Hexaghost","ascension_level":2}}