{"host":"f5mjulaw5aqlqmd7","time":1611010510,"event":{"mods":["Act Like it!","BaseMod","Colored Map","GifTheSpireLib","Hallownest","Minty Spire (QoL Compilation)","StSLib"],"gold_per_floor":[118,118,128,128,143,182,196,196,244,244,12,55,55,78,78,78,78],"floor_reached":16,"language":"ENG","playtime":785,"items_purged":[],"score":110,"play_id":"4d2a6174-48a1-4f6e-b25f-7233aebcf317","local_time":"20210118175510","is_ascension_mode":false,"campfire_choices":[{"floor":10,"key":"REST"},{"floor":15,"key":"REST"}],"circlet_count":0,"master_deck":["Strike_G","Strike_G","Strike_G","Strike_G","Strike_G","Defend_G","Defend_G","Defend_G","Defend_G","Defend_G","Survivor","Neutralize","Dagger Throw","All Out Attack","Injury","Deflect","A Thousand Cuts","Deflect","Accuracy","Swift Strike","Underhanded Strike","Deadly Poison","Cloak And Dagger","Prepared"],"relics":["Ring of the Snake","NeowsBlessing","Golden Idol","Ninja Scroll","PreservedInsect","Bag of Marbles","Letter Opener"],"acts_visited":["Exordium"],"potions_floor_usage":[],"damage_taken":[{"damage":0,"enemies":"Jaw Worm","floor":1,"turns":1},{"damage":0,"enemies":"Small Slimes","floor":3,"turns":1},{"damage":0,"enemies":"2 Louse","floor":5,"turns":1},{"damage":56,"enemies":"Gremlin Nob","floor":6,"turns":6},{"damage":12,"enemies":"Exordium Wildlife","floor":7,"turns":3},{"damage":5,"enemies":"3 Sentries","floor":12,"turns":4},{"damage":0,"enemies":"Red Slaver","floor":14,"turns":1},{"damage":51,"enemies":"The Guardian","floor":16,"turns":10}],"seed_played":"7375952205913374036","potions_obtained":[{"floor":6,"key":"Ancient Potion"},{"floor":7,"key":"CunningPotion"},{"floor":12,"key":"CunningPotion"}],"is_trial":false,"path_per_floor":["M","?","M","?","M","E","M","?","T","R","$","E","T","M","R","B"],"character_chosen":"THE_SILENT","items_purchased":["Accuracy","Swift Strike","Underhanded Strike","Deadly Poison"],"campfire_rested":2,"item_purchase_floors":[11,11,11,11],"current_hp_per_floor":[70,70,70,70,70,14,2,2,2,23,23,18,18,18,39,0,0],"gold":78,"neow_bonus":"THREE_ENEMY_KILL","is_daily":false,"chose_seed":false,"campfire_upgraded":0,"win_rate":0.0,"timestamp":1611010510,"path_taken":["M","?","M","?","M","E","M","?","T","R","$","E","?","M","R","BOSS"],"items_purchased_type":["Card","Card","Card","Card"],"build_version":"2020-12-22","purchased_purges":0,"victory":false,"max_hp_per_floor":[70,70,70,70,70,70,70,70,70,70,70,70,70,70,70,70,70],"card_choices":[{"not_picked":["Acrobatics","Underhanded Strike"],"picked":"Dagger Throw","floor":1},{"not_picked":["Expertise","Riddle With Holes"],"picked":"All Out Attack","floor":3},{"not_picked":["Prepared","PiercingWail"],"picked":"Deflect","floor":5},{"not_picked":["Reflex","Dagger Throw"],"picked":"A Thousand Cuts","floor":6},{"not_picked":["Quick Slash","PiercingWail"],"picked":"Deflect","floor":7},{"not_picked":["Dodge and Roll","Acrobatics"],"picked":"Cloak And Dagger","floor":12},{"not_picked":["Underhanded Strike","Skewer"],"picked":"Prepared","floor":14}],"player_experience":20636,"relics_obtained":[{"floor":6,"key":"Ninja Scroll"},{"floor":9,"key":"PreservedInsect"},{"floor":12,"key":"Bag of Marbles"},{"floor":13,"key":"Letter Opener"}],"event_choices":[{"damage_healed":0,"gold_gain":0,"player_choice":"Ignored","damage_taken":0,"max_hp_gain":0,"max_hp_loss":0,"event_name":"Golden Wing","floor":2,"gold_loss":0},{"damage_healed":0,"gold_gain":0,"player_choice":"Take Wound","damage_taken":0,"relics_obtained":["Golden Idol"],"max_hp_gain":0,"max_hp_loss":0,"event_name":"Golden Idol","floor":4,"gold_loss":0,"cards_obtained":["Injury"]},{"damage_healed":0,"gold_gain":0,"player_choice":"Fled","damage_taken":0,"max_hp_gain":0,"max_hp_loss":0,"event_name":"Scrap Ooze","floor":8,"gold_loss":0}],"is_beta":false,"boss_relics":[],"items_purged_floors":[],"is_endless":false,"potions_floor_spawned":[6,7,12,14],"killed_by":"The Guardian","ascension_level":0}}