{"host":"txhhdwa0hqfs4jhb","time":1611008062,"event":{"mods":["BaseMod","Better Third Choice","Filter the Spire","Fox Events","Minty Spire (QoL Compilation)","Relic Stats","Replay The Spire","StSLib","Thieving Mod"],"gold_per_floor":[111,111,286,53,53,82,99,99,99,127,127,82,82,100,100,205,205,217,237,76,76,86,120,120,120,120,120,147,166,184,215,215,316,316,366,44,44,44,64,91,91,91,91,118,118,137,137,137,330,343,343,343],"floor_reached":53,"language":"ENG","playtime":2352,"items_purged":["Doubt"],"score":1300,"play_id":"f3269d1d-c047-40bc-ad11-2064e669405b","local_time":"20210118221422","is_ascension_mode":true,"campfire_choices":[{"floor":8.0,"key":"REST"},{"data":"Vault","floor":11.0,"key":"SMITH"},{"data":"Eruption","floor":13.0,"key":"SMITH"},{"data":"Wallop","floor":15.0,"key":"SMITH"},{"floor":24,"key":"REST"},{"floor":27,"key":"REST"},{"floor":32,"key":"REST"},{"data":"TalkToTheHand","floor":41,"key":"SMITH"},{"floor":51,"key":"REST"}],"circlet_count":0,"master_deck":["Strike_P+1","Strike_P","Strike_P+1","Strike_P","Defend_P+1","Defend_P","Defend_P+1","Eruption+1","Vigilance","FlurryOfBlows+1","TalkToTheHand+1","Eruption+1","LessonLearned","Vault+1","Vengeance","Halt+1","TalkToTheHand+1","Halt+1","Wallop+1","ConjureBlade+1","CurseOfTheBell","BowlingBash+1","Evaluate+1","TalkToTheHand+1","EmptyBody+1","Conclude","Omniscience+1","FlurryOfBlows+1","FlurryOfBlows+1","Replay:AtTheReady+1","Replay:Cycle+1","Wish+1","Wallop+1","EmptyBody+1","Evaluate+1","Replay:AtTheReady+1","InnerPeace+1","TalkToTheHand","Discovery+1","Violence+1","Metamorphosis+1","EmptyFist+1","SpiritShield+1"],"relics":["Philosopher\u0027s Stone","Replay:Wax Seal","Pocketwatch","Toxic Egg 2","Turnip","DollysMirror","Calling Bell","Pet Ghost","Mercury Hourglass","Replay:Towering Pillar of Hats","Blue Doll","Smiling Mask","Oddly Smooth Stone","Replay:Mystery Machine","ChewingGum","Sling","Bag of Marbles","Gambling Chip","Orichalcum","Juzu Bracelet"],"acts_visited":["Exordium","TheCity","TheBeyond"],"potions_floor_usage":[23,23,31,40,44,52,52,52],"damage_taken":[{"damage":18.0,"enemies":"Jaw Worm","floor":1.0,"turns":2.0},{"damage":11.0,"enemies":"Gremlin Nob","floor":6.0,"turns":3.0},{"damage":0.0,"enemies":"Small Slimes","floor":7.0,"turns":2.0},{"damage":6.0,"enemies":"3 Sentries","floor":10.0,"turns":4.0},{"damage":0.0,"enemies":"2 Louse","floor":14.0,"turns":1.0},{"damage":0.0,"enemies":"Fading Forest","floor":16.0,"turns":12.0},{"damage":18.0,"enemies":"Chosen","floor":18.0,"turns":4.0},{"damage":9.0,"enemies":"2 Thieves","floor":19.0,"turns":3.0},{"damage":24,"enemies":"Chosen and Byrds","floor":22,"turns":5},{"damage":0,"enemies":"Gremlin Leader","floor":23,"turns":4},{"damage":7,"enemies":"Book of Stabbing","floor":28,"turns":4},{"damage":0,"enemies":"Cultist and Chosen","floor":29,"turns":2},{"damage":0,"enemies":"Centurion and Healer","floor":30,"turns":5},{"damage":24,"enemies":"Slavers","floor":31,"turns":3},{"damage":0,"enemies":"Collector","floor":33,"turns":8},{"damage":0,"enemies":"Orb Walker","floor":35,"turns":4},{"damage":0,"enemies":"3 Shapes","floor":39,"turns":2},{"damage":0,"enemies":"Reptomancer","floor":40,"turns":4},{"damage":0,"enemies":"R_Hoarder","floor":44,"turns":4},{"damage":0,"enemies":"3 Darklings","floor":46,"turns":2},{"damage":18,"enemies":"Writhing Mass","floor":50,"turns":4},{"damage":27,"enemies":"Awakened One","floor":52,"turns":11}],"seed_played":"8060425375118697080","potions_obtained":[{"floor":6.0,"key":"BottledMiracle"},{"floor":7.0,"key":"AttackPotion"},{"floor":10.0,"key":"Energy Potion"},{"floor":16.0,"key":"BottledMiracle"},{"floor":22,"key":"Dexterity Potion"},{"floor":28,"key":"SpeedPotion"},{"floor":29,"key":"Strength Potion"},{"floor":30,"key":"SkillPotion"},{"floor":39,"key":"BottledMiracle"},{"floor":44,"key":"Swift Potion"}],"is_trial":false,"path_per_floor":["M","?","?","$","?","E","M","R","T","E","R","$","R","M","R","B",null,"M","M","$","?","M","E","R","?","T","R","E","M","M","E","R","B",null,"M","$","?","?","M","E","R","PTL","PTL","E","T","M","?","?","?","M","R","B",null],"character_chosen":"WATCHER","items_purchased":["Replay:Wax Seal","TalkToTheHand","Halt+1","TalkToTheHand","EmptyBody+1","Conclude","EmptyBody+1","Sling","Bag of Marbles"],"campfire_rested":5,"item_purchase_floors":[4,4,12,20,20,20,36,36,36],"current_hp_per_floor":[47,47,47,47,47,36,36,57,57,51,51,51,51,51,51,72,72,54,45,45,45,21,21,42,42,42,63,56,56,56,32,53,53,67,67,67,67,67,67,67,67,67,67,67,67,67,67,57,30,12,32,5],"gold":343,"neow_bonus":"BOSS_RELIC","is_daily":false,"chose_seed":false,"campfire_upgraded":4,"win_rate":0.0,"timestamp":1611008062,"path_taken":["M","?","?","$","?","E","?","R","T","E","R","?","R","M","R","BOSS","M","?","$","?","M","E","R","?","T","R","E","M","M","E","R","BOSS","M","$","?","?","?","E","R","PTL","PTL","E","T","M","?","?","?","M","R","BOSS"],"items_purchased_type":["Relic","Card","Card","Card","Card","Card","Card","Relic","Relic"],"build_version":"2020-12-22","purchased_purges":1,"victory":true,"max_hp_per_floor":[72,72,72,72,72,72,72,72,72,72,72,72,72,72,72,72,72,72,72,72,72,72,72,72,72,72,72,72,72,72,72,72,72,72,72,72,72,68,68,68,68,68,68,68,68,68,68,68,68,68,68,68],"relic_stats":{"counters":[22,91],"Gambling Chip":[5],"Turnip":[8],"Juzu Bracelet":0,"Orichalcum":[0],"Smiling Mask":0,"obtain_stats":[{"Replay:Towering Pillar of Hats":17,"Oddly Smooth Stone":28,"Blue Doll":23,"Juzu Bracelet":45,"Replay:Mystery Machine":31,"Orichalcum":44,"Smiling Mask":26,"Sling":36,"Pet Ghost":17,"Mercury Hourglass":17,"Calling Bell":17,"DollysMirror":12,"Gambling Chip":40,"Philosopher\u0027s Stone":0,"ChewingGum":34,"Turnip":10,"Bag of Marbles":36,"PureWater":0,"Replay:Wax Seal":4,"Toxic Egg 2":9,"Pocketwatch":6},{"Replay:Towering Pillar of Hats":6,"Oddly Smooth Stone":11,"Blue Doll":10,"Juzu Bracelet":19,"Replay:Mystery Machine":14,"Orichalcum":19,"Smiling Mask":10,"Sling":16,"Pet Ghost":6,"Mercury Hourglass":6,"Calling Bell":6,"DollysMirror":4,"Gambling Chip":18,"Philosopher\u0027s Stone":0,"ChewingGum":15,"Turnip":4,"Bag of Marbles":16,"PureWater":0,"Replay:Wax Seal":1,"Toxic Egg 2":3,"Pocketwatch":2},{"Replay:Towering Pillar of Hats":24,"Oddly Smooth Stone":44,"Blue Doll":40,"Juzu Bracelet":74,"Replay:Mystery Machine":54,"Orichalcum":74,"Smiling Mask":40,"Sling":66,"Pet Ghost":24,"Mercury Hourglass":24,"Calling Bell":24,"DollysMirror":11,"Gambling Chip":71,"Philosopher\u0027s Stone":0,"ChewingGum":62,"Turnip":11,"Bag of Marbles":66,"PureWater":0,"Replay:Wax Seal":2,"Toxic Egg 2":7,"Pocketwatch":5}],"Pocketwatch":[36],"Mercury Hourglass":[272]},"card_choices":[{"not_picked":["SashWhip","Perseverance"],"picked":"FlurryOfBlows","floor":1.0},{"not_picked":["Conclude","Prostrate"],"picked":"Vault","floor":6.0},{"not_picked":["EmptyMind","CrushJoints"],"picked":"Vengeance","floor":7.0},{"not_picked":["Prostrate+1","Replay:AtTheReady+1"],"picked":"Halt+1","floor":10.0},{"not_picked":["Indignation+1","DeceiveReality+1"],"picked":"Wallop","floor":14.0},{"not_picked":["DeusExMachina+1","Alpha+1"],"picked":"ConjureBlade+1","floor":16.0},{"not_picked":["Crescendo+1","ClearTheMind+1"],"picked":"BowlingBash","floor":18.0},{"not_picked":["EmptyFist","Swivel+1"],"picked":"Evaluate+1","floor":19.0},{"not_picked":["Replay:DivineShield+1","JustLucky+1"],"picked":"Omniscience+1","floor":22},{"not_picked":["LessonLearned","PathToVictory+1"],"picked":"FlurryOfBlows","floor":23},{"not_picked":["DeceiveReality+1","LikeWater"],"picked":"FlurryOfBlows+1","floor":28},{"not_picked":["Crescendo+1","Vengeance+1"],"picked":"Replay:AtTheReady+1","floor":29},{"not_picked":["Sanctity+1","SashWhip+1"],"picked":"Meditate+1","floor":30},{"not_picked":["SignatureMove","WreathOfFlame+1"],"picked":"Replay:Cycle+1","floor":31},{"not_picked":["Devotion","Replay:AllIn+1"],"picked":"Wish+1","floor":33},{"not_picked":["FollowUp+1","CrushJoints"],"picked":"Wallop+1","floor":35},{"not_picked":["ForeignInfluence+1","Consecrate+1"],"picked":"Evaluate+1","floor":39},{"not_picked":["Consecrate+1","JustLucky"],"picked":"Replay:AtTheReady+1","floor":40},{"not_picked":["EmptyFist","Replay:AtTheReady+1"],"picked":"InnerPeace+1","floor":44},{"not_picked":["Meditate+1","Collect+1"],"picked":"TalkToTheHand","floor":46},{"not_picked":["Transmutation+1","Sadistic Nature"],"picked":"Discovery+1","floor":48},{"not_picked":["Forethought+1","Dramatic Entrance"],"picked":"Violence+1","floor":48},{"not_picked":["Secret Technique+1","Flash of Steel"],"picked":"Metamorphosis+1","floor":48},{"not_picked":["Prostrate+1","Consecrate+1"],"picked":"EmptyFist","floor":49},{"not_picked":["FearNoEvil","ClearTheMind+1"],"picked":"SpiritShield+1","floor":50}],"player_experience":264632,"relics_obtained":[{"floor":6.0,"key":"Pocketwatch"},{"floor":9.0,"key":"Toxic Egg 2"},{"floor":10.0,"key":"Turnip"},{"floor":17.0,"key":"Pet Ghost"},{"floor":17.0,"key":"Mercury Hourglass"},{"floor":17.0,"key":"Replay:Towering Pillar of Hats"},{"floor":23,"key":"Blue Doll"},{"floor":26,"key":"Smiling Mask"},{"floor":28,"key":"Oddly Smooth Stone"},{"floor":31,"key":"Replay:Mystery Machine"},{"floor":40,"key":"Gambling Chip"},{"floor":44,"key":"Orichalcum"},{"floor":45,"key":"Juzu Bracelet"}],"event_choices":[{"damage_healed":0.0,"max_hp_gain":0.0,"max_hp_loss":0.0,"gold_gain":175.0,"event_name":"betterThird:BetterSerpent","player_choice":"AGREE","floor":3.0,"gold_loss":0.0,"damage_taken":111.0},{"damage_healed":0.0,"max_hp_gain":0.0,"max_hp_loss":0.0,"gold_gain":0.0,"event_name":"Match and Keep!","player_choice":"2 cards matched","floor":5.0,"gold_loss":0.0,"damage_taken":0.0,"cards_obtained":["Eruption","LessonLearned"]},{"damage_healed":0,"gold_gain":0,"player_choice":"Forge","damage_taken":0,"max_hp_gain":0,"max_hp_loss":0,"event_name":"Accursed Blacksmith","floor":25,"gold_loss":0,"cards_upgraded":["FlurryOfBlows"]},{"cards_removed":["Meditate"],"damage_healed":0,"gold_gain":0,"player_choice":"Removed Skill","damage_taken":0,"max_hp_gain":0,"max_hp_loss":0,"event_name":"Falling","floor":37,"gold_loss":0},{"damage_healed":0,"gold_gain":0,"player_choice":"Max HP","damage_taken":0,"max_hp_gain":0,"max_hp_loss":4,"event_name":"Winding Halls","floor":38,"gold_loss":0},{"damage_healed":0,"gold_gain":0,"player_choice":"Memory 3","damage_taken":10,"max_hp_gain":0,"max_hp_loss":0,"event_name":"SensoryStone","floor":48,"gold_loss":0}],"is_beta":false,"boss_relics":[{"not_picked":["SacredBark","Runic Pyramid"],"picked":"Calling Bell"},{"not_picked":["Snecko Heart","Velvet Choker"],"picked":"ChewingGum"}],"items_purged_floors":[4],"is_endless":false,"potions_floor_spawned":[6,7,10,16,22,28,29,30,39,44,46],"ascension_level":6}}