{"host":"15dd7v8o90xso62x","time":1611005181,"event":{"mods":["BaseMod","Minty Spire (QoL Compilation)","Quick Restart","StSLib","SuperFastMode"],"gold_per_floor":[114,114,114,114,114,144,144,164,189,217,217,228,228,255,255,255,255],"floor_reached":16,"language":"KOR","playtime":350,"items_purged":[],"score":282,"play_id":"f78c2962-df0a-4615-bcfa-e19f0c0711a1","local_time":"20210119062621","is_ascension_mode":true,"campfire_choices":[{"data":"Neutralize","floor":7.0,"key":"SMITH"},{"floor":11,"key":"REST"},{"data":"Dagger Spray","floor":13,"key":"SMITH"},{"data":"Tactician","floor":15,"key":"SMITH"}],"circlet_count":0,"master_deck":["AscendersBane","Strike_G","Strike_G+1","Strike_G","Strike_G","Defend_G","Defend_G","Defend_G","Defend_G","Survivor","Neutralize+1","Dash+1","Dagger Spray+1","Tactician+1","Corpse Explosion","Backstab","Dagger Throw"],"relics":["Ring of the Snake","NeowsBlessing","Prayer Wheel","MealTicket","Akabeko","Vajra","Pear"],"acts_visited":["Exordium"],"potions_floor_usage":[14,16],"damage_taken":[{"damage":0.0,"enemies":"2 Louse","floor":1.0,"turns":1.0},{"damage":0.0,"enemies":"Lagavulin","floor":6.0,"turns":1.0},{"damage":0.0,"enemies":"Jaw Worm","floor":8.0,"turns":1.0},{"damage":31,"enemies":"Gremlin Nob","floor":10,"turns":5},{"damage":0,"enemies":"Small Slimes","floor":12,"turns":2},{"damage":17,"enemies":"Lagavulin","floor":14,"turns":4},{"damage":30,"enemies":"The Guardian","floor":16,"turns":11}],"seed_played":"1009874977183280001","potions_obtained":[{"floor":10,"key":"Strength Potion"},{"floor":14,"key":"AttackPotion"}],"is_trial":false,"path_per_floor":["M","?","?","T","?","E","R","M","T","E","R","M","R","E","R","B"],"character_chosen":"THE_SILENT","items_purchased":[],"campfire_rested":1,"item_purchase_floors":[],"current_hp_per_floor":[59,59,39,39,39,39,39,39,39,8,27,27,27,20,20,0,0],"gold":255,"neow_bonus":"THREE_ENEMY_KILL","is_daily":false,"chose_seed":false,"campfire_upgraded":3,"win_rate":0.0,"timestamp":1611005181,"path_taken":["M","?","?","?","?","E","R","M","T","E","R","M","R","E","R","BOSS"],"items_purchased_type":[],"build_version":"2020-12-22","purchased_purges":0,"victory":false,"max_hp_per_floor":[66,66,66,66,66,66,66,66,66,66,66,66,66,76,76,76,76],"card_choices":[{"not_picked":["Underhanded Strike","Slice"],"picked":"Dash","floor":1.0},{"not_picked":["Cloak And Dagger","Expertise"],"picked":"Dagger Spray","floor":6.0},{"not_picked":["Flying Knee","Catalyst"],"picked":"Tactician","floor":8.0},{"not_picked":["Deadly Poison","Deflect"],"picked":"Corpse Explosion","floor":8.0},{"not_picked":["Quick Slash","Flechettes","Cloak And Dagger"],"picked":"SKIP","floor":10},{"not_picked":["Poisoned Stab","Well Laid Plans"],"picked":"Backstab","floor":12},{"not_picked":["Quick Slash","Masterful Stab","Underhanded Strike"],"picked":"SKIP","floor":12},{"not_picked":["Deadly Poison","Dodge and Roll"],"picked":"Dagger Throw","floor":14}],"player_experience":1046646,"relics_obtained":[{"floor":4.0,"key":"Prayer Wheel"},{"floor":6.0,"key":"MealTicket"},{"floor":9.0,"key":"Akabeko"},{"floor":10,"key":"Vajra"},{"floor":14,"key":"Pear"}],"event_choices":[{"cards_removed":["Defend_G"],"damage_healed":0.0,"max_hp_gain":0.0,"max_hp_loss":0.0,"gold_gain":0.0,"event_name":"Living Wall","player_choice":"Forget","floor":2.0,"gold_loss":0.0,"damage_taken":0.0},{"damage_healed":0.0,"max_hp_gain":0.0,"max_hp_loss":0.0,"gold_gain":0.0,"event_name":"Shining Light","player_choice":"Entered Light","floor":3.0,"gold_loss":0.0,"damage_taken":20.0,"cards_upgraded":["Strike_G","Dash"]},{"cards_removed":["Strike_G"],"damage_healed":0.0,"max_hp_gain":0.0,"max_hp_loss":0.0,"gold_gain":0.0,"event_name":"Bonfire Elementals","player_choice":"Offered Basic","floor":5.0,"gold_loss":0.0,"damage_taken":0.0}],"is_beta":false,"boss_relics":[],"items_purged_floors":[],"is_endless":false,"potions_floor_spawned":[10,14],"killed_by":"The Guardian","ascension_level":20}}