{"host":"4qt77pm52ljaz00q","time":1611000267,"event":{"mods":["2.2 Compatiblity","BaseMod","Colored Map","Downfall","Minty Spire (QoL Compilation)","Relic Sorter","StSLib","Unknown Chances"],"gold_per_floor":[99,99,99,99,199,234,234,254,254,54,74,74,5,19,35,139,139,139,150,150,160,173,192,192,207,239,256,156,168,168,181,191,291,291,291,303,321,51,65,65,65,78,92,112,112,112],"floor_reached":45,"language":"ENG","playtime":1933,"items_purged":[],"score":468,"play_id":"5022d478-4a42-4db6-861e-0b31521af87e","local_time":"20210118150427","is_ascension_mode":false,"campfire_choices":[{"floor":1.0,"key":"RECALL"},{"data":"bronze:Virus","floor":10.0,"key":"SMITH"},{"data":"bronze:Iterate","floor":12.0,"key":"SMITH"},{"data":"bronze:FineTuning","floor":18,"key":"SMITH"},{"data":"bronze:Boost","floor":28,"key":"SMITH"},{"data":"bronze:CloningBeam","floor":30,"key":"SMITH"},{"data":"bronze:HardenedForm","floor":35,"key":"SMITH"}],"circlet_count":0,"master_deck":["bronze:Strike","bronze:Strike","bronze:Strike","bronze:Defend","bronze:Defend","bronze:Defend","bronze:Defend","bronze:Replicate+1","bronze:Goto","bronze:Iterate+1","bronze:Virus+1","bronze:Flail","bronze:DelayedSlice","bronze:Iterate","bronze:Boost+1","bronze:FineTuning+1","bronze:Format","bronze:ClassDefault+1","bronze:ForLoop","bronze:Philosophize","bronze:FollowUp","bronze:CloningBeam+1","bronze:Repair","bronze:HardenedForm+1","bronze:Repulsor+1","bronze:AlphaBuild","bronze:Repulsor+1"],"relics":["bronze:PlatinumCore","downfall:HeartsMalice","Potion Belt","Thread and Needle","downfall:HeartBlessingRed","downfall:HeartBlessingBlue","Pantograph","Bottled Lightning","downfall:HeartBlessingGreen","Philosopher\u0027s Stone","Incense Burner","Bronze Scales","Nunchaku"],"acts_visited":["Exordium","TheCity","TheBeyond"],"potions_floor_usage":[26,26,26,29,33,38,45],"damage_taken":[{"damage":0.0,"enemies":"Small Slimes","floor":2.0,"turns":1.0},{"damage":0.0,"enemies":"Cultist","floor":4.0,"turns":1.0},{"damage":0.0,"enemies":"downfall:LadyInBlue","floor":5.0,"turns":1.0},{"damage":35.0,"enemies":"3 Sentries","floor":6.0,"turns":7.0},{"damage":7.0,"enemies":"Jaw Worm","floor":8.0,"turns":2.0},{"damage":1.0,"enemies":"Gremlin Gang","floor":11.0,"turns":3.0},{"damage":6.0,"enemies":"downfall:FleeingMerchant","floor":13.0,"turns":4.0},{"damage":3.0,"enemies":"Blue Slaver","floor":14.0,"turns":2.0},{"damage":0.0,"enemies":"Exordium Thugs","floor":15.0,"turns":3.0},{"damage":9,"enemies":"WA_ARCHETYPE_RETAIN","floor":16,"turns":3},{"damage":0,"enemies":"Spheric Guardian","floor":19,"turns":3},{"damage":0,"enemies":"Chosen","floor":21,"turns":2},{"damage":20,"enemies":"Snake Plant","floor":22,"turns":4},{"damage":4,"enemies":"Centurion and Healer","floor":23,"turns":4},{"damage":13,"enemies":"Snecko","floor":25,"turns":4},{"damage":57,"enemies":"Gremlin Leader","floor":26,"turns":10},{"damage":6,"enemies":"Sentry and Sphere","floor":27,"turns":4},{"damage":1,"enemies":"Centurion and Healer","floor":29,"turns":3},{"damage":14,"enemies":"Snecko","floor":31,"turns":5},{"damage":1,"enemies":"3 Cultists","floor":32,"turns":4},{"damage":32,"enemies":"DF_ARCHETYPE_CLAW","floor":33,"turns":5},{"damage":23,"enemies":"3 Shapes","floor":36,"turns":4},{"damage":16,"enemies":"Orb Walker","floor":37,"turns":4},{"damage":0,"enemies":"downfall:FleeingMerchant","floor":38,"turns":3},{"damage":0,"enemies":"3 Darklings","floor":39,"turns":4},{"damage":0,"enemies":"Jaw Worm Horde","floor":42,"turns":3},{"damage":35,"enemies":"4 Shapes","floor":43,"turns":4},{"damage":25,"enemies":"Spire Growth","floor":44,"turns":5},{"damage":65,"enemies":"Reptomancer","floor":45,"turns":4}],"seed_played":"-3248589717464716604","potions_obtained":[{"floor":5.0,"key":"DuplicationPotion"},{"floor":5.0,"key":"Fruit Juice"},{"floor":5.0,"key":"SneckoOil"},{"floor":6.0,"key":"Fire Potion"},{"floor":11.0,"key":"Regen Potion"},{"floor":14.0,"key":"Block Potion"},{"floor":16,"key":"Regen Potion"},{"floor":19,"key":"ColorlessPotion"},{"floor":20,"key":"DistilledChaos"},{"floor":29,"key":"sneckomod:MuddlingPotion"},{"floor":32,"key":"DistilledChaos"},{"floor":36,"key":"Guardian:BlockOnCardUsePotion"},{"floor":39,"key":"Fire Potion"},{"floor":42,"key":"BlessingOfTheForge"}],"is_trial":false,"path_per_floor":["R","M","?","M","?","E","T","M","?","R","M","R","$","M","M","B",null,"R","M","?","M","M","M","T","M","E","M","R","M","R","M","M","B",null,"R","M","M","$","M","?","T","M","M","M","E"],"character_chosen":"THE_AUTOMATON","items_purchased":["bronze:Iterate","bronze:AlphaBuild","Incense Burner","Bronze Scales"],"campfire_rested":0,"item_purchase_floors":[13,38,38,38],"current_hp_per_floor":[70,70,70,70,70,40,40,33,33,43,42,42,36,33,33,24,85,85,85,85,85,65,61,61,48,40,34,34,33,33,19,18,18,85,85,62,54,54,69,69,69,69,34,16,0,0],"gold":112,"neow_bonus":"THREE_ENEMY_KILL","is_daily":false,"chose_seed":false,"campfire_upgraded":6,"win_rate":0.0,"timestamp":1611000267,"path_taken":["R","M","?","?","?","E","T","?","?","R","M","R","?","M","M","BOSS","R","M","?","?","M","M","T","M","E","M","R","M","R","M","M","BOSS","R","M","M","$","M","?","T","M","M","M","E"],"items_purchased_type":["Card","Card","Relic","Relic"],"build_version":"2020-12-22","purchased_purges":0,"victory":false,"max_hp_per_floor":[70,70,70,70,70,75,75,75,75,85,85,85,85,85,85,85,85,85,85,85,85,85,85,85,85,85,85,85,85,85,85,85,85,85,85,85,85,85,85,85,85,85,85,85,85,85],"card_choices":[{"not_picked":["bronze:BitShift","bronze:BuggyMess","bronze:Deprecate"],"picked":"SKIP","floor":2.0},{"not_picked":["bronze:Shield","bronze:CutThrough"],"picked":"bronze:Iterate","floor":4.0},{"not_picked":["bronze:DigitalCarnage","bronze:Repair"],"picked":"bronze:Virus","floor":6.0},{"not_picked":["bronze:BuggyMess","bronze:OilSpill"],"picked":"bronze:Flail","floor":8.0},{"not_picked":["bronze:Invalidate","bronze:DelayedGuard","bronze:Backtrace"],"picked":"SKIP","floor":11.0},{"not_picked":["bronze:Invalidate","bronze:OilSpill"],"picked":"bronze:DelayedSlice","floor":13.0},{"not_picked":["bronze:WildBeam","bronze:Assembly"],"picked":"bronze:Boost","floor":14.0},{"not_picked":["bronze:OilSpill","bronze:MaxOutput"],"picked":"bronze:FineTuning","floor":15.0},{"not_picked":["bronze:Mutator","bronze:SpaghettiCode"],"picked":"bronze:Format","floor":16},{"not_picked":["bronze:Turbo+1","bronze:CutThrough"],"picked":"bronze:ClassDefault+1","floor":19},{"not_picked":["bronze:Turbo","bronze:WhirlingStrike+1"],"picked":"bronze:ForLoop","floor":21},{"not_picked":["bronze:Overheat","bronze:BugBarrage"],"picked":"bronze:Philosophize","floor":22},{"not_picked":["bronze:DelayedGuard+1","bronze:Invalidate"],"picked":"bronze:FollowUp","floor":23},{"not_picked":["bronze:Frontload","bronze:ChosenStrike+1","bronze:BronzeArmor"],"picked":"SKIP","floor":25},{"not_picked":["bronze:BurnOut","bronze:DigitalCarnage"],"picked":"bronze:CloningBeam","floor":26},{"not_picked":["bronze:Invalidate","bronze:Frontload","bronze:WildBeam"],"picked":"SKIP","floor":27},{"not_picked":["bronze:DigitalCarnage","bronze:BuggyMess+1","bronze:Optimize"],"picked":"SKIP","floor":29},{"not_picked":["bronze:Optimize","bronze:BitShift+1","bronze:BuggyMess"],"picked":"SKIP","floor":31},{"not_picked":["bronze:WildBeam+1","bronze:Overheat"],"picked":"bronze:Repair","floor":32},{"not_picked":["bronze:CleanCode","bronze:Verify"],"picked":"bronze:HardenedForm","floor":33},{"not_picked":["bronze:Overheat","bronze:FineTuning+1"],"picked":"bronze:Repulsor+1","floor":36},{"not_picked":["bronze:Frontload","bronze:DelayedGuard+1","bronze:OilSpill"],"picked":"SKIP","floor":37},{"not_picked":["bronze:OilSpill+1","bronze:BuggyMess+1","bronze:ItsAFeature"],"picked":"SKIP","floor":38},{"not_picked":["bronze:DelayedGuard","bronze:DigitalCarnage+1","bronze:WildBeam"],"picked":"SKIP","floor":39},{"not_picked":["bronze:Invalidate","bronze:Deprecate","bronze:DelayedGuard+1"],"picked":"SKIP","floor":42},{"not_picked":["bronze:BitShift+1","bronze:Safeguard"],"picked":"bronze:Repulsor+1","floor":43},{"not_picked":["bronze:ForLoop+1","bronze:ForceShield+1","bronze:DelayedSlice"],"picked":"SKIP","floor":44}],"player_experience":195287,"relics_obtained":[{"floor":5.0,"key":"Potion Belt"},{"floor":6.0,"key":"Thread and Needle"},{"floor":24,"key":"Pantograph"},{"floor":26,"key":"Bottled Lightning"},{"floor":41,"key":"Nunchaku"}],"event_choices":[{"damage_healed":0,"gold_gain":0,"player_choice":"Got Potions","damage_taken":0,"max_hp_gain":0,"max_hp_loss":0,"event_name":"Lab","floor":20,"gold_loss":0},{"damage_healed":0,"gold_gain":0,"player_choice":"Ignored","damage_taken":0,"max_hp_gain":0,"max_hp_loss":0,"event_name":"NoteForYourself","floor":40,"gold_loss":0}],"is_beta":false,"boss_relics":[{"not_picked":["Empty Cage","bronze:MakeshiftBattery"],"picked":"bronze:PlatinumCore"},{"not_picked":["Black Star","Sozu"],"picked":"Philosopher\u0027s Stone"}],"items_purged_floors":[],"is_endless":false,"potions_floor_spawned":[6,11,14,16,19,22,23,29,32,36,39,42],"killed_by":"Reptomancer","ascension_level":0}}