{"host":"eemx8njkng76fu5x","time":1611011120,"event":{"mods":["2.2 Compatiblity","BaseMod","Downfall","Minty Spire (QoL Compilation)","Permanent Neow","StSLib","Unceasing Turn Reminder","Unknown Chances"],"gold_per_floor":[99,114,128,128,139,164,164,197,372,203,223,223,123,8,25,129,179,179,197,207,42,58,78,78,78,178,210,10,27,27,247,258,362,362,362,379,434,454,51,66,143,143,143,156,171,184,213,228,248,248,248,248,248],"floor_reached":52,"language":"ENG","playtime":4086,"items_purged":["Doubt","bronze:Replicate","bronze:Goto"],"score":1060,"play_id":"a3d932ea-fd81-496c-9438-31e9b0404019","local_time":"20210119070520","is_ascension_mode":true,"campfire_choices":[{"data":"bronze:Flail","floor":1.0,"key":"SMITH"},{"data":"bronze:GetLatest","floor":13.0,"key":"SMITH"},{"floor":18.0,"key":"RECALL"},{"data":"bronze:TinkerersToolbox","floor":25.0,"key":"SMITH"},{"data":"bronze:FineTuning","floor":28.0,"key":"SMITH"},{"data":"bronze:NullPointer","floor":30.0,"key":"SMITH"},{"data":"bronze:SpaghettiCode","floor":35,"key":"SMITH"},{"data":"bronze:Terminator","floor":43,"key":"SMITH"}],"circlet_count":0,"master_deck":["bronze:Strike","bronze:Strike","bronze:Strike","bronze:Strike","bronze:Defend+1","bronze:Defend","bronze:Defend+1","bronze:Defend","bronze:Flail+1","bronze:Boost","bronze:GetLatest+1","bronze:DazingPulse","bronze:NullPointer+1","bronze:InfiniteBeams","bronze:TinkerersToolbox+1","bronze:Boost","bronze:FollowUp","bronze:Shell+1","bronze:Constructor","bronze:Shell+1","bronze:Optimize","bronze:GetLatest+1","bronze:FunctionCard","bronze:Invalidate","bronze:FineTuning+1","bronze:Terminator+1","bronze:Safeguard","bronze:SpaghettiCode+1","bronze:FineTuning+1","bronze:GetLatest+1","Parasite","bronze:BitShift+1"],"relics":["bronze:BronzeCore","Bottled Lightning","Vajra","Pocketwatch","Juzu Bracelet","downfall:HeartBlessingGreen","Tiny House","champ:Barbells","Matryoshka","downfall:HeartBlessingRed","downfall:HeartBlessingBlue","sneckomod:SneckoTalon","InkBottle","Toy Ornithopter","Bottled Flame","Bag of Preparation","Regal Pillow","Mercury Hourglass","Meat on the Bone"],"acts_visited":["Exordium","TheCity","TheBeyond","TheEnding"],"potions_floor_usage":[],"damage_taken":[{"damage":11.0,"enemies":"Jaw Worm","floor":2.0,"turns":5.0},{"damage":0.0,"enemies":"2 Louse","floor":3.0,"turns":1.0},{"damage":0.0,"enemies":"2 Louse","floor":4.0,"turns":2.0},{"damage":0.0,"enemies":"Cultist","floor":5.0,"turns":2.0},{"damage":6.0,"enemies":"3 Sentries","floor":6.0,"turns":6.0},{"damage":14.0,"enemies":"Gremlin Nob","floor":8.0,"turns":4.0},{"damage":0.0,"enemies":"downfall:FleeingMerchant","floor":10.0,"turns":4.0},{"damage":0.0,"enemies":"Lots of Slimes","floor":11.0,"turns":1.0},{"damage":0.0,"enemies":"downfall:FleeingMerchant","floor":14.0,"turns":4.0},{"damage":0.0,"enemies":"Blue Slaver","floor":15.0,"turns":2.0},{"damage":0.0,"enemies":"IC_STATUS_ARCHETYPE","floor":16.0,"turns":7.0},{"damage":23.0,"enemies":"3 Byrds","floor":19.0,"turns":7.0},{"damage":0.0,"enemies":"Chosen","floor":20.0,"turns":3.0},{"damage":2.0,"enemies":"downfall:FleeingMerchant","floor":21.0,"turns":4.0},{"damage":0.0,"enemies":"3 Cultists","floor":22.0,"turns":5.0},{"damage":1.0,"enemies":"Snecko","floor":23.0,"turns":5.0},{"damage":0.0,"enemies":"Gremlin Leader","floor":27.0,"turns":7.0},{"damage":5.0,"enemies":"Shelled Parasite and Fungi","floor":29.0,"turns":4.0},{"damage":0.0,"enemies":"downfall:FleeingMerchant","floor":31.0,"turns":4.0},{"damage":6,"enemies":"Chosen and Byrds","floor":32,"turns":7},{"damage":0,"enemies":"WA_ARCHETYPE_CALM","floor":33,"turns":9},{"damage":28,"enemies":"3 Shapes","floor":36,"turns":8},{"damage":0,"enemies":"3 Darklings","floor":38,"turns":3},{"damage":0,"enemies":"Transient","floor":40,"turns":5},{"damage":0,"enemies":"Writhing Mass","floor":44,"turns":4},{"damage":0,"enemies":"3 Darklings","floor":45,"turns":4},{"damage":0,"enemies":"4 Shapes","floor":46,"turns":3},{"damage":0,"enemies":"Giant Head","floor":47,"turns":7},{"damage":16,"enemies":"Writhing Mass","floor":48,"turns":7},{"damage":6,"enemies":"Transient","floor":49,"turns":5},{"damage":25,"enemies":"SI_POISON_ARCHETYPE","floor":50,"turns":9},{"damage":95,"enemies":"downfall:CharBossMerchant","floor":52,"turns":8}],"seed_played":"3548448249792414594","potions_obtained":[{"floor":2.0,"key":"ColorlessPotion"},{"floor":4.0,"key":"Explosive Potion"},{"floor":11.0,"key":"BlessingOfTheForge"},{"floor":15.0,"key":"EntropicBrew"},{"floor":16.0,"key":"SteroidPotion"},{"floor":17.0,"key":"Guardian:BlockOnCardUsePotion"},{"floor":23.0,"key":"CultistPotion"},{"floor":27.0,"key":"Explosive Potion"},{"floor":29.0,"key":"Explosive Potion"},{"floor":36,"key":"SpeedPotion"},{"floor":38,"key":"Ancient Potion"}],"is_trial":false,"path_per_floor":["R","M","M","?","M","E","T","E","?","$","M","?","R","$","M","B",null,"R","M","M","$","M","M","T","R","?","E","R","M","R","$","M","B",null,"R","M","T","M","$","M","T","$","R","M","M","M","E","M","M","B",null,"E"],"character_chosen":"THE_AUTOMATON","items_purchased":["bronze:Shell","champ:Barbells","Bottled Flame","Bag of Preparation"],"campfire_rested":0,"item_purchase_floors":[10,21,39,39],"current_hp_per_floor":[70,59,59,59,59,53,53,39,39,39,39,36,36,36,36,36,75,75,52,52,50,50,49,49,49,49,49,59,54,54,54,48,48,85,85,57,57,57,57,57,57,57,57,57,57,57,57,53,47,34,85,0,0],"gold":248,"neow_bonus":"THREE_CARDS","is_daily":false,"chose_seed":false,"campfire_upgraded":7,"win_rate":0.0,"timestamp":1611011120,"path_taken":["R","M","M","?","M","E","T","E","?","$","M","?","R","$","M","BOSS","R","M","M","$","M","M","T","R","?","E","R","M","R","$","M","BOSS","R","M","?","M","$","M","T","$","R","M","M","M","E","M","M","BOSS","E"],"items_purchased_type":["Card","Relic","Relic","Relic"],"build_version":"2020-12-22","purchased_purges":3,"victory":false,"max_hp_per_floor":[70,70,70,70,70,70,70,70,70,70,70,70,70,70,70,70,75,75,75,75,75,75,75,75,75,75,75,85,85,85,85,85,85,85,85,85,85,85,85,85,85,85,85,85,85,85,85,85,85,85,85,85,85],"card_choices":[{"not_picked":["bronze:OilSpill","bronze:Iterate"],"picked":"bronze:Flail","floor":0.0},{"not_picked":["bronze:DarkDash","bronze:Turbo"],"picked":"bronze:Boost","floor":2.0},{"not_picked":["bronze:BuggyMess","bronze:OilSpill"],"picked":"bronze:GetLatest","floor":3.0},{"not_picked":[],"picked":"bronze:DazingPulse","floor":4.0},{"not_picked":["bronze:Repulsor","bronze:Safeguard"],"picked":"bronze:NullPointer","floor":4.0},{"not_picked":["bronze:Return","bronze:Overload"],"picked":"bronze:InfiniteBeams","floor":5.0},{"not_picked":["bronze:CutThrough","bronze:WildBeam"],"picked":"bronze:TinkerersToolbox","floor":6.0},{"not_picked":["bronze:WildBeam","bronze:Overload"],"picked":"bronze:Boost","floor":8.0},{"not_picked":["bronze:Repulsor","bronze:BitShift"],"picked":"bronze:FollowUp","floor":10.0},{"not_picked":["bronze:BuggyMess","bronze:Allocate"],"picked":"bronze:Constructor","floor":11.0},{"not_picked":["bronze:WhirlingStrike","bronze:DelayedGuard"],"picked":"bronze:Shell","floor":14.0},{"not_picked":["bronze:WhirlingStrike","bronze:BugBarrage"],"picked":"bronze:Optimize","floor":15.0},{"not_picked":["bronze:ShipIt","bronze:Format"],"picked":"bronze:Hardcode","floor":16.0},{"not_picked":["bronze:Optimize","bronze:Shield"],"picked":"bronze:GetLatest","floor":17.0},{"not_picked":["bronze:ForceShield","bronze:CutThrough"],"picked":"bronze:Invalidate","floor":19.0},{"not_picked":["bronze:Flail","bronze:ItsAFeature"],"picked":"bronze:FineTuning","floor":20.0},{"not_picked":["bronze:ForceShield","bronze:DarkDash","bronze:FollowUp+1"],"picked":"SKIP","floor":21.0},{"not_picked":["bronze:DelayedSlice","bronze:Philosophize"],"picked":"bronze:Terminator","floor":22.0},{"not_picked":["bronze:DelayedGuard","bronze:InfiniteBeams","bronze:BuggyMess"],"picked":"SKIP","floor":23.0},{"not_picked":["bronze:BuggyMess","bronze:DarkDash","bronze:Invalidate"],"picked":"SKIP","floor":27.0},{"not_picked":["bronze:ItsAFeature","bronze:Virus","bronze:CutThrough+1"],"picked":"SKIP","floor":29.0},{"not_picked":["bronze:Optimize","bronze:Frontload"],"picked":"bronze:Safeguard","floor":31.0},{"not_picked":["bronze:Overheat","bronze:BuggyMess","bronze:Frontload"],"picked":"SKIP","floor":32},{"not_picked":["bronze:ShipIt","bronze:Hardcode"],"picked":"bronze:SpaghettiCode","floor":33},{"not_picked":["bronze:FollowUp+1","bronze:WildBeam+1","bronze:Shield+1"],"picked":"SKIP","floor":36},{"not_picked":["bronze:Shield","bronze:WildBeam","bronze:Boost"],"picked":"SKIP","floor":38},{"not_picked":["bronze:Safeguard","bronze:WildBeam","bronze:Iterate"],"picked":"SKIP","floor":40},{"not_picked":["bronze:Branch+1","bronze:MaxOutput+1","bronze:ThunderWave"],"picked":"SKIP","floor":44},{"not_picked":["bronze:Allocate","bronze:NullPointer"],"picked":"bronze:FineTuning+1","floor":45},{"not_picked":["bronze:ItsAFeature","bronze:BugBarrage","bronze:InfiniteBeams"],"picked":"SKIP","floor":46},{"not_picked":["bronze:Optimize+1","bronze:Branch"],"picked":"bronze:GetLatest+1","floor":47},{"not_picked":["bronze:WildBeam+1","bronze:Constructor+1","bronze:Refactor+1"],"picked":"SKIP","floor":48},{"not_picked":["bronze:OilSpill","bronze:DelayedGuard"],"picked":"bronze:BitShift+1","floor":49}],"player_experience":494443,"relics_obtained":[{"floor":6.0,"key":"Bottled Lightning"},{"floor":7.0,"key":"Vajra"},{"floor":8.0,"key":"Pocketwatch"},{"floor":27.0,"key":"Matryoshka"},{"floor":37,"key":"InkBottle"},{"floor":37,"key":"Toy Ornithopter"},{"floor":41,"key":"Regal Pillow"},{"floor":41,"key":"Mercury Hourglass"},{"floor":47,"key":"Meat on the Bone"}],"event_choices":[{"damage_healed":0.0,"max_hp_gain":0.0,"max_hp_loss":0.0,"gold_gain":0.0,"event_name":"Scrap Ooze","player_choice":"Success","floor":12.0,"gold_loss":0.0,"damage_taken":3.0,"relics_obtained":["Juzu Bracelet"]}],"is_beta":false,"boss_relics":[{"not_picked":["Cursed Key","SacredBark"],"picked":"Tiny House"},{"not_picked":["bronze:PlatinumCore","Runic Dome"],"picked":"sneckomod:SneckoTalon"}],"items_purged_floors":[10,14,31],"is_endless":false,"potions_floor_spawned":[2,4,11,15,16,20,22,23,27,29,36,38,45,47],"killed_by":"downfall:CharBossMerchant","ascension_level":2}}