{"host":"8d3fefv2347kqkpz","time":1611007348,"event":{"mods":["100% Spire Juice","AchievementEnabler","Act Like it!","Aspiration","BaseMod","Better Vampires","Colored Map","Colored Powertips","Conspire","GifTheSpireLib","Highlight Path","Mimic Mod","Minty Spire (QoL Compilation)","Quick Restart","Reimu£®≤©¿ˆ¡È√Œ£©","Relic Stats","Remilia£®¿Ÿ√◊¿Ú—«£©","Replay The Spire","Spicy Shops","StSLib","The Gatherer","The Jungle","The Senshi","The Servant 0.9.4","Waifu the Spire","vexMod"],"gold_per_floor":[110,127,147,12,12,12,31,31,31,42,54,68,109,122,122,220,220,231,231,231,228,278,278,305,319,319,319,338,338,338],"floor_reached":29,"language":"ZHS","playtime":1201,"items_purged":[],"score":239,"play_id":"7a632c91-bf6e-4d46-8b7e-6fe90819b03c","local_time":"20210119060228","is_ascension_mode":false,"campfire_choices":[{"data":"ReplayTheSpireMod:Fabricate Wheel","floor":6,"key":"SMITH"},{"floor":15,"key":"REST"},{"floor":23,"key":"REST"}],"circlet_count":0,"master_deck":["Strike_B","Strike_B","Strike_B","Strike_B","Defend_B","Defend_B","Defend_B","Zap","Dualcast","BootSequence","Leap","Redo","Electrodynamics","Lockon","White Noise","Reboot","Conserve Battery","ReplayRNGCard","Consume","Chaos+1","ReplayTheSpireMod:Dual Polarity","Echo Form"],"relics":["Cracked Core","Prayer Wheel","Chameleon Ring","Oddly Smooth Stone","vexMod:DeviousBotling","Divine Protection","Blood Vial","Lizard Tail","Omamori"],"acts_visited":["Exordium","TheCity"],"potions_floor_usage":[16,24,24,24,25],"damage_taken":[{"damage":1,"enemies":"Cultist","floor":1,"turns":3},{"damage":1,"enemies":"Jaw Worm","floor":2,"turns":3},{"damage":0,"enemies":"Small Slimes","floor":3,"turns":2},{"damage":9,"enemies":"Blue Slaver","floor":7,"turns":4},{"damage":6,"enemies":"Large Slime","floor":10,"turns":4},{"damage":5,"enemies":"3 Louse","floor":11,"turns":3},{"damage":0,"enemies":"Looter","floor":12,"turns":2},{"damage":24,"enemies":"conspire:MimicChest","floor":13,"turns":9},{"damage":3,"enemies":"Blue Slaver","floor":14,"turns":4},{"damage":22,"enemies":"The Guardian","floor":16,"turns":10},{"damage":6,"enemies":"Shell Parasite","floor":18,"turns":6},{"damage":26,"enemies":"conspire:FuzzyDice","floor":21,"turns":7},{"damage":31,"enemies":"conspire:SneckoGhost","floor":24,"turns":8},{"damage":0,"enemies":"Centurion and Healer","floor":25,"turns":4},{"damage":23,"enemies":"conspire:HollyBat","floor":28,"turns":7},{"damage":49,"enemies":"3 Cultists","floor":29,"turns":4}],"seed_played":"-8233038287788558036","potions_obtained":[{"floor":1,"key":"LiquidMemories"},{"floor":2,"key":"FearPotion"},{"floor":11,"key":"Explosive Potion"},{"floor":12,"key":"GrandPatriotsElixir:ReiMu"},{"floor":16,"key":"FearPotion"},{"floor":18,"key":"EntropicBrew"},{"floor":22,"key":"DuplicationPotion"}],"is_trial":false,"path_per_floor":["M","M","M","$","?","R","M","$","T","M","M","M","?","M","R","B",null,"M","?","?","M","?","R","E","M","T","?","M","M"],"character_chosen":"DEFECT","items_purchased":["ReplayTheSpireMod:Fabricate Wheel"],"campfire_rested":2,"item_purchase_floors":[4],"current_hp_per_floor":[81,80,80,80,80,80,71,71,71,65,60,60,36,33,57,35,82,76,76,76,50,18,42,11,13,13,13,41,0,0],"gold":338,"neow_bonus":"TEN_PERCENT_HP_BONUS","is_daily":false,"chose_seed":false,"campfire_upgraded":1,"win_rate":0.0,"timestamp":1611007348,"path_taken":["M","M","M","?","?","R","M","?","T","M","?","M","?","M","R","BOSS","M","?","?","M","?","R","E","M","T","?","M","M"],"items_purchased_type":["Card"],"build_version":"2020-12-22","purchased_purges":0,"victory":false,"max_hp_per_floor":[82,82,82,82,82,82,82,82,82,82,82,82,82,82,82,82,82,82,82,82,82,82,82,82,82,82,82,82,82,82],"relic_stats":{"Blood Vial":6,"Lizard Tail":41,"counters":[16,80],"Prayer Wheel":9,"obtain_stats":[{"Blood Vial":24,"Divine Protection":22,"Lizard Tail":26,"Chameleon Ring":9,"Oddly Smooth Stone":13,"Prayer Wheel":7,"vexMod:DeviousBotling":17,"Omamori":27,"Cracked Core":0},{"Blood Vial":13,"Divine Protection":12,"Lizard Tail":14,"Chameleon Ring":4,"Oddly Smooth Stone":8,"Prayer Wheel":4,"vexMod:DeviousBotling":10,"Omamori":14,"Cracked Core":0},{"Blood Vial":65,"Divine Protection":57,"Lizard Tail":69,"Chameleon Ring":12,"Oddly Smooth Stone":30,"Prayer Wheel":9,"vexMod:DeviousBotling":44,"Omamori":69,"Cracked Core":0}]},"card_choices":[{"not_picked":["Chill","Streamline"],"picked":"BootSequence","floor":1},{"not_picked":["Undo","Recycle"],"picked":"Leap","floor":2},{"not_picked":["Stack","Steam"],"picked":"Redo","floor":3},{"not_picked":["Genetic Algorithm","Steam","Cold Snap"],"picked":"SKIP","floor":7},{"not_picked":["Scrape","Hologram","Crystallizer"],"picked":"SKIP","floor":7},{"not_picked":["Panic Button","Hologram"],"picked":"Lockon","floor":10},{"not_picked":["Turbo","Doom and Gloom"],"picked":"White Noise","floor":10},{"not_picked":["Reprogram","Coolheaded"],"picked":"Reboot","floor":11},{"not_picked":["BasicCrystalCard","Leap","Streamline"],"picked":"SKIP","floor":11},{"not_picked":["Reinforced Body","Redo"],"picked":"Conserve Battery","floor":12},{"not_picked":["Streamline","Hologram","Ball Lightning"],"picked":"SKIP","floor":12},{"not_picked":["Coolheaded","Cold Snap","Rip and Tear"],"picked":"SKIP","floor":14},{"not_picked":["ReplaySolidLightProjector","Rebound","Doom and Gloom"],"picked":"SKIP","floor":14},{"not_picked":["Mirror Shield","Core Surge"],"picked":"ReplayRNGCard","floor":16},{"not_picked":["Ball Lightning","Reprogram"],"picked":"Consume","floor":18},{"not_picked":["BasicCrystalCard","Turbo","Coolheaded"],"picked":"SKIP","floor":18},{"not_picked":["ReplaySort+1","Recycle","Hello World"],"picked":"SKIP","floor":21},{"not_picked":["Panic Button","Leap","Coolheaded"],"picked":"SKIP","floor":21},{"not_picked":["Redo","Loop"],"picked":"Chaos+1","floor":24},{"not_picked":["Recycle","Cold Snap"],"picked":"ReplayTheSpireMod:Dual Polarity","floor":25},{"not_picked":["Coolheaded","Genetic Algorithm+1","Sweeping Beam+1"],"picked":"SKIP","floor":25},{"not_picked":["BasicCrystalCard+1","Beam Cell"],"picked":"Echo Form","floor":28},{"not_picked":["Go for the Eyes","Streamline","Static Discharge"],"picked":"SKIP","floor":28}],"player_experience":106978,"relics_obtained":[{"floor":9,"key":"Chameleon Ring"},{"floor":13,"key":"Oddly Smooth Stone"},{"floor":22,"key":"Divine Protection"},{"floor":24,"key":"Blood Vial"},{"floor":26,"key":"Lizard Tail"}],"event_choices":[{"damage_healed":0,"gold_gain":0,"player_choice":"Ignored","damage_taken":0,"max_hp_gain":0,"max_hp_loss":0,"event_name":"Shining Light","floor":5,"gold_loss":0},{"damage_healed":0,"gold_gain":0,"player_choice":"Ignored","damage_taken":0,"max_hp_gain":0,"max_hp_loss":0,"event_name":"Vampires","floor":19,"gold_loss":0},{"damage_healed":0,"gold_gain":0,"player_choice":"Opened","damage_taken":0,"relics_obtained":["Omamori"],"max_hp_gain":0,"max_hp_loss":0,"event_name":"The Mausoleum","floor":27,"gold_loss":0}],"is_beta":false,"boss_relics":[{"not_picked":["Replay:Wanted Poster","Ring of Chaos"],"picked":"vexMod:DeviousBotling"}],"items_purged_floors":[],"is_endless":false,"potions_floor_spawned":[1,2,11,12,16,18],"killed_by":"3 Cultists","ascension_level":0}}