{"host":"ndpbn7fqb3wjbd7p","time":1611000505,"event":{"mods":["AchievementEnabler","Act Like it!","AlwaysNeverKeys","BaseMod","Better Vampires","Block Reminder","Colored Powertips","DeckTracker","Defuse TimeMaze Blight","Friendly Minions","Hallownest","Hermit","Highlight Path","MarisaÅiñ∂âJÅ@ñÇóùçπÅj","Minty Spire (QoL Compilation)","Permanent Neow","Shade Mod","StSLib","SuperFastMode","Synergy Search","The Mystic","Unceasing Turn Reminder","Wandering Minibosses","egg"],"gold_per_floor":[134,20,20,20,51,51,111,111,411,411,411],"floor_reached":10,"language":"ENG","playtime":352,"items_purged":["Shame"],"score":115,"play_id":"8cdeb71d-9c1c-42de-8268-599b6d8bd8e9","local_time":"20210118210825","is_ascension_mode":true,"campfire_choices":[{"data":"HandOfGreed","floor":6,"key":"SMITH"},{"floor":8,"key":"REST"}],"circlet_count":0,"master_deck":["AscendersBane","Strike_G","Strike_G","Strike_G","Strike_G","Strike_G","Defend_G","Defend_G","Defend_G","Defend_G","Defend_G","Survivor","Neutralize","HandOfGreed+1","Footwork","Escape Plan","Dodge and Roll"],"relics":["Ring of the Snake","Pen Nib","Old Coin"],"acts_visited":["Exordium"],"potions_floor_usage":[],"damage_taken":[{"damage":0,"enemies":"2 Louse","floor":1,"turns":3},{"damage":3,"enemies":"Cultist","floor":5,"turns":5},{"damage":53,"enemies":"Gremlin Nob","floor":7,"turns":7},{"damage":27,"enemies":"3 Sentries","floor":10,"turns":4}],"seed_played":"9114162115915830015","potions_obtained":[],"is_trial":false,"path_per_floor":["M","$","?","$","M","R","E","R","T","E"],"character_chosen":"THE_SILENT","items_purchased":["Escape Plan"],"campfire_rested":1,"item_purchase_floors":[2],"current_hp_per_floor":[59,59,59,59,56,56,3,22,22,0,0],"gold":411,"neow_bonus":"RANDOM_COLORLESS_2","is_daily":false,"chose_seed":false,"campfire_upgraded":1,"win_rate":0.0,"timestamp":1611000505,"path_taken":["M","$","?","?","M","R","E","R","T","E"],"items_purchased_type":["Card"],"build_version":"2020-12-22","purchased_purges":1,"victory":false,"max_hp_per_floor":[66,66,66,66,66,66,66,66,66,66,66],"card_choices":[{"not_picked":["Master of Strategy","Apotheosis"],"picked":"HandOfGreed","floor":0},{"not_picked":["Deflect","Expertise"],"picked":"Footwork","floor":1},{"not_picked":["Flying Knee","Dagger Throw"],"picked":"Dodge and Roll","floor":5},{"not_picked":["Choke","Underhanded Strike","Quick Slash"],"picked":"SKIP","floor":7}],"player_experience":1145043,"relics_obtained":[{"floor":7,"key":"Pen Nib"},{"floor":9,"key":"Old Coin"}],"event_choices":[{"damage_healed":0,"gold_gain":0,"player_choice":"Ignored","damage_taken":0,"max_hp_gain":0,"max_hp_loss":0,"event_name":"WeMeetAgain","floor":3,"gold_loss":0}],"is_beta":false,"boss_relics":[],"items_purged_floors":[2],"is_endless":false,"potions_floor_spawned":[],"killed_by":"3 Sentries","ascension_level":16}}