{"host":"dftyqn972q7tuon4","time":1611001635,"event":{"mods":["AchievementEnabler","BaseMod","Better Altar","Better Match","Better Note","Better Sensory Stone","Better Skull","Better Third Choice","Colored Powertips","Highlight Path","Minty Spire (QoL Compilation)","Permanent Neow","Quick Restart","StSLib"],"gold_per_floor":[119,51,151,164,182,182,224,233,233,262,262,302,302,324,324,324,324],"floor_reached":16,"language":"ENG","playtime":624,"items_purged":[],"score":165,"play_id":"79897b7c-db7c-46c8-a952-d7ed1e3faa3b","local_time":"20210118212715","is_ascension_mode":true,"campfire_choices":[{"data":"Study","floor":6.0,"key":"SMITH"},{"floor":11.0,"key":"REST"},{"floor":13.0,"key":"REST"},{"floor":15,"key":"REST"}],"circlet_count":0,"master_deck":["AscendersBane","Strike_P","Strike_P","Strike_P","Strike_P","Defend_P","Defend_P","Defend_P","Defend_P","Eruption","Vigilance","Consecrate","Study+1","ReachHeaven","DevaForm","Adaptation","Burn","ThirdEye","Halt","MentalFortress+1"],"relics":["PureWater","NeowsBlessing","CeramicFish","Frozen Egg 2","Juzu Bracelet"],"acts_visited":["Exordium"],"potions_floor_usage":[14,14],"damage_taken":[{"damage":0.0,"enemies":"2 Louse","floor":1.0,"turns":2.0},{"damage":0.0,"enemies":"Cultist","floor":4.0,"turns":1.0},{"damage":0.0,"enemies":"Small Slimes","floor":5.0,"turns":2.0},{"damage":39.0,"enemies":"Lagavulin","floor":7.0,"turns":6.0},{"damage":15.0,"enemies":"2 Fungi Beasts","floor":10.0,"turns":5.0},{"damage":24.0,"enemies":"Gremlin Nob","floor":12.0,"turns":5.0},{"damage":17,"enemies":"Lots of Slimes","floor":14,"turns":6},{"damage":29,"enemies":"The Guardian","floor":16,"turns":7}],"seed_played":"-204116350997597880","potions_obtained":[{"floor":5.0,"key":"SpeedPotion"},{"floor":10.0,"key":"LiquidMemories"},{"floor":12.0,"key":"SkillPotion"}],"is_trial":false,"path_per_floor":["M","$","?","M","M","R","E","?","T","M","R","E","R","M","R","B"],"character_chosen":"WATCHER","items_purchased":["Study"],"campfire_rested":3,"item_purchase_floors":[2],"current_hp_per_floor":[65,65,65,65,65,65,26,26,26,11,32,8,29,12,33,4,4],"gold":324,"neow_bonus":"THREE_ENEMY_KILL","is_daily":false,"chose_seed":false,"campfire_upgraded":1,"win_rate":0.0,"timestamp":1611001635,"path_taken":["M","$","?","M","?","R","E","?","T","M","R","E","R","M","R","BOSS"],"items_purchased_type":["Card"],"build_version":"2020-12-22","purchased_purges":0,"victory":false,"max_hp_per_floor":[72,72,72,72,72,72,72,72,72,72,72,72,72,72,72,72,72],"card_choices":[{"not_picked":["PathToVictory","JustLucky"],"picked":"Consecrate","floor":1.0},{"not_picked":["Protect","FlyingSleeves"],"picked":"ReachHeaven","floor":4.0},{"not_picked":["BowlingBash","WaveOfTheHand"],"picked":"DevaForm","floor":5.0},{"not_picked":["BowlingBash","Halt"],"picked":"Adaptation","floor":7.0},{"not_picked":["Weave","PathToVictory"],"picked":"ThirdEye","floor":10.0},{"not_picked":["EmptyFist","DeusExMachina"],"picked":"Halt","floor":12.0},{"not_picked":["Weave","ClearTheMind"],"picked":"MentalFortress+1","floor":14}],"player_experience":702238,"relics_obtained":[{"floor":7.0,"key":"CeramicFish"},{"floor":9.0,"key":"Frozen Egg 2"},{"floor":12.0,"key":"Juzu Bracelet"}],"event_choices":[{"damage_healed":0.0,"max_hp_gain":0.0,"max_hp_loss":0.0,"gold_gain":100.0,"event_name":"Wheel of Change","player_choice":"Gold","floor":3.0,"gold_loss":0.0,"damage_taken":0.0},{"damage_healed":26.0,"max_hp_gain":0.0,"max_hp_loss":72.0,"gold_gain":0.0,"event_name":"betterThird:BetterShining","player_choice":"Embrace Burn","floor":8.0,"gold_loss":0.0,"damage_taken":0.0}],"is_beta":false,"boss_relics":[],"items_purged_floors":[],"is_endless":false,"potions_floor_spawned":[5,10,12],"killed_by":"The Guardian","ascension_level":10}}