{"host":"och2iitg9ibgz06n","time":1611007440,"event":{"mods":["Abigail Mod","AchievementEnabler","Aspiration","BaseMod","Colored Powertips","Dio Mod","FruityMod","Hubris","Hyrulean Relics","Infinite Spire","Minty Spire (QoL Compilation)","Replay The Spire","Small Relic Pack","StSLib","The Animator","The Bug Knight","The Hierophant","The Jungle","The Saiyan","TheHero","Wandering Minibosses","everything is the same but u backflip on backflip","slay the spire mod where everything is the same but ironclad has a cowboy hat","vexMod"],"gold_per_floor":[109,126,126,126,146,146,146,146,172,204,218,196,196,223,223,320,320,330,349,449,465,465,465],"floor_reached":22,"language":"ENG","playtime":984,"items_purged":[],"score":204,"play_id":"a3ab1463-259f-46a5-b708-888e7e2ad049","local_time":"20210118160400","is_ascension_mode":true,"campfire_choices":[{"floor":6,"key":"REST"},{"data":"AbbyMod:WitchTrial","floor":8,"key":"SMITH"},{"floor":13,"key":"REST"},{"data":"AbbyMod:ChocoKey","floor":15,"key":"SMITH"}],"circlet_count":0,"master_deck":["AbbyMod:Ab_Strike","AbbyMod:Ab_Strike","AbbyMod:Ab_Strike","AbbyMod:Ab_Strike","AbbyMod:Ab_Defend","AbbyMod:Ab_Defend","AbbyMod:Ab_Defend","AbbyMod:FleetingSanity+1","AbbyMod:ForeheadBeam","AbbyMod:CommandSpell","AbbyMod:ChocoKey+1","AbbyMod:EyesOfMadness","AbbyMod:WitchTrial+1","AbbyMod:AlignStars","AbbyMod:Ab_SwirlOfMadness","AbbyMod:SuperMuscular+1","AbbyMod:ExposeNavel","AbbyMod:VoidWhispers+1","AbbyMod:TentacleSwarm+1","AbbyMod:WormHole+1","AbbyMod:LiftSkirt"],"relics":["AbbyMod:Salem_Diary","Golden Egg","Vajra","vexMod:InvisibilityCloak","vexMod:BerryBomb","Black Star"],"acts_visited":["Exordium","TheCity"],"potions_floor_usage":[16],"damage_taken":[{"damage":0,"enemies":"Small Slimes","floor":1,"turns":5},{"damage":14,"enemies":"2 Louse","floor":2,"turns":4},{"damage":10,"enemies":"Jaw Worm","floor":5,"turns":4},{"damage":27,"enemies":"3 Sentries","floor":10,"turns":5},{"damage":5,"enemies":"3 Louse","floor":11,"turns":3},{"damage":4,"enemies":"Gremlin Nob","floor":14,"turns":4},{"damage":15,"enemies":"The Guardian","floor":16,"turns":14},{"damage":25,"enemies":"Spheric Guardian","floor":18,"turns":6},{"damage":7,"enemies":"Chosen","floor":19,"turns":4},{"damage":25,"enemies":"Centurion and Healer","floor":21,"turns":7},{"damage":16,"enemies":"Snecko","floor":22,"turns":4}],"seed_played":"1520682017825614150","potions_obtained":[{"floor":1,"key":"Swift Potion"},{"floor":10,"key":"DuplicationPotion"},{"floor":11,"key":"Reflective Coating"},{"floor":21,"key":"Reflective Coating"}],"is_trial":false,"path_per_floor":["M","M","?","?","M","R","T","R","T","E","M","$","R","E","R","B",null,"M","M","?","M","M"],"character_chosen":"Ab_Foreigner","items_purchased":["AbbyMod:SuperMuscular"],"campfire_rested":2,"item_purchase_floors":[12],"current_hp_per_floor":[66,52,52,45,35,54,54,54,54,27,22,22,41,43,43,28,72,47,40,40,15,0,0],"gold":465,"neow_bonus":"TEN_PERCENT_HP_BONUS","is_daily":false,"chose_seed":false,"campfire_upgraded":2,"win_rate":0.0,"timestamp":1611007440,"path_taken":["M","M","?","?","M","R","?","R","T","E","M","$","R","E","R","BOSS","M","M","?","M","?"],"items_purchased_type":["Card"],"build_version":"2020-12-22","purchased_purges":0,"victory":false,"max_hp_per_floor":[66,66,66,66,66,66,66,66,66,66,66,66,66,72,72,72,72,72,72,72,72,72,72],"card_choices":[{"not_picked":["AbbyMod:LossOfSanity","AbbyMod:ImpossibleGeometry"],"picked":"AbbyMod:ChocoKey","floor":1},{"not_picked":["AbbyMod:SweetPancakes","AbbyMod:Kinoko"],"picked":"AbbyMod:EyesOfMadness","floor":2},{"not_picked":["AbbyMod:ImpossibleGeometry","AbbyMod:FlyingMascot"],"picked":"AbbyMod:WitchTrial","floor":5},{"not_picked":["AbbyMod:Keyblade","AbbyMod:TentacleSwarm"],"picked":"AbbyMod:AlignStars","floor":10},{"not_picked":["AbbyMod:ChocoKey","AbbyMod:SweetPancakes"],"picked":"AbbyMod:Ab_SwirlOfMadness","floor":11},{"not_picked":["AbbyMod:LiftSkirt","AbbyMod:PapaProtection"],"picked":"AbbyMod:ExposeNavel","floor":14},{"not_picked":["AbbyMod:MindCleanse","AbbyMod:EquivalentExchange"],"picked":"AbbyMod:VoidWhispers","floor":16},{"not_picked":["AbbyMod:Memocide","AbbyMod:Meteo+1"],"picked":"AbbyMod:TentacleSwarm+1","floor":18},{"not_picked":["AbbyMod:Meteo","AbbyMod:Hitomi"],"picked":"AbbyMod:WormHole+1","floor":19},{"not_picked":["AbbyMod:LossOfSanity","AbbyMod:SanityCheck"],"picked":"AbbyMod:LiftSkirt","floor":21}],"player_experience":407127,"relics_obtained":[{"floor":9,"key":"Vajra"},{"floor":10,"key":"vexMod:InvisibilityCloak"},{"floor":14,"key":"vexMod:BerryBomb"}],"event_choices":[{"damage_healed":0,"gold_gain":0,"player_choice":"Grow","damage_taken":0,"max_hp_gain":0,"max_hp_loss":0,"event_name":"Living Wall","floor":3,"gold_loss":0,"cards_upgraded":["AbbyMod:FleetingSanity"]},{"damage_healed":0,"gold_gain":0,"player_choice":"Success","damage_taken":7,"relics_obtained":["Golden Egg"],"max_hp_gain":0,"max_hp_loss":0,"event_name":"Scrap Ooze","floor":4,"gold_loss":0},{"damage_healed":0,"gold_gain":100,"player_choice":"Pray","damage_taken":0,"max_hp_gain":0,"max_hp_loss":0,"event_name":"Golden Shrine","floor":20,"gold_loss":0}],"is_beta":false,"boss_relics":[{"not_picked":["Tiny House","vexMod:MegatonBomb"],"picked":"Black Star"}],"items_purged_floors":[],"is_endless":false,"potions_floor_spawned":[1,10,11,21],"killed_by":"Snecko","ascension_level":1}}