{"host":"igi9xpgoc000gxf5","time":1611001135,"event":{"mods":["BaseMod","Colored Powertips","Downfall","Googly Eyes","Minty Spire (QoL Compilation)","StSLib"],"gold_per_floor":[99,99,99,115,5,0,0,17,31,31,31,41,41,101,116,116,116,116],"floor_reached":16,"language":"ENG","playtime":1190,"items_purged":[],"score":90,"play_id":"0e0731ae-fd8e-45ab-8708-85a4aac9c2d8","local_time":"20210118211855","is_ascension_mode":false,"campfire_choices":[{"data":"Guardian:CurlUp","floor":1,"key":"SMITH"},{"floor":11,"key":"REST"},{"floor":13,"key":"REST"}],"circlet_count":0,"master_deck":["Guardian:Strike_Guardian","Guardian:Strike_Guardian","Guardian:Strike_Guardian+1","Guardian:Strike_Guardian","Guardian:Defend_Guardian+1","Guardian:Defend_Guardian","Guardian:Defend_Guardian","Guardian:Defend_Guardian+1","Guardian:CurlUp+1","Guardian:TwinSlam","downfall:Malfunctioning","Guardian:PrimingBeam","Guardian:TemporalStrike","Guardian:Suspension","Guardian:PrimingBeam","Guardian:FuturePlans","Guardian:Preprogram","Guardian:Reroute","Guardian:BronzeArmor"],"relics":["Guardian:ModeShifter","Singing Bowl","Bag of Marbles","Tiny Chest"],"acts_visited":["Exordium"],"potions_floor_usage":[16],"damage_taken":[{"damage":10,"enemies":"2 Louse","floor":4,"turns":3},{"damage":5,"enemies":"downfall:FleeingMerchant","floor":5,"turns":4},{"damage":5,"enemies":"downfall:FleeingMerchant","floor":6,"turns":4},{"damage":3,"enemies":"Jaw Worm","floor":8,"turns":3},{"damage":2,"enemies":"Small Slimes","floor":9,"turns":3},{"damage":14,"enemies":"Exordium Thugs","floor":12,"turns":5},{"damage":26,"enemies":"Lagavulin Event","floor":14,"turns":7},{"damage":13,"enemies":"Exordium Wildlife","floor":15,"turns":3},{"damage":80,"enemies":"DF_ARCHETYPE_STREAMLINE","floor":16,"turns":14}],"seed_played":"-710482819768425474","potions_obtained":[{"floor":9,"key":"DuplicationPotion"},{"floor":10,"key":"downfall:CursedFountainPotion"},{"floor":15,"key":"EntropicBrew"}],"is_trial":false,"path_per_floor":["R","?","?","M","$","$","T","M","M","?","R","M","R","?","M","B"],"character_chosen":"GUARDIAN","items_purchased":["Guardian:Suspension","Guardian:PrimingBeam"],"campfire_rested":2,"item_purchase_floors":[5,5],"current_hp_per_floor":[88,88,76,66,61,56,56,53,51,51,77,63,88,62,51,0,0,0],"gold":116,"neow_bonus":"TEN_PERCENT_HP_BONUS","is_daily":false,"chose_seed":false,"campfire_upgraded":1,"win_rate":0.0,"timestamp":1611001135,"path_taken":["R","?","?","M","?","$","T","M","M","?","R","?","R","?","M","BOSS"],"items_purchased_type":["Card","Card"],"build_version":"2020-12-22","purchased_purges":0,"victory":false,"max_hp_per_floor":[88,88,88,88,88,88,88,88,88,88,88,88,88,88,90,90,90,90],"card_choices":[{"not_picked":["Guardian:BodySlam","Guardian:Emergency"],"picked":"Guardian:PrimingBeam","floor":4},{"not_picked":["Guardian:MultiBeam","Guardian:BodySlam"],"picked":"Guardian:TemporalStrike","floor":5},{"not_picked":["Guardian:Harden","Guardian:PolyBeam"],"picked":"Guardian:FuturePlans","floor":6},{"not_picked":["Guardian:StasisEngine","Guardian:Harden"],"picked":"Guardian:Preprogram","floor":8},{"not_picked":["Guardian:PrimingBeam","Guardian:Planning"],"picked":"Guardian:Gem_Cyan","floor":9},{"not_picked":["Guardian:Gem_Lightblue","Guardian:Gem_Red"],"picked":"Guardian:Reroute","floor":12},{"not_picked":["Guardian:Harden","Guardian:ChargeCore"],"picked":"Guardian:BronzeArmor","floor":14},{"not_picked":["Guardian:Reroute","Guardian:Suspension","Guardian:PrimingBeam"],"picked":"Singing Bowl","floor":15}],"player_experience":939998,"relics_obtained":[{"floor":7,"key":"Bag of Marbles"},{"floor":14,"key":"Tiny Chest"}],"event_choices":[{"damage_healed":0,"gold_gain":0,"player_choice":"Success","damage_taken":12,"relics_obtained":["Singing Bowl"],"max_hp_gain":0,"max_hp_loss":0,"event_name":"Scrap Ooze","floor":3,"gold_loss":0}],"is_beta":false,"boss_relics":[],"items_purged_floors":[],"is_endless":false,"potions_floor_spawned":[9,15],"killed_by":"DF_ARCHETYPE_STREAMLINE","ascension_level":0}}