{"host":"55frs1flqhuyvvn7","time":1611012171,"event":{"mods":["Act Like it!","Aspiration","BaseMod","BetterRewards","Colored Map","Colored Powertips","DeckTracker","Downfall","Hallownest","Hermit","Highlight Path","Hubris","Infinite Spire","Jorbs\u0027s Wanderer Trilogy","Marisa????????","Minty Spire (QoL Compilation)","Quick Restart","Random Character Button","Rare Cards Sparkle","Relic Sorter","StSLib","Synergy Search","The Bug Knight","The Construct","The Cursed","The Disciple","The Hierophant","The Jungle","The Necromancer","The Runesmith","The Servant 0.9.4"],"gold_per_floor":[110,110,130,143,157,157,182,182],"floor_reached":7,"language":"ENG","playtime":418,"items_purged":[],"score":53,"play_id":"c37e0063-208d-4258-b5cb-d3d95424665f","local_time":"20210119002251","is_ascension_mode":false,"campfire_choices":[{"data":"TheCursedMod:HellfireBreathing","floor":6,"key":"SMITH"}],"circlet_count":0,"master_deck":["TheCursedMod:Strike_TheCursed","TheCursedMod:Strike_TheCursed","TheCursedMod:Strike_TheCursed","TheCursedMod:Strike_TheCursed","TheCursedMod:Defend_TheCursed","TheCursedMod:Defend_TheCursed","TheCursedMod:Defend_TheCursed","TheCursedMod:Defend_TheCursed","TheCursedMod:CursedWand","TheCursedMod:CleanUpWorkshop","TheCursedMod:Dregs","TheCursedMod:CircleOfCorruption","TheCursedMod:SpreadPlague","TheCursedMod:CursedMace","TheCursedMod:HellfireBreathing+1"],"relics":["TheCursedMod:BlackMagic101","NeowsBlessing","Gambling Chip"],"acts_visited":["Exordium"],"potions_floor_usage":[7],"damage_taken":[{"damage":0,"enemies":"Small Slimes","floor":1,"turns":1},{"damage":0,"enemies":"Cultist","floor":3,"turns":1},{"damage":0,"enemies":"2 Louse","floor":4,"turns":1},{"damage":12,"enemies":"Exordium Thugs","floor":5,"turns":5},{"damage":30,"enemies":"Lagavulin","floor":7,"turns":7}],"seed_played":"5209920284945179806","potions_obtained":[{"floor":3,"key":"Swift Potion"},{"floor":7,"key":"Block Potion"}],"is_trial":false,"path_per_floor":["M","?","M","M","M","R","E"],"character_chosen":"THE_CURSED","items_purchased":[],"campfire_rested":0,"item_purchase_floors":[],"current_hp_per_floor":[75,68,68,68,56,56,26,26],"gold":182,"neow_bonus":"THREE_ENEMY_KILL","is_daily":false,"chose_seed":false,"campfire_upgraded":1,"win_rate":0.0,"timestamp":1611012171,"path_taken":["M","?","M","M","M","R","E"],"items_purchased_type":[],"build_version":"2020-12-22","purchased_purges":0,"victory":false,"max_hp_per_floor":[75,75,75,75,75,75,75,75],"card_choices":[{"not_picked":["TheCursedMod:SmokeScreen","TheCursedMod:CursedBlade"],"picked":"TheCursedMod:CircleOfCorruption","floor":1},{"not_picked":["TheCursedMod:FuryStrike","TheCursedMod:EmpowerCircles"],"picked":"TheCursedMod:SpreadPlague","floor":3},{"not_picked":["TheCursedMod:Obscuration","TheCursedMod:Torture"],"picked":"TheCursedMod:CursedMace","floor":4},{"not_picked":["TheCursedMod:RavingStaff","TheCursedMod:Wield"],"picked":"TheCursedMod:HellfireBreathing","floor":5}],"player_experience":110110,"relics_obtained":[{"floor":7,"key":"Gambling Chip"}],"event_choices":[{"damage_healed":0,"gold_gain":0,"player_choice":"Damaged","damage_taken":7,"max_hp_gain":0,"max_hp_loss":0,"event_name":"Wheel of Change","floor":2,"gold_loss":0}],"is_beta":false,"boss_relics":[],"items_purged_floors":[],"is_endless":false,"potions_floor_spawned":[3,7],"killed_by":"Lagavulin","ascension_level":0}}