{"host":"a3oe3gstxz77c7qu","time":1611009441,"event":{"mods":["2.2 Compatiblity","Act Like it!","Astrologer","BaseMod","Bestiary","Better Altar","Better Match","Better Note","Better Skull","Better Third Choice","Block Reminder","Curses Come First","Custom Start","Dark Map","Downfall","Fox Events","Friendly Minions","GifTheSpireLib","Hallownest","Hermit","Jorbs\u0027s Wanderer Trilogy","Lobotomy","LobotomyExtend","Marisa????????","Minty Spire (QoL Compilation)","Permanent Neow","Quick Restart","Relic Stats","StSLib","The Bug Knight","The Cursed","The Disciple","The Jungle","Uncapped","Unknown Chances","Wandering Minibosses"],"gold_per_floor":[99,127,155,181,190,190,267,278,3,38,38,138,152,178,193,300,377,177,189,124,124,150,168,299,449,463,476,376,94,94,126,137,242,319,319,336,350,367,362,362,439,439,765,382,382,382,459,472,486,486,486,486,520,221,221,221,221],"floor_reached":58,"language":"ENG","playtime":3109,"items_purged":["downfall:Malfunctioning","bronze:Strike","bronze:Strike","bronze:Strike","bronze:Strike","bronze:Replicate+1"],"score":1359,"play_id":"a3d957bc-290d-42f7-8750-0b3c56e5e009","local_time":"20210118223721","is_ascension_mode":false,"campfire_choices":[{"data":"bronze:Replicate","floor":1,"key":"SMITH"},{"floor":6,"key":"RECALL"},{"data":"bronze:Repair","floor":11,"key":"SMITH"},{"data":"bronze:Deprecate","floor":18,"key":"SMITH"},{"data":"bronze:ChosenStrike","floor":28,"key":"SMITH"},{"data":"bronze:HyperBeam","floor":30,"key":"SMITH"},{"data":"bronze:Terminator","floor":35,"key":"SMITH"},{"data":"1","floor":40,"key":"LIFT"},{"data":"2","floor":42,"key":"LIFT"},{"data":"3","floor":46,"key":"LIFT"},{"data":"bronze:Goto","floor":55,"key":"SMITH"}],"circlet_count":0,"master_deck":["bronze:Defend","bronze:Defend","bronze:Defend","bronze:Defend+1","bronze:Goto+1","bronze:Separator+1","bronze:Constructor+1","bronze:Repair+1","bronze:ChosenStrike+1","bronze:Deprecate+1","bronze:HyperBeam+1","bronze:Terminator+1","bronze:Return+1","bronze:Terminator+1","Dark Shackles+1"],"relics":["bronze:BronzeCore","foxEvents:LuckyCharm","Prayer Wheel","Membership Card","Bronze Scales","Ornamental Fan","Sozu","downfall:HeartBlessingRed","downfall:HeartBlessingGreen","downfall:HeartBlessingBlue","Singing Bowl","Orrery","InkBottle","Girya","Eternal Feather","Kunai","Old Coin","Thread and Needle","Calipers","Ginger","HollowMod:StagPassRelic","Centennial Puzzle","bronze:ProtectiveGoggles"],"acts_visited":["Exordium","Exordium","TheBeyond","TheEnding"],"potions_floor_usage":[10,56],"damage_taken":[{"damage":0,"enemies":"Small Slimes","floor":2,"turns":3},{"damage":1,"enemies":"Jaw Worm","floor":3,"turns":3},{"damage":2,"enemies":"Colosseum Slavers","floor":4,"turns":4},{"damage":0,"enemies":"2 Louse","floor":8,"turns":3},{"damage":3,"enemies":"downfall:FleeingMerchant","floor":9,"turns":4},{"damage":2,"enemies":"Lagavulin","floor":10,"turns":6},{"damage":19,"enemies":"Exordium Thugs","floor":13,"turns":4},{"damage":4,"enemies":"Blue Slaver","floor":14,"turns":4},{"damage":2,"enemies":"3 Louse","floor":15,"turns":2},{"damage":18,"enemies":"SI_SHIV_ARCHETYPE","floor":16,"turns":11},{"damage":0,"enemies":"theJungle:5_Spyders","floor":19,"turns":4},{"damage":0,"enemies":"downfall:FleeingMerchant","floor":20,"turns":4},{"damage":0,"enemies":"theJungle:MUSHROOMGANG","floor":22,"turns":4},{"damage":1,"enemies":"theJungle:SlimyTreeVines","floor":23,"turns":5},{"damage":0,"enemies":"theJungle:Lyon","floor":26,"turns":5},{"damage":0,"enemies":"theJungle:2_Snecko_Cultists","floor":27,"turns":4},{"damage":0,"enemies":"downfall:FleeingMerchant","floor":29,"turns":4},{"damage":2,"enemies":"theJungle:2_Phrogs","floor":31,"turns":4},{"damage":9,"enemies":"Snake Plant","floor":32,"turns":2},{"damage":4,"enemies":"DF_ARCHETYPE_CLAW","floor":33,"turns":7},{"damage":6,"enemies":"Orb Walker","floor":36,"turns":3},{"damage":1,"enemies":"3 Darklings","floor":37,"turns":4},{"damage":8,"enemies":"4 Shapes","floor":38,"turns":4},{"damage":0,"enemies":"downfall:FleeingMerchant","floor":39,"turns":1},{"damage":0,"enemies":"Giant Head","floor":43,"turns":6},{"damage":0,"enemies":"Jaw Worm Horde","floor":48,"turns":3},{"damage":0,"enemies":"3 Darklings","floor":49,"turns":2},{"damage":0,"enemies":"IC_BLOCK_ARCHETYPE","floor":50,"turns":5},{"damage":0,"enemies":"downfall:CharBossMerchant","floor":53,"turns":5},{"damage":8,"enemies":"downfall:NeowBoss","floor":56,"turns":6},{"damage":22,"enemies":"downfall:NeowBossFinal","floor":57,"turns":9}],"seed_played":"-6401470346631366709","potions_obtained":[{"floor":4,"key":"FairyPotion"},{"floor":8,"key":"hexamod:SoulburnPotion"},{"floor":14,"key":"Energy Potion"},{"floor":16,"key":"CultistPotion"}],"is_trial":false,"path_per_floor":["R","M","M","?","?","R","T","M","$","E","R","?","M","M","M","B",null,"R","M","$","?","M","M","T","?","M","M","R","$","R","E","M","B",null,"R","M","M","M","$","R","T","R","E","$","?","R","T","M","M","B",null,null,"E","$","R","B","B",null],"character_chosen":"THE_AUTOMATON","items_purchased":["Membership Card","Bronze Scales","Singing Bowl","Orrery","Girya","Eternal Feather","Thread and Needle","Calipers","Centennial Puzzle","bronze:ProtectiveGoggles","Dark Shackles"],"campfire_rested":0,"item_purchase_floors":[9,9,29,29,39,39,44,44,54,54,54],"current_hp_per_floor":[70,70,69,67,67,67,67,67,64,68,68,68,59,65,63,52,70,70,70,70,70,70,70,70,70,70,70,80,90,90,90,83,91,96,96,100,103,108,110,110,110,110,112,112,112,112,112,116,120,120,120,120,122,122,122,114,92],"gold":221,"neow_bonus":"RANDOM_COMMON_RELIC","is_daily":false,"chose_seed":false,"campfire_upgraded":7,"win_rate":0.0,"timestamp":1611009441,"path_taken":["R","M","M","?","?","R","T","M","$","E","R","?","M","?","M","BOSS","R","M","$","?","?","M","T","?","M","M","R","$","R","E","M","BOSS","R","M","M","M","$","R","T","R","E","$","?","R","?","M","M","BOSS","E","$","R","BOSS","BOSS"],"items_purchased_type":["Relic","Relic","Relic","Relic","Relic","Relic","Relic","Relic","Relic","Relic","Card"],"build_version":"2020-12-22","purchased_purges":6,"victory":true,"max_hp_per_floor":[70,70,70,70,70,70,70,70,70,70,70,70,70,70,70,70,70,70,70,70,70,70,70,70,70,70,70,80,90,90,92,94,96,96,96,100,104,108,110,110,110,110,112,112,112,112,112,116,120,120,120,120,122,122,122,122,122],"relic_stats":{"Sozu":12,"Centennial Puzzle":[6],"Singing Bowl":42,"counters":[31,135],"Ornamental Fan":[240],"Bronze Scales":[320],"Prayer Wheel":15,"Eternal Feather":0,"Kunai":[24],"Ginger":[22],"obtain_stats":[{"bronze:BronzeCore":0,"Calipers":44,"Singing Bowl":29,"CeramicFish":0,"downfall:HeartBlessingGreen":18,"Ginger":47,"HollowMod:StagPassRelic":53,"Old Coin":43,"Sozu":17,"Centennial Puzzle":54,"downfall:HeartBlessingBlue":28,"Prayer Wheel":7,"Kunai":41,"InkBottle":31,"Girya":39,"downfall:HeartBlessingRed":18,"Eternal Feather":39,"Thread and Needle":44,"bronze:ProtectiveGoggles":54,"Ornamental Fan":10,"Bronze Scales":9,"Orrery":29,"foxEvents:LuckyCharm":4,"LetterFromLob":16,"Membership Card":9},{"bronze:BronzeCore":0,"Calipers":25,"Singing Bowl":17,"CeramicFish":0,"downfall:HeartBlessingGreen":10,"Ginger":25,"HollowMod:StagPassRelic":29,"Old Coin":25,"Sozu":10,"Centennial Puzzle":29,"downfall:HeartBlessingBlue":16,"Prayer Wheel":3,"Kunai":24,"InkBottle":18,"Girya":24,"downfall:HeartBlessingRed":10,"Eternal Feather":24,"Thread and Needle":25,"bronze:ProtectiveGoggles":29,"Ornamental Fan":6,"Bronze Scales":5,"Orrery":17,"foxEvents:LuckyCharm":3,"LetterFromLob":10,"Membership Card":5},{"bronze:BronzeCore":0,"Calipers":105,"Singing Bowl":74,"CeramicFish":0,"downfall:HeartBlessingGreen":44,"Ginger":105,"HollowMod:StagPassRelic":120,"Old Coin":105,"Sozu":44,"Centennial Puzzle":120,"downfall:HeartBlessingBlue":70,"Prayer Wheel":10,"Kunai":99,"InkBottle":78,"Girya":99,"downfall:HeartBlessingRed":44,"Eternal Feather":99,"Thread and Needle":105,"bronze:ProtectiveGoggles":120,"Ornamental Fan":23,"Bronze Scales":17,"Orrery":74,"foxEvents:LuckyCharm":10,"LetterFromLob":44,"Membership Card":17}],"InkBottle":[29]},"card_choices":[{"not_picked":["bronze:WhirlingStrike","bronze:Allocate"],"picked":"bronze:Separator","floor":2},{"not_picked":["bronze:CutThrough","bronze:ChildClass"],"picked":"bronze:Constructor","floor":3},{"not_picked":["bronze:Separator","bronze:WildBeam","bronze:DigitalCarnage"],"picked":"SKIP","floor":8},{"not_picked":["bronze:Fortify","bronze:ForLoop","bronze:DarkDash"],"picked":"SKIP","floor":8},{"not_picked":["bronze:Shield","bronze:FollowUp"],"picked":"bronze:Repair","floor":9},{"not_picked":["bronze:SpaghettiCode","bronze:Refactor"],"picked":"bronze:ChosenStrike","floor":10},{"not_picked":["bronze:WildBeam","bronze:Repulsor","bronze:WhirlingStrike"],"picked":"SKIP","floor":13},{"not_picked":["bronze:Fortify","bronze:BuggyMess","bronze:Philosophize"],"picked":"SKIP","floor":13},{"not_picked":["bronze:Invalidate","bronze:Turbo"],"picked":"bronze:Deprecate","floor":14},{"not_picked":["bronze:ItsAFeature","bronze:BitShift","bronze:WhirlingStrike"],"picked":"SKIP","floor":14},{"not_picked":["bronze:MaxOutput","bronze:DelayedGuard","bronze:Separator"],"picked":"SKIP","floor":15},{"not_picked":["bronze:BuggyMess","bronze:Separator","bronze:ItsAFeature"],"picked":"SKIP","floor":15},{"not_picked":["bronze:InfiniteLoop","bronze:SpaghettiCode"],"picked":"bronze:HyperBeam","floor":16},{"not_picked":["bronze:Shield","bronze:Separator+1","bronze:ClassDefault"],"picked":"SKIP","floor":19},{"not_picked":["bronze:ClassDefault","bronze:Overheat","bronze:DigitalCarnage"],"picked":"SKIP","floor":19},{"not_picked":["bronze:ShipIt","bronze:Separator","bronze:Branch"],"picked":"SKIP","floor":20},{"not_picked":["bronze:ForLoop","bronze:Separator+1"],"picked":"bronze:Terminator+1","floor":22},{"not_picked":["bronze:ChosenStrike","bronze:BugBarrage","bronze:NullPointer"],"picked":"SKIP","floor":22},{"not_picked":["bronze:FineTuning","bronze:Invalidate","bronze:Iterate"],"picked":"SKIP","floor":23},{"not_picked":["bronze:Deprecate+1","bronze:CloningBeam","bronze:NullPointer"],"picked":"SKIP","floor":23},{"not_picked":["bronze:ForLoop","bronze:DelayedSlice","bronze:Turbo"],"picked":"SKIP","floor":26},{"not_picked":["bronze:BuggyMess","bronze:Allocate","bronze:CutThrough"],"picked":"SKIP","floor":26},{"not_picked":["bronze:BugBarrage","bronze:DelayedGuard","bronze:Constructor"],"picked":"SKIP","floor":27},{"not_picked":["bronze:Separator+1","bronze:DelayedSlice","bronze:WildBeam+1"],"picked":"SKIP","floor":27},{"not_picked":["bronze:Shield","bronze:ItsAFeature"],"picked":"bronze:Return+1","floor":29},{"not_picked":["bronze:Backtrace+1","bronze:WildBeam","bronze:Deprecate+1"],"picked":"Singing Bowl","floor":29},{"not_picked":["bronze:ClassDefault","bronze:Separator","bronze:WildBeam"],"picked":"Singing Bowl","floor":29},{"not_picked":["bronze:Boost","bronze:Invalidate","bronze:FollowUp+1"],"picked":"Singing Bowl","floor":29},{"not_picked":["bronze:ChildClass+1","bronze:ForceShield+1","bronze:FindAndReplace"],"picked":"Singing Bowl","floor":29},{"not_picked":["bronze:Branch","bronze:WhirlingStrike","bronze:MaxOutput"],"picked":"Singing Bowl","floor":29},{"not_picked":["bronze:Safeguard","bronze:BuggyMess+1","bronze:FindAndReplace"],"picked":"Singing Bowl","floor":31},{"not_picked":["bronze:InfiniteBeams","bronze:BuggyMess","bronze:DelayedSlice+1"],"picked":"Singing Bowl","floor":32},{"not_picked":["bronze:FineTuning+1","bronze:CutThrough+1"],"picked":"bronze:Terminator","floor":32},{"not_picked":["bronze:BurnOut","bronze:Format","bronze:HyperBeam"],"picked":"Singing Bowl","floor":33},{"not_picked":["bronze:Invalidate+1","bronze:Safeguard","bronze:BuggyMess+1"],"picked":"Singing Bowl","floor":36},{"not_picked":["bronze:InfiniteBeams+1","bronze:Branch+1","bronze:BronzeArmor"],"picked":"Singing Bowl","floor":36},{"not_picked":["bronze:Deprecate+1","bronze:BuggyMess","bronze:FollowUp+1"],"picked":"Singing Bowl","floor":37},{"not_picked":["bronze:HardenedForm","bronze:WhirlingStrike+1","bronze:BugBarrage"],"picked":"Singing Bowl","floor":37},{"not_picked":["bronze:Safeguard+1","bronze:BronzeOrb","bronze:Deprecate+1"],"picked":"Singing Bowl","floor":38},{"not_picked":["bronze:DelayedSlice+1","bronze:Fortify","bronze:OilSpill+1"],"picked":"Singing Bowl","floor":38},{"not_picked":["bronze:ChildClass","bronze:Shield+1","bronze:FindAndReplace"],"picked":"Singing Bowl","floor":39},{"not_picked":["bronze:GetLatest","bronze:Safeguard","bronze:CutThrough"],"picked":"Singing Bowl","floor":43},{"not_picked":["bronze:DelayedSlice+1","bronze:WildBeam","bronze:Separator"],"picked":"Singing Bowl","floor":48},{"not_picked":["bronze:NullPointer+1","bronze:BugBarrage+1","bronze:BuggyMess"],"picked":"Singing Bowl","floor":48},{"not_picked":["bronze:BuggyMess+1","bronze:DigitalCarnage","bronze:Turbo"],"picked":"Singing Bowl","floor":49},{"not_picked":["bronze:NullPointer+1","bronze:Overheat","bronze:Backtrace"],"picked":"Singing Bowl","floor":49},{"not_picked":["bronze:CutThrough+1","bronze:Deprecate+1","bronze:Virus"],"picked":"Singing Bowl","floor":53}],"player_experience":1052314,"relics_obtained":[{"floor":4,"key":"foxEvents:LuckyCharm"},{"floor":7,"key":"Prayer Wheel"},{"floor":10,"key":"Ornamental Fan"},{"floor":16,"key":"LetterFromLob"},{"floor":31,"key":"InkBottle"},{"floor":41,"key":"Kunai"},{"floor":43,"key":"Old Coin"},{"floor":47,"key":"Ginger"},{"floor":53,"key":"HollowMod:StagPassRelic"}],"event_choices":[{"damage_healed":0,"gold_gain":0,"player_choice":"Got Potions","damage_taken":0,"max_hp_gain":0,"max_hp_loss":0,"event_name":"Lab","floor":21,"gold_loss":0}],"is_beta":false,"boss_relics":[{"not_picked":["Runic Pyramid","Empty Cage"],"picked":"Sozu"},{"not_picked":["bronze:MakeshiftBattery","Fusion Hammer","Runic Dome"]}],"items_purged_floors":[9,20,29,39,44,54],"is_endless":false,"potions_floor_spawned":[4,8,14,16,19,23,26,27,32,33,36,49,53],"ascension_level":0}}