{"host":"Jedit","time":1611011136,"event":{"mods":["BaseMod","Downfall","Minty Spire (QoL Compilation)","Relic Stats","StSLib"],"gold_per_floor":[117,117,48,48,63,63,82,96,96,122,82,114,126,144,144,247,247,267,287,297,312,324,324,358,370,370,399,416,450,470,486,486,583,883,894,894,913,913,937,947,975,993,993,1020,1040,1075,1075,1092,1092,1092,1092,1092,273,302,302,302,302],"floor_reached":55,"language":"ENG","playtime":4438,"items_purged":["hexamod:Strike"],"score":1166,"play_id":"dac6cb1b-f3fa-455f-b1e4-f66ddd8bf6cc","local_time":"20210118230536","is_ascension_mode":true,"campfire_choices":[{"data":"hexamod:TurnItUp","floor":6.0,"key":"SMITH"},{"data":"hexamod:RainOfEmbers","floor":15.0,"key":"SMITH"},{"data":"hexamod:FastForward","floor":23.0,"key":"SMITH"},{"floor":32.0,"key":"RECALL"},{"data":"hexamod:SpectralSpark","floor":47,"key":"SMITH"},{"data":"Mayhem","floor":49,"key":"SMITH"},{"data":"hexamod:GhostflameInferno","floor":52,"key":"SMITH"}],"circlet_count":0,"master_deck":["hexamod:Strike+1","hexamod:Strike+1","hexamod:Defend","hexamod:Defend+1","hexamod:Defend+1","hexamod:Defend+1","hexamod:Float+1","hexamod:NightmareStrike+1","hexamod:TurnItUp+1","hexamod:NightmareStrike+1","hexamod:RainOfEmbers+1","hexamod:HauntingEcho+1","hexamod:EmpoweredFlame+1","hexamod:Hexaguard+1","hexamod:SpectralSpark+1","hexamod:FirstSeal","hexamod:PowerFromBeyond+1","hexamod:FastForward+1","hexamod:AdvancingGuard","hexamod:ThermalTransfer","hexamod:SpectersWail+1","hexamod:EtherealExpedition+1","hexamod:GhostOfSpireFuture+1","hexamod:GhostflameInferno+1","hexamod:FlamesFromBeyond+1","hexamod:FirstSeal","hexamod:RecurringNightmare+1","Mayhem+1","hexamod:AdvancingGuard+1","hexamod:AdvancingGuard+1","hexamod:StepThrough","hexamod:GhostflameBarrier+1","hexamod:Again+1","hexamod:WildfireWeapon","hexamod:PhantomFireball+1","hexamod:ThermalTransfer","hexamod:NightmareGuise+1","hexamod:PowerFromBeyond","hexamod:AdvancingGuard","hexamod:RainOfEmbers+1"],"relics":["hexamod:SpiritBrand","FossilizedHelix","Pocketwatch","Nunchaku","Cursed Key","Vajra","Darkstone Periapt","Art of War","Calling Bell","Dream Catcher","InkBottle","Old Coin","hexamod:TheBrokenSeal","PreservedInsect","Boot","Akabeko","Medical Kit","Pen Nib","Bottled Tornado","hexamod:Sixitude"],"acts_visited":["Exordium","TheCity","TheBeyond","TheEnding"],"potions_floor_usage":[48,50,50,54,55],"damage_taken":[{"damage":3.0,"enemies":"2 Louse","floor":1.0,"turns":3.0},{"damage":0.0,"enemies":"Small Slimes","floor":5.0,"turns":3.0},{"damage":1.0,"enemies":"Cultist","floor":7.0,"turns":3.0},{"damage":9.0,"enemies":"Blue Slaver","floor":8.0,"turns":2.0},{"damage":4.0,"enemies":"3 Sentries","floor":10.0,"turns":7.0},{"damage":0.0,"enemies":"Gremlin Nob","floor":12.0,"turns":3.0},{"damage":0.0,"enemies":"Red Slaver","floor":13.0,"turns":4.0},{"damage":6.0,"enemies":"Lots of Slimes","floor":14.0,"turns":3.0},{"damage":0.0,"enemies":"Slime Boss","floor":16.0,"turns":5.0},{"damage":0.0,"enemies":"Shell Parasite","floor":18.0,"turns":3.0},{"damage":0.0,"enemies":"Chosen","floor":19.0,"turns":4.0},{"damage":6.0,"enemies":"Centurion and Healer","floor":20.0,"turns":3.0},{"damage":19.0,"enemies":"3 Cultists","floor":21.0,"turns":6.0},{"damage":0.0,"enemies":"Snecko","floor":22.0,"turns":4.0},{"damage":34.0,"enemies":"Book of Stabbing","floor":24.0,"turns":6.0},{"damage":0.0,"enemies":"Shelled Parasite and Fungi","floor":25.0,"turns":4.0},{"damage":14.0,"enemies":"Slavers","floor":27.0,"turns":5.0},{"damage":0.0,"enemies":"Chosen and Byrds","floor":28.0,"turns":5.0},{"damage":0.0,"enemies":"Gremlin Leader","floor":29.0,"turns":4.0},{"damage":0.0,"enemies":"Cultist and Chosen","floor":30.0,"turns":3.0},{"damage":7.0,"enemies":"Centurion and Healer","floor":31.0,"turns":5.0},{"damage":20.0,"enemies":"Automaton","floor":33.0,"turns":9.0},{"damage":7.0,"enemies":"3 Shapes","floor":35.0,"turns":6.0},{"damage":11.0,"enemies":"Orb Walker","floor":37.0,"turns":4.0},{"damage":14.0,"enemies":"Jaw Worm Horde","floor":39.0,"turns":5.0},{"damage":0.0,"enemies":"Spire Growth","floor":40.0,"turns":4.0},{"damage":4.0,"enemies":"Reptomancer","floor":41.0,"turns":6.0},{"damage":0.0,"enemies":"Maw","floor":42.0,"turns":6.0},{"damage":0.0,"enemies":"Nemesis","floor":44.0,"turns":3.0},{"damage":0.0,"enemies":"Sphere and 2 Shapes","floor":45.0,"turns":4.0},{"damage":0.0,"enemies":"Reptomancer","floor":46.0,"turns":5.0},{"damage":0,"enemies":"3 Darklings","floor":48,"turns":4},{"damage":0,"enemies":"Donu and Deca","floor":50,"turns":7},{"damage":0,"enemies":"Shield and Spear","floor":54,"turns":4},{"damage":93,"enemies":"The Heart","floor":55,"turns":9}],"seed_played":"-5802784257337662204","potions_obtained":[{"floor":5.0,"key":"Swift Potion"},{"floor":8.0,"key":"DistilledChaos"},{"floor":11.0,"key":"AttackPotion"},{"floor":11.0,"key":"Slimebound:ThreeZeroPotion"},{"floor":12.0,"key":"GamblersBrew"},{"floor":16.0,"key":"SteroidPotion"},{"floor":18.0,"key":"hexamod:SoulburnPotion"},{"floor":19.0,"key":"BlessingOfTheForge"},{"floor":25.0,"key":"Regen Potion"},{"floor":27.0,"key":"EntropicBrew"},{"floor":28.0,"key":"BlessingOfTheForge"},{"floor":29.0,"key":"hexamod:EctoCoolerPotion"},{"floor":30.0,"key":"LiquidMemories"},{"floor":31.0,"key":"SpeedPotion"},{"floor":35.0,"key":"sneckomod:MuddlingPotion"},{"floor":35.0,"key":"SteroidPotion"},{"floor":40.0,"key":"SkillPotion"},{"floor":41.0,"key":"champ:CounterPotion"},{"floor":46.0,"key":"GamblersBrew"},{"floor":48,"key":"Swift Potion"}],"is_trial":false,"path_per_floor":["M","?","$","?","M","R","M","M","T","E","?","E","M","M","R","B",null,"M","M","M","M","M","R","E","M","T","E","M","E","M","M","R","B",null,"M","?","M","?","M","M","E","M","T","E","M","E","R","M","R","B",null,"R","$","E","B"],"character_chosen":"THE_SPIRIT","items_purchased":["hexamod:FirstSeal","Medical Kit","hexamod:PowerFromBeyond","Pen Nib","Dexterity Potion","champ:CounterPotion","Bottled Tornado","hexamod:AdvancingGuard"],"campfire_rested":0,"item_purchase_floors":[3,53,53,53,53,53,53,53],"current_hp_per_floor":[67,67,67,67,70,70,70,68,68,70,70,70,70,64,64,64,70,70,70,70,58,58,58,38,52,52,59,70,70,70,70,70,64,70,70,70,70,70,80,80,80,80,80,80,80,80,80,80,80,80,80,80,80,80,0,0,0],"gold":302,"neow_bonus":"UPGRADE_CARD","is_daily":false,"chose_seed":false,"campfire_upgraded":6,"win_rate":0.0,"timestamp":1611011136,"path_taken":["M","?","$","?","M","R","?","M","T","E","?","E","M","?","R","BOSS","M","M","?","?","M","R","E","M","T","E","M","E","?","?","R","BOSS","M","?","M","?","M","M","E","?","T","E","M","E","R","M","R","BOSS","R","$","E","BOSS"],"items_purchased_type":["Card","Relic","Card","Relic","Potion","Potion","Relic","Card"],"build_version":"2020-12-18","purchased_purges":1,"victory":false,"max_hp_per_floor":[70,70,70,70,70,70,70,70,70,70,70,70,70,70,70,70,70,70,70,70,70,70,70,70,70,70,70,70,70,70,70,70,70,70,70,70,70,70,80,80,80,80,80,80,80,80,80,80,80,80,80,80,80,80,80,80,80],"relic_stats":{"Darkstone Periapt":0,"counters":[35,161],"PreservedInsect":174,"Pen Nib":[1],"Cursed Key":1,"Boot":[3],"Medical Kit":[3],"Nunchaku":[20],"Dream Catcher":0,"Art of War":[15],"obtain_stats":[{"Darkstone Periapt":27,"Vajra":24,"hexamod:TheBrokenSeal":39,"hexamod:Sixitude":54,"PreservedInsect":41,"Pen Nib":53,"Bottled Tornado":53,"Cursed Key":17,"Boot":44,"Medical Kit":53,"Akabeko":46,"Old Coin":34,"Calling Bell":34,"Nunchaku":12,"Dream Catcher":34,"Art of War":29,"hexamod:SpiritBrand":0,"FossilizedHelix":9,"InkBottle":34,"Pocketwatch":10},{"Darkstone Periapt":17,"Vajra":15,"hexamod:TheBrokenSeal":25,"hexamod:Sixitude":34,"PreservedInsect":27,"Pen Nib":33,"Bottled Tornado":33,"Cursed Key":9,"Boot":29,"Medical Kit":33,"Akabeko":31,"Old Coin":22,"Calling Bell":22,"Nunchaku":6,"Dream Catcher":22,"Art of War":19,"hexamod:SpiritBrand":0,"FossilizedHelix":4,"InkBottle":22,"Pocketwatch":5},{"Darkstone Periapt":68,"Vajra":59,"hexamod:TheBrokenSeal":109,"hexamod:Sixitude":152,"PreservedInsect":119,"Pen Nib":148,"Bottled Tornado":148,"Cursed Key":33,"Boot":128,"Medical Kit":148,"Akabeko":137,"Old Coin":94,"Calling Bell":94,"Nunchaku":21,"Dream Catcher":94,"Art of War":77,"hexamod:SpiritBrand":0,"FossilizedHelix":11,"InkBottle":94,"Pocketwatch":18}],"InkBottle":[31],"Pocketwatch":[93]},"card_choices":[{"not_picked":["hexamod:SwordOfDarkness","hexamod:HeatMetal"],"picked":"hexamod:NightmareStrike","floor":1.0},{"not_picked":["hexamod:ThermalTransfer","hexamod:SwordOfDarkness"],"picked":"hexamod:NightmareStrike","floor":5.0},{"not_picked":["hexamod:EtherealExpedition","hexamod:Firestarter"],"picked":"hexamod:RainOfEmbers","floor":7.0},{"not_picked":["hexamod:NightmareStrike","hexamod:RetreatToShadows","hexamod:GhostOfSpirePast"],"picked":"SKIP","floor":8.0},{"not_picked":["hexamod:InspiringFlames","hexamod:ExtraCrispy"],"picked":"hexamod:HauntingEcho","floor":10.0},{"not_picked":["hexamod:GhostflameInferno","hexamod:GhostOfSpirePast"],"picked":"hexamod:EmpoweredFlame","floor":12.0},{"not_picked":["hexamod:SwordOfDarkness","hexamod:HauntingEcho"],"picked":"hexamod:Hexaguard","floor":13.0},{"not_picked":["hexamod:Again","hexamod:NightmareStrike"],"picked":"hexamod:SpectralSpark","floor":14.0},{"not_picked":["hexamod:SearingWound","hexamod:TimeOfNeed"],"picked":"hexamod:SixthSeal","floor":16.0},{"not_picked":["hexamod:ShieldOfDarkness","hexamod:BurningTouch+1"],"picked":"hexamod:FirstSeal","floor":18.0},{"not_picked":["hexamod:RainOfEmbers","hexamod:HauntingEcho"],"picked":"hexamod:PowerFromBeyond+1","floor":19.0},{"not_picked":["hexamod:FlamesFromBeyond","hexamod:GhostLash","hexamod:ShieldOfDarkness"],"picked":"SKIP","floor":20.0},{"not_picked":["hexamod:PhantomFireball","hexamod:InspiringFlames+1"],"picked":"hexamod:FastForward","floor":21.0},{"not_picked":["hexamod:Haunt","hexamod:BurningTouch","hexamod:RainOfEmbers"],"picked":"SKIP","floor":22.0},{"not_picked":["hexamod:FlamesFromBeyond","hexamod:Rewind"],"picked":"hexamod:AdvancingGuard","floor":24.0},{"not_picked":["hexamod:Haunt","hexamod:Rewind+1"],"picked":"hexamod:ThermalTransfer","floor":25.0},{"not_picked":["hexamod:SixthSeal","hexamod:Incineration"],"picked":"hexamod:SpectersWail+1","floor":27.0},{"not_picked":["hexamod:HeatCrush","hexamod:StepThrough"],"picked":"hexamod:FourthSeal","floor":28.0},{"not_picked":["hexamod:HeatMetal","hexamod:PhantomFireball"],"picked":"hexamod:EtherealExpedition+1","floor":29.0},{"not_picked":["hexamod:RainOfEmbers","hexamod:InspiringFlames"],"picked":"hexamod:GhostOfSpireFuture","floor":30.0},{"not_picked":["hexamod:HeatCrush","hexamod:FlamesFromBeyond"],"picked":"hexamod:ThirdSeal","floor":31.0},{"not_picked":["hexamod:ApocalypseNow","hexamod:Toasty"],"picked":"hexamod:FifthSeal","floor":33.0},{"not_picked":["hexamod:ParanormalForm","hexamod:ForkedFlame"],"picked":"hexamod:GhostflameInferno","floor":33.0},{"not_picked":["hexamod:NightmareStrike","hexamod:SpectersWail"],"picked":"hexamod:FlamesFromBeyond+1","floor":35.0},{"not_picked":["hexamod:ThirdSeal","hexamod:FourthSeal"],"picked":"hexamod:FirstSeal","floor":35.0},{"not_picked":["hexamod:ShieldOfDarkness+1","hexamod:SearingWound"],"picked":"hexamod:RecurringNightmare+1","floor":35.0},{"not_picked":["Secret Technique","Impatience"],"picked":"Mayhem","floor":36.0},{"not_picked":["hexamod:FourthSeal","hexamod:FirstSeal"],"picked":"hexamod:SecondSeal","floor":37.0},{"not_picked":["hexamod:GhostShield+1","hexamod:PowerFromBeyond"],"picked":"hexamod:AdvancingGuard+1","floor":37.0},{"not_picked":["hexamod:SwordOfDarkness","hexamod:HauntingEcho+1"],"picked":"hexamod:AdvancingGuard+1","floor":39.0},{"not_picked":["hexamod:ShieldOfDarkness+1","hexamod:BacktrackSmack+1","hexamod:AdvancingGuard"],"picked":"SKIP","floor":39.0},{"not_picked":["hexamod:ApocalypseNow","hexamod:HauntingEcho+1"],"picked":"hexamod:StepThrough","floor":40.0},{"not_picked":["hexamod:ThirdSeal","hexamod:SuperheatedStrike"],"picked":"hexamod:GhostflameBarrier+1","floor":41.0},{"not_picked":["hexamod:Incineration","hexamod:PhantomCloak+1"],"picked":"hexamod:Again+1","floor":42.0},{"not_picked":["hexamod:ThermalTransfer","hexamod:InspiringFlames+1"],"picked":"hexamod:WildfireWeapon","floor":44.0},{"not_picked":["hexamod:FourthSeal","hexamod:SkipABeat"],"picked":"hexamod:PhantomFireball+1","floor":45.0},{"not_picked":["hexamod:FifthSeal","hexamod:FourthSeal"],"picked":"hexamod:ThermalTransfer","floor":46.0},{"not_picked":["hexamod:NightmareStrike","hexamod:SwordOfDarkness+1"],"picked":"hexamod:NightmareGuise+1","floor":48},{"not_picked":["hexamod:GhostOfSpireFuture+1","hexamod:HauntingEcho+1"],"picked":"hexamod:RainOfEmbers+1","floor":54}],"player_experience":3672555,"relics_obtained":[{"floor":9.0,"key":"FossilizedHelix"},{"floor":10.0,"key":"Pocketwatch"},{"floor":12.0,"key":"Nunchaku"},{"floor":24.0,"key":"Vajra"},{"floor":27.0,"key":"Darkstone Periapt"},{"floor":29.0,"key":"Art of War"},{"floor":34.0,"key":"Dream Catcher"},{"floor":34.0,"key":"InkBottle"},{"floor":34.0,"key":"Old Coin"},{"floor":41.0,"key":"PreservedInsect"},{"floor":44.0,"key":"Boot"},{"floor":46.0,"key":"Akabeko"},{"floor":54,"key":"hexamod:Sixitude"}],"event_choices":[{"damage_healed":0.0,"max_hp_gain":0.0,"max_hp_loss":0.0,"gold_gain":0.0,"cards_transformed":["hexamod:Strike"],"event_name":"Living Wall","player_choice":"Change","floor":2.0,"gold_loss":0.0,"damage_taken":0.0,"cards_obtained":["hexamod:TurnItUp"]},{"cards_removed":["hexamod:Sear"],"damage_healed":0.0,"max_hp_gain":0.0,"max_hp_loss":0.0,"gold_gain":0.0,"event_name":"Bonfire Elementals","player_choice":"Offered Basic","floor":4.0,"gold_loss":0.0,"damage_taken":0.0},{"damage_healed":0.0,"max_hp_gain":0.0,"max_hp_loss":0.0,"gold_gain":0.0,"event_name":"The Woman in Blue","player_choice":"Bought 3 Potions","floor":11.0,"gold_loss":0.0,"damage_taken":0.0},{"damage_healed":0.0,"max_hp_gain":0.0,"max_hp_loss":0.0,"gold_gain":0.0,"event_name":"SensoryStone","player_choice":"Memory 1","floor":36.0,"gold_loss":0.0,"damage_taken":0.0},{"cards_removed":["Injury"],"damage_healed":0.0,"max_hp_gain":0.0,"max_hp_loss":0.0,"gold_gain":0.0,"event_name":"Fountain of Cleansing","player_choice":"Removed Curses","floor":38.0,"gold_loss":0.0,"damage_taken":0.0}],"is_beta":true,"boss_relics":[{"not_picked":["Ectoplasm","Astrolabe"],"picked":"Cursed Key"},{"not_picked":["Philosopher\u0027s Stone","SlaversCollar"],"picked":"Calling Bell"}],"items_purged_floors":[53],"is_endless":false,"potions_floor_spawned":[5,8,12,13,16,18,19,25,27,28,30,35,37,40,41,46,48],"killed_by":"The Heart","ascension_level":1}}