{"host":"8f5cu9y0fpol72qs","time":1611003195,"event":{"mods":["AlwaysNeverKeys","BaseMod","Colored Map","Colored Powertips","Curses Come First","Highlight Path","Key Reminder","Minty Spire (QoL Compilation)","StSLib"],"gold_per_floor":[365,290,307,207,187,187,62,82,108,126,146,181,199,225,225,300,300,316,328,598,448,547,547,565,565,565,584,584,584,584],"floor_reached":29,"language":"ENG","playtime":1484,"items_purged":["Strike_R","Strike_R","Strike_R","Defend_R"],"score":400,"play_id":"8ed3b48f-87fc-469a-9f94-c01daf112d8f","local_time":"20210118125315","is_ascension_mode":true,"campfire_choices":[{"data":"Whirlwind","floor":6.0,"key":"SMITH"},{"data":"Inflame","floor":15,"key":"SMITH"},{"data":"Shockwave","floor":23,"key":"SMITH"},{"floor":25,"key":"REST"}],"circlet_count":0,"master_deck":["AscendersBane","Strike_R+1","Strike_R+1","Defend_R","Defend_R","Defend_R","Bash","Whirlwind+1","Clothesline","Inflame+1","Shockwave+1","Bludgeon","Shrug It Off","Inflame","Limit Break"],"relics":["Burning Blood","Whetstone","StrikeDummy","Centennial Puzzle","Sozu","keyreminder:keyreminder","The Courier"],"acts_visited":["Exordium","TheCity"],"potions_floor_usage":[13,14,24],"damage_taken":[{"damage":4.0,"enemies":"Small Slimes","floor":1.0,"turns":6.0},{"damage":2.0,"enemies":"Cultist","floor":3.0,"turns":5.0},{"damage":6.0,"enemies":"Jaw Worm","floor":8.0,"turns":4.0},{"damage":6.0,"enemies":"Exordium Thugs","floor":10.0,"turns":4.0},{"damage":0.0,"enemies":"3 Louse","floor":11.0,"turns":1.0},{"damage":20.0,"enemies":"Lagavulin","floor":12.0,"turns":7.0},{"damage":13,"enemies":"Large Slime","floor":13,"turns":5},{"damage":12,"enemies":"Gremlin Nob","floor":14,"turns":3},{"damage":18,"enemies":"The Guardian","floor":16,"turns":12},{"damage":6,"enemies":"Shell Parasite","floor":18,"turns":4},{"damage":0,"enemies":"3 Byrds","floor":19,"turns":3},{"damage":32,"enemies":"Sentry and Sphere","floor":24,"turns":6},{"damage":25,"enemies":"Shelled Parasite and Fungi","floor":27,"turns":4},{"damage":18,"enemies":"Snake Plant","floor":29,"turns":1}],"seed_played":"-7131015856830407423","potions_obtained":[{"floor":1.0,"key":"EntropicBrew"},{"floor":5.0,"key":"BlessingOfTheForge"},{"floor":11.0,"key":"SpeedPotion"},{"floor":12.0,"key":"DistilledChaos"},{"floor":13,"key":"Weak Potion"},{"floor":14,"key":"SpeedPotion"},{"floor":16,"key":"Dexterity Potion"}],"is_trial":false,"path_per_floor":["M","$","M","$","?","R","$","M","T","M","M","E","M","E","R","B",null,"M","M","?","$","?","R","M","R","T","M","?","M"],"character_chosen":"IRONCLAD","items_purchased":[],"campfire_rested":1,"item_purchase_floors":[],"current_hp_per_floor":[52,52,56,56,56,56,56,56,56,56,62,48,41,35,35,23,62,62,68,41,41,41,41,15,37,37,18,18,0,0],"gold":584,"neow_bonus":"TWO_FIFTY_GOLD","is_daily":false,"chose_seed":false,"campfire_upgraded":3,"win_rate":0.0,"timestamp":1611003195,"path_taken":["M","$","M","$","?","R","$","M","T","M","?","E","M","E","R","BOSS","M","M","?","?","?","R","M","R","T","M","?","M"],"items_purchased_type":[],"build_version":"2020-12-22","purchased_purges":4,"victory":false,"max_hp_per_floor":[75,75,75,75,75,75,75,75,75,75,75,75,75,75,75,75,75,75,75,75,75,75,75,75,75,75,75,75,75,75],"card_choices":[{"not_picked":["Sentinel","Anger"],"picked":"Whirlwind","floor":1.0},{"not_picked":["Perfected Strike","Shrug It Off"],"picked":"Clothesline","floor":3.0},{"not_picked":["Armaments","Dual Wield","Flex"],"picked":"SKIP","floor":8.0},{"not_picked":["Clothesline","Body Slam"],"picked":"Inflame","floor":10.0},{"not_picked":["Rampage","Entrench"],"picked":"Shockwave","floor":11.0},{"not_picked":["True Grit","Clothesline"],"picked":"Bludgeon","floor":12.0},{"not_picked":["Inflame","Spot Weakness"],"picked":"Shrug It Off","floor":13},{"not_picked":["Armaments","Sword Boomerang"],"picked":"Inflame","floor":14},{"not_picked":["Immolate","Barricade"],"picked":"Limit Break","floor":16},{"not_picked":["Carnage","Iron Wave","Rampage"],"picked":"SKIP","floor":18},{"not_picked":["Flex","Dropkick","Warcry"],"picked":"SKIP","floor":19},{"not_picked":["Cleave","Warcry","Pommel Strike"],"picked":"SKIP","floor":24},{"not_picked":["Thunderclap","Reckless Charge","Twin Strike"],"picked":"SKIP","floor":27}],"player_experience":835054,"relics_obtained":[{"floor":9.0,"key":"Whetstone"},{"floor":12.0,"key":"StrikeDummy"},{"floor":14,"key":"Centennial Puzzle"}],"event_choices":[{"damage_healed":0.0,"max_hp_gain":0.0,"max_hp_loss":0.0,"gold_gain":0.0,"event_name":"The Woman in Blue","player_choice":"Bought 1 Potion","floor":5.0,"gold_loss":0.0,"damage_taken":0.0},{"damage_healed":0,"gold_gain":270,"player_choice":"GOLD GOLD GOLD ","damage_taken":27,"max_hp_gain":0,"max_hp_loss":0,"event_name":"Knowing Skull","floor":20,"potions_obtained":[],"gold_loss":0,"cards_obtained":[]},{"damage_healed":0,"gold_gain":99,"player_choice":"Stole From Cult","damage_taken":0,"max_hp_gain":0,"max_hp_loss":0,"event_name":"Nest","floor":22,"gold_loss":0},{"damage_healed":0,"gold_gain":0,"player_choice":"Opened","damage_taken":0,"relics_obtained":["The Courier"],"max_hp_gain":0,"max_hp_loss":0,"event_name":"The Mausoleum","floor":28,"gold_loss":0}],"is_beta":false,"boss_relics":[{"not_picked":["SacredBark","SlaversCollar"],"picked":"Sozu"}],"items_purged_floors":[2,4,7,21],"is_endless":false,"potions_floor_spawned":[1,11,12,13,14,16,19,27],"killed_by":"Snake Plant","ascension_level":14}}