{"host":"l5xpox9cbdko122s","time":1611001189,"event":{"mods":["BaseMod","Minty Spire (QoL Compilation)"],"gold_per_floor":[114,129,54,69,79,405,355,368,392,392,198,198,210,228,228,326,326,342,206,221,221,231,231,242,242,242,255,255,266,266,276,276,377,377,391,239,239,239],"floor_reached":37,"language":"ENG","playtime":1585,"items_purged":["Defend_P","Strike_P","Eruption","Vigilance"],"score":400,"play_id":"ea798535-148e-453a-87a8-d891a5b559ef","local_time":"20210118151949","is_ascension_mode":false,"campfire_choices":[{"floor":10,"key":"RECALL"},{"floor":12,"key":"REST"},{"data":"PathToVictory","floor":15,"key":"SMITH"},{"data":"PathToVictory","floor":23,"key":"SMITH"},{"floor":25,"key":"REST"},{"data":"PathToVictory","floor":30,"key":"SMITH"},{"floor":32,"key":"REST"}],"circlet_count":0,"master_deck":["Strike_P","Strike_P","Defend_P","Defend_P","Defend_P","PathToVictory+1","CrushJoints","PathToVictory+1","PathToVictory+1","PathToVictory"],"relics":["HolyWater","Old Coin","Membership Card","Happy Flower","Bottled Lightning","Nloth\u0027s Gift","Black Star","Ancient Tea Set"],"acts_visited":["Exordium","TheCity","TheBeyond"],"potions_floor_usage":[4,5,6,6,6,8,13,16,18,20,27,31,35,37],"damage_taken":[{"damage":0,"enemies":"Cultist","floor":1,"turns":1},{"damage":0,"enemies":"2 Louse","floor":2,"turns":1},{"damage":0,"enemies":"Small Slimes","floor":4,"turns":1},{"damage":4,"enemies":"Red Slaver","floor":5,"turns":3},{"damage":4,"enemies":"Gremlin Nob","floor":6,"turns":3},{"damage":9,"enemies":"Gremlin Gang","floor":8,"turns":3},{"damage":0,"enemies":"3 Louse","floor":13,"turns":2},{"damage":0,"enemies":"Lots of Slimes","floor":14,"turns":3},{"damage":18,"enemies":"The Guardian","floor":16,"turns":5},{"damage":0,"enemies":"Shell Parasite","floor":18,"turns":3},{"damage":10,"enemies":"2 Thieves","floor":20,"turns":4},{"damage":5,"enemies":"Chosen and Byrds","floor":22,"turns":3},{"damage":15,"enemies":"Centurion and Healer","floor":24,"turns":4},{"damage":0,"enemies":"3 Cultists","floor":27,"turns":2},{"damage":10,"enemies":"Shelled Parasite and Fungi","floor":29,"turns":3},{"damage":21,"enemies":"Centurion and Healer","floor":31,"turns":4},{"damage":38,"enemies":"Automaton","floor":33,"turns":6},{"damage":35,"enemies":"3 Darklings","floor":35,"turns":3},{"damage":53,"enemies":"2 Orb Walkers","floor":37,"turns":3}],"seed_played":"-8760241297199195555","potions_obtained":[{"floor":4,"key":"EntropicBrew"},{"floor":6,"key":"EntropicBrew"},{"floor":8,"key":"Fire Potion"},{"floor":14,"key":"Energy Potion"},{"floor":24,"key":"LiquidMemories"},{"floor":29,"key":"Weak Potion"},{"floor":33,"key":"SpeedPotion"},{"floor":35,"key":"Block Potion"}],"is_trial":false,"path_per_floor":["M","M","$","M","M","E","?","M","T","R","$","R","M","M","R","B",null,"M","$","M","?","M","R","M","R","T","M","?","M","R","M","R","B",null,"M","$","?"],"character_chosen":"WATCHER","items_purchased":["Membership Card","Happy Flower","Ancient Tea Set"],"campfire_rested":3,"item_purchase_floors":[11,19,36],"current_hp_per_floor":[72,72,72,72,68,64,64,55,55,55,55,72,72,72,72,54,72,72,72,62,62,57,57,42,63,63,63,63,53,53,32,53,15,72,37,37,0,0],"gold":239,"neow_bonus":"THREE_ENEMY_KILL","is_daily":false,"chose_seed":false,"campfire_upgraded":3,"win_rate":0.0,"timestamp":1611001189,"path_taken":["M","?","$","M","?","E","?","M","T","R","$","R","M","M","R","BOSS","M","$","M","?","?","R","M","R","T","?","?","M","R","M","R","BOSS","M","?","?"],"items_purchased_type":["Relic","Relic","Relic"],"build_version":"2020-12-22","purchased_purges":4,"victory":false,"max_hp_per_floor":[72,72,72,72,72,72,72,72,72,72,72,72,72,72,72,72,72,72,72,72,72,72,72,72,72,72,72,72,72,72,72,72,72,72,72,72,72,72],"card_choices":[{"not_picked":["Prostrate","BowlingBash"],"picked":"PathToVictory","floor":1},{"not_picked":["Wallop","Crescendo"],"picked":"CrushJoints","floor":2},{"not_picked":["Halt","Study"],"picked":"PathToVictory","floor":4},{"not_picked":["FlyingSleeves","EmptyBody"],"picked":"PathToVictory","floor":5},{"not_picked":["Swivel","FlurryOfBlows","EmptyBody"],"picked":"SKIP","floor":6},{"not_picked":["WaveOfTheHand","FlurryOfBlows","EmptyFist"],"picked":"SKIP","floor":8},{"not_picked":["FlurryOfBlows","CutThroughFate"],"picked":"PathToVictory","floor":13},{"not_picked":["PathToVictory","Brilliance","EmptyFist"],"picked":"SKIP","floor":14},{"not_picked":["Evaluate","ReachHeaven","ClearTheMind"],"picked":"SKIP","floor":18},{"not_picked":["SashWhip","PathToVictory","EmptyMind+1"],"picked":"SKIP","floor":20},{"not_picked":["EmptyMind","Study","Weave"],"picked":"SKIP","floor":22},{"not_picked":["FlurryOfBlows","Indignation","CrushJoints"],"picked":"SKIP","floor":24},{"not_picked":["WreathOfFlame","Prostrate","JustLucky+1"],"picked":"SKIP","floor":27},{"not_picked":["ClearTheMind+1","ThirdEye+1","WaveOfTheHand"],"picked":"SKIP","floor":29},{"not_picked":["Fasting2","Protect","Perseverance"],"picked":"SKIP","floor":31},{"not_picked":["Establishment","Halt","WaveOfTheHand"],"picked":"SKIP","floor":35}],"player_experience":115413,"relics_obtained":[{"floor":6,"key":"Old Coin"},{"floor":26,"key":"Bottled Lightning"}],"event_choices":[{"cards_removed":["Strike_P"],"damage_healed":0,"gold_gain":0,"player_choice":"Card Removal","damage_taken":0,"max_hp_gain":0,"max_hp_loss":0,"event_name":"The Cleric","floor":7,"gold_loss":50},{"damage_healed":0,"gold_gain":0,"player_choice":"Ignored","damage_taken":0,"max_hp_gain":0,"max_hp_loss":0,"event_name":"Transmorgrifier","floor":21,"gold_loss":0},{"damage_healed":0,"gold_gain":0,"player_choice":"Traded Relic","damage_taken":0,"relics_obtained":["Nloth\u0027s Gift"],"max_hp_gain":0,"max_hp_loss":0,"event_name":"N\u0027loth","floor":28,"relics_lost":["NeowsBlessing"],"gold_loss":0},{"damage_healed":0,"gold_gain":0,"player_choice":"Fight","damage_taken":0,"max_hp_gain":0,"max_hp_loss":0,"event_name":"Mysterious Sphere","floor":37,"gold_loss":0}],"is_beta":false,"boss_relics":[{"not_picked":["Velvet Choker","VioletLotus"],"picked":"HolyWater"},{"not_picked":["SacredBark","Calling Bell"],"picked":"Black Star"}],"items_purged_floors":[3,11,19,36],"is_endless":false,"potions_floor_spawned":[4,6,8,14,24,29,33,35],"killed_by":"2 Orb Walkers","ascension_level":0}}