{"host":"rl5ku05escnl5kxo","time":1611002642,"event":{"mods":["Act Like it!","BaseMod","Minty Spire (QoL Compilation)","StSLib","The Bug Knight"],"gold_per_floor":[112,126,137,59,71,71,81,81,153,171,191,191,207,222,222,326,326,312,328,328,328],"floor_reached":20,"language":"ENG","playtime":1621,"items_purged":[],"score":172,"play_id":"17bcc284-3355-440a-bf81-da7ccf0d0b98","local_time":"20210118124402","is_ascension_mode":false,"campfire_choices":[{"floor":6,"key":"REST"},{"data":"HollowMod:DungDefenderAura","floor":12,"key":"SMITH"},{"floor":15,"key":"REST"}],"circlet_count":0,"master_deck":["HollowMod:NailStrikeStart","HollowMod:NailStrikeStart","HollowMod:NailStrikeStart","HollowMod:NailStrikeStart","HollowMod:QuickDashStart","HollowMod:QuickDashStart","HollowMod:QuickDashStart","HollowMod:QuickDashStart","HollowMod:FocusHealStart","HollowMod:PogoStrike","HollowMod:SoulStrike","HollowMod:BaldurShell","HollowMod:CycloneSlash","HollowMod:MantisMark","HollowMod:SoulSplash","HollowMod:GreatSlash","HollowMod:DungDefenderAura+1","HollowMod:GreatSlash","HollowMod:SoulSplash","HollowMod:DashSlash","HollowMod:HornetsHelp","HollowMod:CloakDash+1","HollowMod:SoulSplash+1"],"relics":["HollowMod:VesselMask","HollowMod:StagPassRelic","SacredBark"],"acts_visited":["Exordium","TheCity"],"potions_floor_usage":[],"damage_taken":[{"damage":3,"enemies":"Jaw Worm","floor":1,"turns":3},{"damage":1,"enemies":"2 Louse","floor":2,"turns":3},{"damage":0,"enemies":"Cultist","floor":3,"turns":3},{"damage":8,"enemies":"Exordium Wildlife","floor":5,"turns":5},{"damage":0,"enemies":"3 Louse","floor":7,"turns":2},{"damage":8,"enemies":"2 Fungi Beasts","floor":10,"turns":3},{"damage":2,"enemies":"Large Slime","floor":11,"turns":4},{"damage":2,"enemies":"Blue Slaver","floor":13,"turns":5},{"damage":16,"enemies":"Lots of Slimes","floor":14,"turns":3},{"damage":16,"enemies":"Slime Boss","floor":16,"turns":6},{"damage":8,"enemies":"2 Thieves","floor":18,"turns":4},{"damage":40,"enemies":"Spheric Guardian","floor":19,"turns":6},{"damage":40,"enemies":"Cultist and Chosen","floor":20,"turns":8}],"seed_played":"648235405523377711","potions_obtained":[{"floor":2,"key":"SteroidPotion"},{"floor":3,"key":"SmokeBomb"},{"floor":5,"key":"FearPotion"},{"floor":7,"key":"Explosive Potion"},{"floor":16,"key":"Swift Potion"}],"is_trial":false,"path_per_floor":["M","M","M","$","M","R","M","?","T","M","M","R","M","M","R","B",null,"M","M","M"],"character_chosen":"THE_BUGKNIGHT","items_purchased":["HollowMod:MantisMark"],"campfire_rested":2,"item_purchase_floors":[4],"current_hp_per_floor":[79,82,82,82,74,82,82,82,82,80,82,82,80,64,82,66,82,74,40,0,0],"gold":328,"neow_bonus":"TEN_PERCENT_HP_BONUS","is_daily":false,"chose_seed":false,"campfire_upgraded":1,"win_rate":0.0,"timestamp":1611002642,"path_taken":["M","M","M","$","M","R","M","?","T","M","M","R","M","M","R","BOSS","M","M","M"],"items_purchased_type":["Card"],"build_version":"2020-12-22","purchased_purges":0,"victory":false,"max_hp_per_floor":[82,82,82,82,82,82,82,82,82,82,82,82,82,82,82,82,82,82,82,82,82],"card_choices":[{"not_picked":["HollowMod:RecoilStrike","HollowMod:BlackTendrils"],"picked":"HollowMod:SoulStrike","floor":1},{"not_picked":["HollowMod:InfectionAssault","HollowMod:InfectedAttack"],"picked":"HollowMod:BaldurShell","floor":2},{"not_picked":["HollowMod:MantisMark","HollowMod:ShapeofUnn"],"picked":"HollowMod:CycloneSlash","floor":3},{"not_picked":["HollowMod:GoodIntentions","HollowMod:VengefulVoid"],"picked":"HollowMod:SoulSplash","floor":5},{"not_picked":["HollowMod:TaintedHusks","HollowMod:NewJinnsSoul"],"picked":"HollowMod:GreatSlash","floor":7},{"not_picked":["HollowMod:CornifersMapStart","HollowMod:NewGlowingWomb"],"picked":"HollowMod:DungDefenderAura","floor":10},{"not_picked":["HollowMod:LifebloodCocoon","HollowMod:CloakDash"],"picked":"HollowMod:GreatSlash","floor":11},{"not_picked":["HollowMod:ElderbugsWisdom","HollowMod:NewLittleFool"],"picked":"HollowMod:SoulSplash","floor":13},{"not_picked":["HollowMod:InfectedAttack","HollowMod:VengefulVoid"],"picked":"HollowMod:DashSlash","floor":14},{"not_picked":["HollowMod:Weaversong","HollowMod:PaleKingsBlessing"],"picked":"HollowMod:HornetsHelp","floor":16},{"not_picked":["HollowMod:TaintedHusks","HollowMod:MothsMistake"],"picked":"HollowMod:CloakDash+1","floor":18},{"not_picked":["HollowMod:SoulStrike","HollowMod:SoulShaman"],"picked":"HollowMod:SoulSplash+1","floor":19}],"player_experience":471602,"relics_obtained":[{"floor":9,"key":"HollowMod:StagPassRelic"}],"event_choices":[{"damage_healed":0,"gold_gain":0,"player_choice":"Leave","damage_taken":0,"max_hp_gain":0,"max_hp_loss":0,"event_name":"The Cleric","floor":8,"gold_loss":0}],"is_beta":false,"boss_relics":[{"not_picked":["Cursed Key","Black Star"],"picked":"SacredBark"}],"items_purged_floors":[],"is_endless":false,"potions_floor_spawned":[2,3,5,7,16],"killed_by":"Cultist and Chosen","ascension_level":0}}