{"host":"suaetoo57rt99mh0","time":1611006413,"event":{"mods":["Act Like it!","Aspiration","BaseMod","Conspire","Defuse TimeMaze Blight","Elementarium","Energized Spire","Hubris","Infinite Spire","Jedi Mod","Minty Spire (QoL Compilation)","Quick Restart","Relic Filter","Replay The Spire","StSLib","The Jungle","Uncapped","UnlockEverythingMod","Useless Jewels Mod","vexMod"],"gold_per_floor":[117,117,131,131,131,131,157,14,63,63,63,82,92,92,92,92,92],"floor_reached":16,"language":"ENG","playtime":594,"items_purged":[],"score":148,"play_id":"14ef1a1b-013e-4ce9-9ce4-0ed61878d72c","local_time":"20210118154653","is_ascension_mode":false,"campfire_choices":[{"floor":6,"key":"REST"},{"floor":15,"key":"REST"}],"circlet_count":0,"master_deck":["conspire:GhostlyStrike","conspire:GhostlyStrike","conspire:GhostlyStrike","conspire:GhostlyStrike","conspire:GhostlyStrike","conspire:GhostlyDefend","conspire:GhostlyDefend","conspire:GhostlyDefend","conspire:GhostlyDefend","Bash","Flame Barrier","Anger","Injury","Intimidate","Pummel+1"],"relics":["Replay:Fungal Core","Pantograph","conspire:Dentures","Bottled Flame","Boot","vexMod:MemoryStick","Molten Egg 2","Mirror"],"acts_visited":["Exordium"],"potions_floor_usage":[7,7,7,16,16],"damage_taken":[{"damage":8,"enemies":"Cultist","floor":1,"turns":4},{"damage":0,"enemies":"2 Louse","floor":3,"turns":3},{"damage":50,"enemies":"Lagavulin","floor":7,"turns":7},{"damage":10,"enemies":"Small Slimes","floor":12,"turns":4},{"damage":10,"enemies":"Blue Slaver","floor":13,"turns":3},{"damage":47,"enemies":"The Guardian","floor":16,"turns":5}],"seed_played":"-8174121278391029424","potions_obtained":[{"floor":1,"key":"EntropicBrew"},{"floor":12,"key":"ElixirPotion"}],"is_trial":false,"path_per_floor":["M","?","M","?","?","R","E","$","T","$","?","M","M","T","R","B"],"character_chosen":"IRONCLAD","items_purchased":["Boot"],"campfire_rested":2,"item_purchase_floors":[8],"current_hp_per_floor":[72,72,72,72,54,78,28,28,28,28,28,18,8,8,32,10,10],"gold":92,"neow_bonus":"BOSS_RELIC","is_daily":false,"chose_seed":false,"campfire_upgraded":0,"win_rate":0.0,"timestamp":1611006413,"path_taken":["M","?","?","?","?","R","E","$","T","?","?","M","?","?","R","BOSS"],"items_purchased_type":["Relic"],"build_version":"2020-12-22","purchased_purges":0,"victory":false,"max_hp_per_floor":[80,80,80,80,80,80,80,80,80,80,80,80,80,80,80,80,80],"card_choices":[{"not_picked":["Clothesline","hubris:SharpeningStone"],"picked":"jedi:MakeshiftSword","floor":1},{"not_picked":["Sentinel","Dark Embrace"],"picked":"Flame Barrier","floor":3},{"not_picked":["Wild Strike","Iron Wave"],"picked":"Anger","floor":7},{"not_picked":["Twin Strike+1","True Grit"],"picked":"Intimidate","floor":12},{"not_picked":["Infernal Blade","Rage"],"picked":"Pummel+1","floor":13}],"player_experience":89425,"relics_obtained":[{"floor":7,"key":"Bottled Flame"},{"floor":9,"key":"vexMod:MemoryStick"},{"floor":14,"key":"Mirror"}],"event_choices":[{"cards_removed":["jedi:MakeshiftSword"],"damage_healed":0,"gold_gain":0,"player_choice":"Gave Card","damage_taken":0,"relics_obtained":["Pantograph"],"max_hp_gain":0,"max_hp_loss":0,"event_name":"WeMeetAgain","floor":2,"gold_loss":0},{"damage_healed":0,"gold_gain":0,"player_choice":"Agree","damage_taken":0,"max_hp_gain":0,"max_hp_loss":0,"event_name":"conspire:LoneGhost","floor":4,"gold_loss":0},{"damage_healed":0,"gold_gain":0,"player_choice":"Success","damage_taken":18,"relics_obtained":["conspire:Dentures"],"max_hp_gain":0,"max_hp_loss":0,"event_name":"Scrap Ooze","floor":5,"gold_loss":0}],"is_beta":false,"boss_relics":[],"items_purged_floors":[],"is_endless":false,"potions_floor_spawned":[1,12],"killed_by":"The Guardian","ascension_level":0}}