{"host":"0hso8scipor0iz5a","time":1611000011,"event":{"mods":["Act Like it!","BaseMod","Better Altar","Better Match","Better Sensory Stone","Better Skull","Better Third Choice","Gensokyo","GifTheSpireLib","Hallownest","Hubris","Jedi Mod","Minty Spire (QoL Compilation)","Quarter Circle Forward PUNCH!","Replay The Spire","Reworked Bosses","StSLib"],"gold_per_floor":[109,125,302,321,321,321,321,321],"floor_reached":7,"language":"FRA","playtime":337,"items_purged":[],"score":82,"play_id":"8594965f-5eb1-4941-b0dd-03b8db698660","local_time":"20210118210011","is_ascension_mode":true,"campfire_choices":[{"data":"Discovery","floor":6,"key":"SMITH"}],"circlet_count":0,"master_deck":["AscendersBane","Strike_G","Strike_G","Strike_G","Strike_G","Strike_G","Defend_G","Defend_G","Defend_G","Defend_G","Defend_G","Survivor","Neutralize","Discovery+1","Deadly Poison","Slice","Prepared"],"relics":["Ring of the Snake","Juzu Bracelet","Hallownest:DreamNailRelic"],"acts_visited":["Hallownest:Greenpath"],"potions_floor_usage":[7],"damage_taken":[{"damage":2,"enemies":"2_ Uuma","floor":1,"turns":8},{"damage":7,"enemies":"Hallownest:2_Tiktiks_and_1_Crawlid","floor":2,"turns":5},{"damage":0,"enemies":"Hallownest:monsterHuskWarrior","floor":4,"turns":2},{"damage":32,"enemies":"Hallownest:eliteCrystalGuardian","floor":7,"turns":5}],"seed_played":"-2923170648024172355","potions_obtained":[{"floor":1,"key":"Toxic Potion"},{"floor":4,"key":"SneckoOil"}],"is_trial":false,"path_per_floor":["M","M","?","M","?","R","E"],"character_chosen":"THE_SILENT","items_purchased":[],"campfire_rested":0,"item_purchase_floors":[],"current_hp_per_floor":[57,50,22,22,22,22,0,0],"gold":321,"neow_bonus":"RANDOM_COLORLESS","is_daily":false,"chose_seed":false,"campfire_upgraded":1,"win_rate":0.0,"timestamp":1611000011,"path_taken":["M","M","?","M","?","R","E"],"items_purchased_type":[],"build_version":"2020-12-22","purchased_purges":0,"victory":false,"max_hp_per_floor":[66,66,66,66,66,66,66,66],"card_choices":[{"not_picked":["Impatience","Blind"],"picked":"Discovery","floor":0},{"not_picked":["Dagger Throw","Blur"],"picked":"Deadly Poison","floor":1},{"not_picked":["Dagger Throw","Finisher"],"picked":"Slice","floor":2},{"not_picked":["Cloak And Dagger","Setup"],"picked":"Prepared","floor":4}],"player_experience":1446315,"relics_obtained":[],"event_choices":[{"damage_healed":0,"gold_gain":177,"player_choice":"GO GO RE ","damage_taken":32,"relics_obtained":["Juzu Bracelet"],"max_hp_gain":0,"max_hp_loss":0,"event_name":"betterSkull:BetterSkull","floor":3,"gold_loss":0,"cards_upgraded":[]}],"is_beta":false,"boss_relics":[],"items_purged_floors":[],"is_endless":false,"potions_floor_spawned":[1,4],"killed_by":"Hallownest:eliteCrystalGuardian","ascension_level":20}}