{"host":"kjcsj8kbkx3w6fc4","time":1611014379,"event":{"mods":["2.2 Compatiblity","Aspiration","BaseMod","Better Third Choice","Conspire","Downfall","Hermit","Infinite Spire","Minty Spire (QoL Compilation)","Permanent Neow","Reimu??????","Shedinja","StSLib","The Cursed","The Poker Player","The Servant 0.9.4"],"gold_per_floor":[110,130,130,144,157,184,184,184,184,93,105,137,137,127,127,127,127],"floor_reached":16,"language":"ENG","playtime":934,"items_purged":[],"score":112,"play_id":"40ea473d-e60b-460e-9c2d-26cb71692686","local_time":"20210118185939","is_ascension_mode":false,"campfire_choices":[{"data":"hermit:GoldenBullet","floor":15,"key":"SMITH"}],"circlet_count":0,"master_deck":["hermit:Strike_Hermit","hermit:Strike_Hermit","hermit:Strike_Hermit","hermit:Strike_Hermit","hermit:Defend_Hermit","hermit:Defend_Hermit","hermit:Defend_Hermit","hermit:Defend_Hermit","hermit:Snapshot","hermit:Covet","hermit:Shortfuse","hermit:ShadowCloak","hermit:LowProfile","hermit:Misfire","hermit:Dissolve","hermit:Vantage","Shedinja:AerialAce","hermit:GoldenBullet+1","hermit:SprayPray","hermit:Snipe","hermit:Cheat","hermit:Desperado"],"relics":["hermit:Momento","aspiration:Nostalgia","Uniform","conspire:TopHat","Shedinja:EnergyLoss","Bottled Lightning","Eternal Feather","CultistMask"],"acts_visited":["Exordium"],"potions_floor_usage":[12,12,16],"damage_taken":[{"damage":2,"enemies":"Small Slimes","floor":1,"turns":5},{"damage":0,"enemies":"Cultist","floor":2,"turns":3},{"damage":0,"enemies":"2 Louse","floor":4,"turns":3},{"damage":11,"enemies":"Exordium Wildlife","floor":5,"turns":5},{"damage":21,"enemies":"3 Sentries","floor":6,"turns":11},{"damage":9,"enemies":"3 Louse","floor":11,"turns":3},{"damage":16,"enemies":"Lagavulin","floor":12,"turns":7},{"damage":0,"enemies":"Exordium Thugs","floor":14,"turns":4},{"damage":33,"enemies":"Slime Boss","floor":16,"turns":5}],"seed_played":"7709932353518653732","potions_obtained":[{"floor":1,"key":"bronze:BurnAndBuffPotion"},{"floor":4,"key":"bronze:BurnAndBuffPotion"},{"floor":6,"key":"sneckomod:MuddlingPotion"},{"floor":12,"key":"EssenceOfSteel"}],"is_trial":false,"path_per_floor":["M","M","?","M","M","E","?","?","T","$","M","E","?","M","R","B"],"character_chosen":"HERMIT","items_purchased":["hermit:GoldenBullet","hermit:SprayPray"],"campfire_rested":0,"item_purchase_floors":[10,10],"current_hp_per_floor":[73,73,73,73,62,41,41,41,41,41,32,16,16,16,28,0,0],"gold":127,"neow_bonus":"NOSTALGIA","is_daily":false,"chose_seed":false,"campfire_upgraded":1,"win_rate":0.0,"timestamp":1611014379,"path_taken":["M","M","?","?","M","E","?","?","T","?","M","E","?","M","R","BOSS"],"items_purchased_type":["Card","Card"],"build_version":"2020-12-22","purchased_purges":0,"victory":false,"max_hp_per_floor":[75,75,75,75,75,75,75,75,75,75,75,75,75,75,75,75,75],"card_choices":[{"not_picked":["hermit:Quickdraw","hermit:LowProfile"],"picked":"hermit:Shortfuse","floor":1},{"not_picked":["hermit:Roulette","hermit:TakeAim"],"picked":"hermit:ShadowCloak","floor":2},{"not_picked":["hermit:Malice","hermit:Manifest"],"picked":"hermit:Misfire","floor":4},{"not_picked":["hermit:HighCaliber","hermit:Deadeye"],"picked":"hermit:Dissolve","floor":5},{"not_picked":["hermit:LowProfile","hermit:BodyArmor"],"picked":"hermit:Vantage","floor":6},{"not_picked":["hermit:Ricochet","hermit:HoleUp"],"picked":"hermit:Snipe","floor":11},{"not_picked":["hermit:Horror","hermit:TakeAim"],"picked":"hermit:Cheat","floor":12},{"not_picked":["hermit:Ricochet","hermit:Manifest"],"picked":"hermit:Desperado","floor":14}],"player_experience":136526,"relics_obtained":[{"floor":6,"key":"conspire:TopHat"},{"floor":9,"key":"Bottled Lightning"},{"floor":12,"key":"Eternal Feather"}],"event_choices":[{"damage_healed":0,"gold_gain":0,"player_choice":"1 cards matched","damage_taken":0,"max_hp_gain":0,"max_hp_loss":0,"event_name":"Match and Keep!","floor":3,"gold_loss":0,"cards_obtained":["hermit:LowProfile"]},{"damage_healed":0,"gold_gain":0,"player_choice":"Trade","damage_taken":0,"relics_obtained":["CultistMask"],"max_hp_gain":0,"max_hp_loss":0,"event_name":"FaceTrader","floor":13,"gold_loss":0}],"is_beta":false,"boss_relics":[],"items_purged_floors":[],"is_endless":false,"potions_floor_spawned":[1,4,6,12],"killed_by":"Slime Boss","ascension_level":0}}