{"host":"dftyqn972q7tuon4","time":1611005189,"event":{"mods":["AchievementEnabler","BaseMod","Better Altar","Better Match","Better Note","Better Sensory Stone","Better Skull","Better Third Choice","Colored Powertips","Highlight Path","Minty Spire (QoL Compilation)","Permanent Neow","Quick Restart","StSLib"],"gold_per_floor":[114,132,152,124,124,124,149,74,74,88,88,98,132,148,148,244,244,258,270,288,300,215,215,243,243,266,29,29,29,29,47,47,144,144,160,260,271,285,285,313,338,379,417,429,452,464,28,48,48,48],"floor_reached":51,"language":"ENG","playtime":3425,"items_purged":["Defend_P+1"],"score":1321,"play_id":"554e86da-fa9c-4578-9ebf-9fd8dda8d9dc","local_time":"20210118222629","is_ascension_mode":true,"campfire_choices":[{"data":"BowlingBash","floor":6.0,"key":"SMITH"},{"floor":15.0,"key":"REST"},{"floor":23.0,"key":"REST"},{"floor":29,"key":"REST"},{"data":"Devotion","floor":32,"key":"SMITH"},{"data":"Establishment","floor":44,"key":"SMITH"},{"data":"Fasting2","floor":49,"key":"SMITH"}],"circlet_count":0,"master_deck":["AscendersBane","Strike_P+1","Strike_P+1","Strike_P+1","Defend_P+1","Defend_P+1","Defend_P+1","Eruption+1","Vigilance+1","BowlingBash+1","CrushJoints+1","FlurryOfBlows+1","Wallop+1","Wireheading+1","Devotion+1","Halt+1","MentalFortress+1","FearNoEvil+1","Establishment+1","Prostrate+1","Protect+1","Study+1","Pray+1","TalkToTheHand+1","Ghostly+1","Ghostly+1","Ghostly+1","Ghostly+1","Ghostly+1","Protect+1","WindmillStrike+1","Perseverance+1","ConjureBlade+1","ForeignInfluence+1","InnerPeace+1","DevaForm+1","CutThroughFate+1","JustLucky+1","Weave+1","Prostrate+1","Fasting2+1"],"relics":["PureWater","Vajra","betterThird:SlimedRelic","Incense Burner","Bottled Flame","FossilizedHelix","Sozu","War Paint","Potion Belt","Orichalcum","Lee\u0027s Waffle","Enchiridion","Busted Crown","MawBank","Letter Opener","PreservedInsect","Mark of the Bloom","Calipers"],"acts_visited":["Exordium","TheCity","TheBeyond"],"potions_floor_usage":[],"damage_taken":[{"damage":3.0,"enemies":"Jaw Worm","floor":1.0,"turns":6.0},{"damage":0.0,"enemies":"2 Louse","floor":2.0,"turns":2.0},{"damage":1.0,"enemies":"Cultist","floor":3.0,"turns":3.0},{"damage":22.0,"enemies":"3 Sentries","floor":7.0,"turns":4.0},{"damage":0.0,"enemies":"2 Fungi Beasts","floor":10.0,"turns":1.0},{"damage":2.0,"enemies":"Exordium Wildlife","floor":12.0,"turns":3.0},{"damage":0.0,"enemies":"Lagavulin","floor":13.0,"turns":3.0},{"damage":0.0,"enemies":"Lots of Slimes","floor":14.0,"turns":3.0},{"damage":10.0,"enemies":"The Guardian","floor":16.0,"turns":7.0},{"damage":0.0,"enemies":"Chosen","floor":18.0,"turns":3.0},{"damage":24.0,"enemies":"Shell Parasite","floor":19.0,"turns":7.0},{"damage":7.0,"enemies":"Cultist and Chosen","floor":20.0,"turns":6.0},{"damage":8.0,"enemies":"Snake Plant","floor":21.0,"turns":4.0},{"damage":40,"enemies":"Slavers","floor":24,"turns":9},{"damage":0,"enemies":"3 Cultists","floor":31,"turns":5},{"damage":0,"enemies":"Champ","floor":33,"turns":10},{"damage":0,"enemies":"3 Darklings","floor":35,"turns":7},{"damage":2,"enemies":"3 Shapes","floor":37,"turns":6},{"damage":0,"enemies":"Maw","floor":38,"turns":8},{"damage":0,"enemies":"Nemesis","floor":40,"turns":9},{"damage":0,"enemies":"Transient","floor":41,"turns":5},{"damage":1,"enemies":"Reptomancer","floor":42,"turns":8},{"damage":0,"enemies":"3 Darklings","floor":45,"turns":6},{"damage":0,"enemies":"Maw","floor":48,"turns":7},{"damage":23,"enemies":"Donu and Deca","floor":50,"turns":8}],"seed_played":"-2107237201162014965","potions_obtained":[{"floor":1.0,"key":"LiquidBronze"},{"floor":7.0,"key":"SteroidPotion"},{"floor":13.0,"key":"SmokeBomb"},{"floor":14.0,"key":"Strength Potion"}],"is_trial":false,"path_per_floor":["M","M","M","?","?","R","E","?","T","M","?","M","E","M","R","B",null,"M","M","M","M","?","R","E","?","T","$","?","R","$","M","R","B",null,"M","?","M","M","?","E","M","E","T","R","M","?","$","M","R","B",null],"character_chosen":"WATCHER","items_purchased":["Lee\u0027s Waffle","Protect","WindmillStrike","Fasting2","Calipers"],"campfire_rested":3,"item_purchase_floors":[27,27,27,47,47],"current_hp_per_floor":[62,62,61,50,55,55,33,33,33,33,26,24,24,24,47,37,67,67,43,36,28,28,51,11,11,11,45,29,42,42,42,42,42,44,44,44,42,42,33,33,33,32,32,32,32,32,32,32,32,9],"gold":48,"neow_bonus":"RANDOM_COMMON_RELIC","is_daily":false,"chose_seed":false,"campfire_upgraded":4,"win_rate":0.0,"timestamp":1611005189,"path_taken":["M","M","M","?","?","R","E","?","T","M","?","M","E","?","R","BOSS","M","?","M","M","?","R","E","?","T","$","?","R","?","M","R","BOSS","M","?","?","?","?","E","M","E","T","R","M","?","?","?","R","BOSS"],"items_purchased_type":["Relic","Card","Card","Card","Relic"],"build_version":"2020-12-22","purchased_purges":1,"victory":true,"max_hp_per_floor":[72,72,72,72,77,77,77,77,77,77,77,77,77,77,77,77,77,77,77,77,77,77,77,77,38,38,45,45,45,45,45,45,45,45,45,45,45,45,45,45,45,45,45,45,45,45,45,45,45,45],"card_choices":[{"not_picked":["SandsOfTime","Meditate"],"picked":"BowlingBash","floor":1.0},{"not_picked":["LikeWater","Halt"],"picked":"CrushJoints","floor":2.0},{"not_picked":["SashWhip","Crescendo"],"picked":"FlurryOfBlows","floor":3.0},{"not_picked":["EmptyFist","CarveReality"],"picked":"Wallop","floor":7.0},{"not_picked":["Wallop+1","Worship+1"],"picked":"Wireheading+1","floor":8.0},{"not_picked":["ClearTheMind","SashWhip"],"picked":"Devotion","floor":10.0},{"not_picked":["Evaluate","CrushJoints"],"picked":"Halt","floor":12.0},{"not_picked":["Meditate","CrushJoints"],"picked":"MentalFortress","floor":13.0},{"not_picked":["Protect","FollowUp"],"picked":"FearNoEvil","floor":14.0},{"not_picked":["Judgement","Vault"],"picked":"Establishment","floor":16.0},{"not_picked":["WheelKick+1","CrushJoints"],"picked":"Prostrate","floor":18.0},{"not_picked":["Wallop","Perseverance"],"picked":"Protect+1","floor":19.0},{"not_picked":["Wireheading","Swivel"],"picked":"Study+1","floor":20.0},{"not_picked":["Perseverance","ClearTheMind"],"picked":"Pray+1","floor":21.0},{"not_picked":["Prostrate","FollowUp"],"picked":"TalkToTheHand+1","floor":24},{"not_picked":["Vengeance+1","LessonLearned"],"picked":"Perseverance","floor":31},{"not_picked":["Omniscience","Ragnarok"],"picked":"ConjureBlade","floor":33},{"not_picked":["ClearTheMind"],"picked":"SKIP","floor":35},{"not_picked":[],"picked":"ForeignInfluence+1","floor":37},{"not_picked":[],"picked":"InnerPeace+1","floor":38},{"not_picked":[],"picked":"CutThroughFate","floor":40},{"not_picked":[],"picked":"JustLucky+1","floor":41},{"not_picked":[],"picked":"Weave","floor":42},{"not_picked":[],"picked":"Prostrate","floor":45},{"not_picked":["FollowUp"],"picked":"SKIP","floor":48}],"player_experience":702238,"relics_obtained":[{"floor":7.0,"key":"Incense Burner"},{"floor":9.0,"key":"Bottled Flame"},{"floor":13.0,"key":"FossilizedHelix"},{"floor":24,"key":"Potion Belt"},{"floor":26,"key":"Orichalcum"},{"floor":28,"key":"Enchiridion"},{"floor":40,"key":"MawBank"},{"floor":42,"key":"Letter Opener"},{"floor":43,"key":"PreservedInsect"}],"event_choices":[{"damage_healed":0.0,"max_hp_gain":0.0,"max_hp_loss":0.0,"gold_gain":0.0,"event_name":"betterThird:BetterGoop","player_choice":"Slimed","floor":4.0,"gold_loss":28.0,"damage_taken":11.0},{"damage_healed":0.0,"max_hp_gain":5.0,"max_hp_loss":0.0,"gold_gain":0.0,"event_name":"Big Fish","player_choice":"Donut","floor":5.0,"gold_loss":0.0,"damage_taken":0.0},{"damage_healed":0.0,"max_hp_gain":0.0,"max_hp_loss":0.0,"gold_gain":0.0,"event_name":"betterMatch:BetterMatch","player_choice":"2","floor":8.0,"gold_loss":0.0,"damage_taken":0.0,"cards_obtained":["betterMatch:UncommonCard"]},{"cards_removed":["Strike_P"],"damage_healed":0.0,"max_hp_gain":0.0,"max_hp_loss":0.0,"gold_gain":0.0,"event_name":"Golden Wing","player_choice":"Card Removal","floor":11.0,"gold_loss":0.0,"damage_taken":7.0},{"damage_healed":0.0,"max_hp_gain":0.0,"max_hp_loss":0.0,"gold_gain":0.0,"event_name":"Addict","player_choice":"Obtained Relic","floor":22.0,"gold_loss":85.0,"damage_taken":0.0,"relics_obtained":["War Paint"]},{"damage_healed":0,"gold_gain":0,"player_choice":"Became a Ghost","damage_taken":0,"max_hp_gain":0,"max_hp_loss":39,"event_name":"Ghosts","floor":25,"gold_loss":0,"cards_obtained":["Ghostly","Ghostly","Ghostly","Ghostly","Ghostly"]},{"damage_healed":0,"gold_gain":0,"player_choice":"Obtained Book","damage_taken":16,"max_hp_gain":0,"max_hp_loss":0,"event_name":"Cursed Tome","floor":28,"gold_loss":0},{"damage_healed":0,"gold_gain":100,"player_choice":"Pray","damage_taken":0,"max_hp_gain":0,"max_hp_loss":0,"event_name":"Golden Shrine","floor":36,"gold_loss":0},{"damage_healed":0,"gold_gain":3,"player_choice":"2","damage_taken":0,"max_hp_gain":0,"max_hp_loss":9,"event_name":"betterStone:BetterStone","floor":39,"gold_loss":0},{"damage_healed":0,"gold_gain":0,"player_choice":"Upgrade","damage_taken":0,"relics_obtained":["Mark of the Bloom"],"max_hp_gain":0,"max_hp_loss":0,"event_name":"MindBloom","floor":46,"gold_loss":0,"cards_upgraded":["Strike_P","Strike_P","Strike_P","Defend_P","Defend_P","Defend_P","Eruption","CrushJoints","FlurryOfBlows","Wallop","Halt","MentalFortress","FearNoEvil","Prostrate","Ghostly","Ghostly","Ghostly","Ghostly","Ghostly","Protect","WindmillStrike","Perseverance","ConjureBlade","DevaForm","CutThroughFate","Weave","Prostrate"]}],"is_beta":false,"boss_relics":[{"not_picked":["Fusion Hammer","Ectoplasm"],"picked":"Sozu"},{"not_picked":["Runic Dome","Tiny House"],"picked":"Busted Crown"}],"items_purged_floors":[47],"is_endless":false,"potions_floor_spawned":[1,7,13,14,20,21,24,31,35,45,48],"ascension_level":10}}