{"host":"7zdktqb5xjtif29d","time":1611010845,"event":{"mods":["AchievementEnabler","BaseMod","Colored Map","Colored Powertips","Dark Map","Highlight Path","Minty Spire (QoL Compilation)","Rare Cards Sparkle","SuperFastMode","Waifu the Spire","everything is the same but u backflip on backflip"],"gold_per_floor":[110,122,132,151,162,190,190,208,208,218,218,251,251,280,280,376,376,391,403,423,439,459,459,474,474,474],"floor_reached":25,"language":"ENG","playtime":1013,"items_purged":[],"score":323,"play_id":"8f55e5f1-ec32-439d-8cf5-42691ad31322","local_time":"20210118230045","is_ascension_mode":true,"campfire_choices":[{"data":"Catalyst","floor":7.0,"key":"SMITH"},{"floor":11.0,"key":"REST"},{"data":"Bane","floor":13.0,"key":"SMITH"},{"floor":15.0,"key":"REST"},{"floor":23.0,"key":"REST"}],"circlet_count":0,"master_deck":["Strike_G","Strike_G","Strike_G","Strike_G","Strike_G","Defend_G","Defend_G","Defend_G","Defend_G","Defend_G","Survivor","Neutralize","Deadly Poison","Bane+1","Backflip","Deadly Poison","Poisoned Stab","Catalyst+1","Backflip","Noxious Fumes+1","Catalyst","Burst","Catalyst","Deadly Poison","Backflip","Backstab+1"],"relics":["Philosopher\u0027s Stone","Prayer Wheel","Matryoshka","Frozen Egg 2","HornCleat","Velvet Choker"],"acts_visited":["Exordium","TheCity"],"potions_floor_usage":[25],"damage_taken":[{"damage":0.0,"enemies":"Cultist","floor":1.0,"turns":5.0},{"damage":0.0,"enemies":"2 Louse","floor":2.0,"turns":3.0},{"damage":12.0,"enemies":"Jaw Worm","floor":3.0,"turns":5.0},{"damage":7.0,"enemies":"3 Louse","floor":4.0,"turns":5.0},{"damage":2.0,"enemies":"Looter","floor":5.0,"turns":3.0},{"damage":9.0,"enemies":"Lagavulin","floor":6.0,"turns":6.0},{"damage":10.0,"enemies":"Gremlin Gang","floor":8.0,"turns":5.0},{"damage":0.0,"enemies":"2 Fungi Beasts","floor":10.0,"turns":4.0},{"damage":19.0,"enemies":"Gremlin Nob","floor":12.0,"turns":3.0},{"damage":9.0,"enemies":"Lagavulin","floor":14.0,"turns":4.0},{"damage":0.0,"enemies":"Slime Boss","floor":16.0,"turns":3.0},{"damage":6.0,"enemies":"Shell Parasite","floor":18.0,"turns":4.0},{"damage":14.0,"enemies":"Chosen","floor":19.0,"turns":2.0},{"damage":8.0,"enemies":"Snecko","floor":20.0,"turns":4.0},{"damage":3.0,"enemies":"Centurion and Healer","floor":21.0,"turns":4.0},{"damage":24.0,"enemies":"Sentry and Sphere","floor":22.0,"turns":5.0},{"damage":21.0,"enemies":"3 Cultists","floor":24.0,"turns":5.0},{"damage":15,"enemies":"Book of Stabbing","floor":25,"turns":3}],"seed_played":"8609929661689392125","potions_obtained":[{"floor":1.0,"key":"Poison Potion"},{"floor":8.0,"key":"CultistPotion"},{"floor":10.0,"key":"SpeedPotion"},{"floor":14.0,"key":"Dexterity Potion"},{"floor":19.0,"key":"Ancient Potion"}],"is_trial":false,"path_per_floor":["M","M","M","M","M","E","R","M","T","M","R","E","R","E","R","B",null,"M","M","M","M","M","R","M","E"],"character_chosen":"THE_SILENT","items_purchased":[],"campfire_rested":3,"item_purchase_floors":[],"current_hp_per_floor":[70,70,58,51,49,40,40,30,30,30,51,32,32,23,44,44,70,64,50,42,39,15,36,15,0,0],"gold":474,"neow_bonus":"BOSS_RELIC","is_daily":false,"chose_seed":false,"campfire_upgraded":2,"win_rate":0.0,"timestamp":1611010845,"path_taken":["M","M","M","M","M","E","R","M","T","M","R","E","R","E","R","BOSS","M","M","M","M","?","R","M","E"],"items_purchased_type":[],"build_version":"2020-12-22","purchased_purges":0,"victory":false,"max_hp_per_floor":[70,70,70,70,70,70,70,70,70,70,70,70,70,70,70,70,70,70,70,70,70,70,70,70,70,70],"card_choices":[{"not_picked":["Escape Plan","Endless Agony"],"picked":"Deadly Poison","floor":1.0},{"not_picked":["Dodge and Roll","Outmaneuver"],"picked":"Bane","floor":2.0},{"not_picked":["Dagger Spray","Skewer"],"picked":"Backflip","floor":3.0},{"not_picked":["Finisher","Underhanded Strike"],"picked":"Deadly Poison","floor":4.0},{"not_picked":["Quick Slash","Flechettes"],"picked":"Poisoned Stab","floor":5.0},{"not_picked":["Terror","Slice"],"picked":"Catalyst","floor":6.0},{"not_picked":["Riddle With Holes","Acrobatics","Slice"],"picked":"SKIP","floor":8.0},{"not_picked":["Finisher","Outmaneuver","Deflect"],"picked":"SKIP","floor":8.0},{"not_picked":["Blade Dance","Dagger Spray"],"picked":"Backflip","floor":10.0},{"not_picked":["Night Terror","Outmaneuver","Cloak And Dagger"],"picked":"SKIP","floor":10.0},{"not_picked":["Escape Plan","Deflect"],"picked":"Noxious Fumes+1","floor":12.0},{"not_picked":["Blade Dance","Cloak And Dagger"],"picked":"Catalyst","floor":14.0},{"not_picked":["Corpse Explosion","Glass Knife"],"picked":"Burst","floor":16.0},{"not_picked":["Leg Sweep","Eviscerate"],"picked":"Catalyst","floor":18.0},{"not_picked":["Dagger Throw","Backflip+1"],"picked":"Deadly Poison","floor":18.0},{"not_picked":["Dash","Slice","Dagger Throw"],"picked":"SKIP","floor":19.0},{"not_picked":["Deadly Poison+1","Underhanded Strike","Prepared"],"picked":"SKIP","floor":19.0},{"not_picked":["Cloak And Dagger","Flying Knee","PiercingWail"],"picked":"SKIP","floor":20.0},{"not_picked":["Prepared","Deflect+1","Caltrops+1"],"picked":"SKIP","floor":20.0},{"not_picked":["Choke+1","Infinite Blades+1"],"picked":"Backflip","floor":21.0},{"not_picked":["Infinite Blades+1","Catalyst","Dodge and Roll+1"],"picked":"SKIP","floor":21.0},{"not_picked":["Blade Dance","Dagger Throw"],"picked":"Backstab+1","floor":22.0},{"not_picked":["Dodge and Roll+1","Cloak And Dagger","Reflex"],"picked":"SKIP","floor":22.0},{"not_picked":["Dodge and Roll","Accuracy+1","Deflect"],"picked":"SKIP","floor":24.0},{"not_picked":["Riddle With Holes","Flying Knee","Deadly Poison"],"picked":"SKIP","floor":24.0}],"player_experience":243743,"relics_obtained":[{"floor":6.0,"key":"Prayer Wheel"},{"floor":9.0,"key":"Matryoshka"},{"floor":12.0,"key":"Frozen Egg 2"},{"floor":14.0,"key":"HornCleat"}],"event_choices":[],"is_beta":false,"boss_relics":[{"not_picked":["Busted Crown","HoveringKite"],"picked":"Velvet Choker"}],"items_purged_floors":[],"is_endless":false,"potions_floor_spawned":[1,8,10,14,19,21],"killed_by":"Book of Stabbing","ascension_level":3}}