{"host":"pno9h1fupbyz205f","time":1611007416,"event":{"mods":["Aspiration","BaseMod","Better Altar","Better Match","Better Note","Better Sensory Stone","Better Skull","Better Third Choice","Colored Map","Colored Powertips","Hermit","Highlight Path","Hubris","Infinite Spire","Jedi Mod","Mad Scientist","Marisa????????","Minty Spire (QoL Compilation)","Permanent Neow","Potionbrewer","Prisma Mod","Replay The Spire","Robot Space Explorer","Shop Mod","Spicy Shops","StSLib","Td1madao Mod","The Blackbeard","The Gatherer","The Hierophant","The Marked","The Poker Player","The Runesmith","The Servant 0.9.4","The Spell Scribe","The Vixen","thorton","vexMod"],"gold_per_floor":[113,113,129,144,158,197,197,237,312,312,326,326,251,50,50,178,178,218,218,218,232,232,271,371,392,418,452,452,470,505,505,609,732,732,761,786,786,824,824,824,837,837,837],"floor_reached":42,"language":"ENG","playtime":2058,"items_purged":["hermit:Defend_Hermit","hermit:GhostlyPresence"],"score":523,"play_id":"0cf7645d-32bf-4b1f-9211-3ae10ae1d4c6","local_time":"20210118140336","is_ascension_mode":false,"campfire_choices":[{"floor":7,"key":"REST"},{"floor":10,"key":"REST"},{"data":"hermit:LoneWolf","floor":15,"key":"SMITH"},{"floor":28,"key":"REST"},{"data":"hermit:HighNoon","floor":40,"key":"SMITH"}],"circlet_count":0,"master_deck":["hermit:Strike_Hermit+1","hermit:Strike_Hermit+1","hermit:Strike_Hermit+1","hermit:Strike_Hermit+1","hermit:Defend_Hermit+1","hermit:Defend_Hermit+1","hermit:Defend_Hermit+1","hermit:Snapshot","hermit:Covet","hermit:EyeOfTheStorm+1","hermit:Deadeye","hermit:Maintenance+1","hermit:Dive","hermit:Horror","Master of Strategy","hermit:DeadOrAlive","hermit:LoneWolf+1","hermit:Maintenance+1","hermit:Reprieve","hermit:EyeOfTheStorm+1","infinitespire:Starlight","hermit:LoneWolf+1","hermit:BlackWind","hermit:Showdown+1","hermit:Gestalt","hermit:HighNoon+1","hermit:Brawl+1","hermit:Glare","hermit:Gambit","hubris:Insight"],"relics":["hermit:Momento","infinitespire:PuzzleCube","Golden Idol","Smiling Mask","vexMod:HeadHunter","Darkstone Periapt","DollysMirror","vexMod:BigBerry","jedi:othersneckoeye","aspiration:StickyExplosives_weak","vexMod:MemoryStick","Blue Candle","hubris:SlimyHat","aspiration:FutureDiary"],"acts_visited":["Exordium","TheCity","TheBeyond"],"potions_floor_usage":[6,8,23,30,33,33,35],"damage_taken":[{"damage":2,"enemies":"2 Louse","floor":1,"turns":2},{"damage":5,"enemies":"Small Slimes","floor":3,"turns":3},{"damage":1,"enemies":"Cultist","floor":4,"turns":4},{"damage":0,"enemies":"2 Fungi Beasts","floor":5,"turns":3},{"damage":21,"enemies":"Gremlin Nob","floor":6,"turns":4},{"damage":23,"enemies":"Lagavulin","floor":8,"turns":7},{"damage":0,"enemies":"Looter","floor":11,"turns":3},{"damage":36,"enemies":"Slime Boss","floor":16,"turns":10},{"damage":44,"enemies":"3 Byrds","floor":18,"turns":8},{"damage":4,"enemies":"Spheric Guardian","floor":21,"turns":6},{"damage":33,"enemies":"Book of Stabbing","floor":23,"turns":4},{"damage":0,"enemies":"Centurion and Healer","floor":25,"turns":4},{"damage":51,"enemies":"Nightmare","floor":27,"turns":8},{"damage":37,"enemies":"Shelled Parasite and Fungi","floor":29,"turns":4},{"damage":5,"enemies":"Chosen and Byrds","floor":30,"turns":2},{"damage":34,"enemies":"Automaton","floor":33,"turns":6},{"damage":47,"enemies":"3 Darklings","floor":35,"turns":5},{"damage":7,"enemies":"Orb Walker","floor":36,"turns":3},{"damage":29,"enemies":"Jaw Worm Horde","floor":38,"turns":4},{"damage":22,"enemies":"Sphere and 2 Shapes","floor":41,"turns":5},{"damage":0,"enemies":"Spire Growth","floor":42,"turns":1}],"seed_played":"674663112815981168","potions_obtained":[{"floor":3,"key":"Reflective Coating"},{"floor":6,"key":"LiquidBronze"},{"floor":16,"key":"FearPotion"},{"floor":18,"key":"SpeedPotion"},{"floor":25,"key":"FairyPotion"},{"floor":27,"key":"Dexterity Potion"},{"floor":30,"key":"Adrenaline Potion"},{"floor":32,"key":"Adrenaline Potion"},{"floor":33,"key":"hermit:Tonic"},{"floor":41,"key":"SpeedPotion"}],"is_trial":false,"path_per_floor":["M","?","M","M","M","E","R","E","T","R","M","?","?","$","R","B",null,"M","AVR","?","M","?","E","?","M","T","NM","R","M","M","?","R_BF","B",null,"M","M","?","M","?","R","M","M"],"character_chosen":"HERMIT","items_purchased":["hermit:LoneWolf","DollysMirror"],"campfire_rested":3,"item_purchase_floors":[14,14],"current_hp_per_floor":[73,55,50,49,49,28,50,27,27,49,49,49,49,49,49,13,105,61,61,61,67,67,54,54,64,64,23,54,17,22,22,22,2,105,68,71,71,66,66,66,48,48,48],"gold":837,"neow_bonus":"RANDOM_COMMON_RELIC","is_daily":false,"chose_seed":false,"campfire_upgraded":2,"win_rate":0.0,"timestamp":1611007416,"path_taken":["M","?","M","M","M","E","R","E","T","R","M","?","?","$","R","BOSS","M","AVR","?","?","?","E","?","M","T","NM","R","M","?","?","R_BF","BOSS","M","M","?","M","?","R","?","M"],"items_purchased_type":["Card","Relic"],"build_version":"2020-12-22","purchased_purges":2,"victory":false,"max_hp_per_floor":[75,75,75,75,75,75,75,75,75,75,75,75,75,75,75,75,105,105,105,105,105,105,105,105,105,105,105,105,105,105,105,105,105,105,105,105,105,105,105,105,105,105,105],"card_choices":[{"not_picked":["hermit:Feint","hermit:Vantage"],"picked":"hermit:EyeOfTheStorm","floor":1},{"not_picked":["hermit:GhostlyPresence","hermit:Malice"],"picked":"hermit:Deadeye","floor":3},{"not_picked":["hermit:Combo","hermit:ItchyTrigger"],"picked":"hermit:Maintenance","floor":4},{"not_picked":["hermit:HighCaliber","hermit:Adapt"],"picked":"hermit:Dive","floor":5},{"not_picked":["hermit:CalledShot","hermit:Quickdraw"],"picked":"hermit:GhostlyPresence","floor":6},{"not_picked":["hermit:LowProfile","hermit:Roughhouse","hermit:TakeCover"],"picked":"SKIP","floor":8},{"not_picked":["hermit:Vantage","hermit:BodyArmor"],"picked":"hermit:Horror","floor":11},{"not_picked":["Transmutation","Crow Ritual"],"picked":"Master of Strategy","floor":13},{"not_picked":["hermit:Adapt","hermit:Magnum"],"picked":"hermit:DeadOrAlive","floor":13},{"not_picked":["hermit:EternalForm","hermit:OverwhelmingPower"],"picked":"hermit:Reprieve","floor":16},{"not_picked":["hermit:Brawl","hermit:Gestalt+1"],"picked":"hermit:EyeOfTheStorm+1","floor":18},{"not_picked":["hermit:Virtue","hermit:TrackingShot","hermit:Roulette"],"picked":"SKIP","floor":21},{"not_picked":["hermit:FinalCanter","hermit:Roughhouse"],"picked":"hermit:BlackWind","floor":23},{"not_picked":["hermit:Vantage","hermit:Feint","hermit:Enervate"],"picked":"SKIP","floor":23},{"not_picked":["hermit:TakeCover+1","hermit:Snipe","hermit:EyeOfTheStorm"],"picked":"SKIP","floor":25},{"not_picked":["hermit:BodyArmor","hermit:LowProfile"],"picked":"hermit:Showdown+1","floor":27},{"not_picked":["hermit:FatalDesire","hermit:Roughhouse","hermit:RoundhouseKick"],"picked":"SKIP","floor":27},{"not_picked":["hermit:ItchyTrigger","hermit:Snipe+1","hermit:Coalescence"],"picked":"SKIP","floor":29},{"not_picked":["hermit:Coalescence","hermit:HeroicBravado"],"picked":"hermit:Gestalt","floor":30},{"not_picked":["hermit:Gambit","hermit:EternalForm"],"picked":"hermit:HighNoon","floor":33},{"not_picked":["hermit:NoHoldsBarred+1","hermit:Feint+1","hermit:TakeAim"],"picked":"SKIP","floor":35},{"not_picked":["hermit:BodyArmor+1","hermit:Determination+1"],"picked":"hermit:Brawl+1","floor":36},{"not_picked":["hermit:CalledShot","hermit:Gestalt+1","hermit:LowProfile+1"],"picked":"SKIP","floor":38},{"not_picked":["hermit:Dissolve","hermit:HeroicBravado"],"picked":"hermit:Gambit","floor":39},{"not_picked":["Deep Breath","Blind"],"picked":"hubris:Insight","floor":39},{"not_picked":["hermit:Spite","hermit:Cheat","hermit:CursedWeapon+1"],"picked":"SKIP","floor":41}],"player_experience":201756,"relics_obtained":[{"floor":6,"key":"Smiling Mask"},{"floor":8,"key":"vexMod:HeadHunter"},{"floor":9,"key":"Darkstone Periapt"},{"floor":23,"key":"aspiration:StickyExplosives_weak"},{"floor":26,"key":"vexMod:MemoryStick"},{"floor":27,"key":"Blue Candle"},{"floor":32,"key":"hubris:SlimyHat"}],"event_choices":[{"damage_healed":0,"gold_gain":0,"player_choice":"Take Damage","damage_taken":18,"relics_obtained":["Golden Idol"],"max_hp_gain":0,"max_hp_loss":0,"event_name":"Golden Idol","floor":2,"gold_loss":0},{"damage_healed":0,"gold_gain":0,"player_choice":"1","damage_taken":0,"max_hp_gain":0,"max_hp_loss":0,"event_name":"betterMatch:BetterMatch","floor":13,"gold_loss":0,"cards_obtained":["betterMatch:ColorlessRareCard","betterMatch:CommonCard","betterMatch:RareCard"]},{"damage_healed":0,"gold_gain":0,"player_choice":"Copied","damage_taken":0,"max_hp_gain":0,"max_hp_loss":0,"event_name":"Duplicator","floor":20,"gold_loss":0,"cards_obtained":["hermit:LoneWolf"]},{"damage_healed":0,"gold_gain":0,"player_choice":"Upgraded","damage_taken":0,"max_hp_gain":0,"max_hp_loss":0,"event_name":"Upgrade Shrine","floor":22,"gold_loss":0,"cards_upgraded":["hermit:EyeOfTheStorm"]},{"damage_healed":0,"gold_gain":100,"player_choice":"Pray","damage_taken":0,"max_hp_gain":0,"max_hp_loss":0,"event_name":"Golden Shrine","floor":24,"gold_loss":0},{"damage_healed":0,"gold_gain":0,"player_choice":"Simplicity","damage_taken":0,"max_hp_gain":0,"max_hp_loss":7,"event_name":"betterThird:BetterWriting","floor":31,"gold_loss":0},{"damage_healed":0,"gold_gain":0,"player_choice":"Random: Orange","damage_taken":0,"max_hp_gain":0,"max_hp_loss":0,"event_name":"betterThird:BetterPortal","floor":39,"gold_loss":0},{"damage_healed":0,"gold_gain":0,"player_choice":"1","damage_taken":0,"max_hp_gain":0,"max_hp_loss":0,"event_name":"betterMatch:BetterMatch","floor":39,"gold_loss":0,"cards_obtained":["betterMatch:RareCard","betterMatch:UncommonCard","betterMatch:ColorlessUncommonCard"]}],"is_beta":false,"boss_relics":[{"not_picked":["Ectoplasm","aspiration:WatcherSkillbook"],"picked":"vexMod:BigBerry"},{"not_picked":["Astrolabe","Runesmith:UraniumAnvil"],"picked":"aspiration:FutureDiary"}],"items_purged_floors":[14,19],"is_endless":true,"potions_floor_spawned":[3,6,16,18,25,27,30,33,41],"killed_by":"Spire Growth","ascension_level":0}}