{"host":"zxd7sxkt31l2m2hb","time":1611003940,"event":{"mods":["AchievementEnabler","BaseMod","BetterRewards","Colored Map","Colored Powertips","Highlight Path","Minty Spire (QoL Compilation)","StSLib","SuperFastMode","The Jungle","slay the spire mod where everything is the same but ironclad has a cowboy hat"],"gold_per_floor":[114,129,129,204,13,51,51,76,101,101,101,101,101,120,120,245,245,264,264,264,114,114,114,114,114,114,114,114,139,264,114,114,239,239,258,258,258,258,54,54,73,136,161,0,0,0,0,0,0,0],"floor_reached":51,"language":"DEU","playtime":3829,"items_purged":[],"score":677,"play_id":"a28cf265-31f4-475a-93e4-23cc1dc0038a","local_time":"20210118220540","daily_mods":["Draft","Flight","Lethality"],"is_ascension_mode":false,"campfire_choices":[{"data":"Limit Break","floor":10,"key":"SMITH"},{"data":"Shrug It Off","floor":12,"key":"SMITH"},{"data":"Heavy Blade","floor":13,"key":"SMITH"},{"floor":15,"key":"REST"},{"data":"Limit Break","floor":23,"key":"SMITH"},{"data":"Armaments","floor":25,"key":"SMITH"},{"data":"Armaments","floor":27,"key":"SMITH"},{"data":"Good Instincts","floor":32,"key":"SMITH"},{"data":"Shrug It Off","floor":40,"key":"SMITH"},{"data":"Inflame","floor":46,"key":"SMITH"},{"data":"Flex","floor":49,"key":"SMITH"}],"circlet_count":0,"master_deck":["Rampage","Flex+1","Armaments+1","Hemokinesis","Inflame+1","Iron Wave","Heavy Blade+1","Thunderclap","Flex","Anger","Anger","Armaments+1","Shrug It Off+1","Good Instincts+1","Limit Break+1","Limit Break+1","RitualDagger","Limit Break+1","Shrug It Off+1","Shrug It Off+1"],"relics":["Burning Blood","Golden Idol","Juzu Bracelet","Tiny Chest","Boot","Omamori","Sozu","Darkstone Periapt","DollysMirror","HornCleat","Happy Flower","MutagenicStrength","Lantern","Bird Faced Urn","Eternal Feather","Orrery","Sundial","ClockworkSouvenir","Pocketwatch","PreservedInsect","Red Mask","Kunai"],"acts_visited":["Exordium","TheCity","TheBeyond"],"potions_floor_usage":[6,50],"damage_taken":[{"damage":2,"enemies":"Cultist","floor":1,"turns":1},{"damage":0,"enemies":"2 Louse","floor":2,"turns":1},{"damage":5,"enemies":"Lagavulin","floor":6,"turns":4},{"damage":0,"enemies":"Small Slimes","floor":14,"turns":1},{"damage":0,"enemies":"Slime Boss","floor":16,"turns":3},{"damage":13,"enemies":"2 Thieves","floor":18,"turns":2},{"damage":10,"enemies":"Colosseum Slavers","floor":30,"turns":2},{"damage":0,"enemies":"Colosseum Nobs","floor":30,"turns":2},{"damage":12,"enemies":"Champ","floor":33,"turns":5},{"damage":0,"enemies":"3 Shapes","floor":35,"turns":2},{"damage":0,"enemies":"3 Darklings","floor":41,"turns":3},{"damage":2,"enemies":"Mind Bloom Boss Battle","floor":42,"turns":3},{"damage":12,"enemies":"Awakened One","floor":50,"turns":5}],"seed_played":"-1283480827410872575","potions_obtained":[{"floor":1,"key":"Block Potion"},{"floor":14,"key":"EntropicBrew"}],"is_trial":false,"path_per_floor":["M","M","?","?","$","E","T","T","T","R","?","R","R","M","R","B",null,"M","?","T","$","T","R","?","R","T","R","?","T","?","$","R","B",null,"M","?","?","T","$","R","M","?","T","?","T","R","?","?","R","B",null],"character_chosen":"IRONCLAD","items_purchased":["Good Instincts","Weak Potion","FearPotion","DollysMirror","Orrery","Shrug It Off","ClockworkSouvenir"],"campfire_rested":1,"item_purchase_floors":[5,5,5,21,31,39,39],"current_hp_per_floor":[80,80,60,49,49,50,50,50,50,50,50,50,50,56,80,80,80,73,67,67,67,67,67,61,61,61,61,61,61,63,63,75,71,80,80,80,80,80,80,80,80,80,80,80,80,80,80,80,80,75],"gold":0,"neow_bonus":"","is_daily":true,"chose_seed":false,"campfire_upgraded":10,"win_rate":0.0,"timestamp":1611003940,"path_taken":["M","?","?","?","?","E","?","?","T","R","?","R","R","M","R","BOSS","M","?","?","$","?","R","?","R","T","R","?","?","?","$","R","BOSS","M","?","?","?","?","R","M","?","T","?","?","R","?","?","R","BOSS"],"items_purchased_type":["Card","Potion","Potion","Relic","Relic","Card","Relic"],"build_version":"2020-12-22","purchased_purges":0,"victory":true,"max_hp_per_floor":[80,80,80,80,80,80,80,80,80,80,80,80,80,80,80,80,80,80,80,80,80,80,80,80,80,80,80,80,80,80,80,80,80,80,80,80,80,80,80,80,80,80,80,80,80,80,80,80,80,80],"card_choices":[{"not_picked":["Second Wind","True Grit"],"picked":"Rampage","floor":0},{"not_picked":["Metallicize","Feel No Pain"],"picked":"Cleave","floor":0},{"not_picked":["Anger","Hemokinesis"],"picked":"Flex","floor":0},{"not_picked":["Twin Strike","Clash"],"picked":"Armaments","floor":0},{"not_picked":["Sword Boomerang","Armaments"],"picked":"Hemokinesis","floor":0},{"not_picked":["Cleave","Sentinel"],"picked":"Inflame","floor":0},{"not_picked":["Wild Strike","Entrench"],"picked":"Iron Wave","floor":0},{"not_picked":["True Grit","Cleave"],"picked":"Heavy Blade","floor":0},{"not_picked":["Dual Wield","Cleave"],"picked":"Thunderclap","floor":0},{"not_picked":["Dropkick","Armaments"],"picked":"Flex","floor":0},{"not_picked":["True Grit","Feel No Pain"],"picked":"Anger","floor":0},{"not_picked":["Sentinel","Clothesline"],"picked":"Anger","floor":0},{"not_picked":["True Grit","Anger"],"picked":"Armaments","floor":0},{"not_picked":["Wild Strike","Flex"],"picked":"Armaments","floor":0},{"not_picked":["Warcry","Bloodletting"],"picked":"Shrug It Off","floor":0},{"not_picked":["Body Slam","True Grit","Cleave"],"picked":"SKIP","floor":1},{"not_picked":["Flex","Anger","Wild Strike"],"picked":"SKIP","floor":2},{"not_picked":["Havoc","Heavy Blade"],"picked":"Limit Break","floor":6},{"not_picked":["Combust","Heavy Blade","True Grit"],"picked":"SKIP","floor":14},{"not_picked":["Bludgeon","Barricade"],"picked":"Limit Break","floor":16},{"not_picked":["Iron Wave","Fire Breathing","Clash"],"picked":"SKIP","floor":18},{"not_picked":["Ghostly Armor+1","Infernal Blade"],"picked":"Shrug It Off+1","floor":31},{"not_picked":["Clash","Pommel Strike+1","Sword Boomerang+1"],"picked":"SKIP","floor":35},{"not_picked":["Twin Strike","Clash+1","Headbutt+1"],"picked":"SKIP","floor":41}],"player_experience":37876,"relics_obtained":[{"floor":6,"key":"Juzu Bracelet"},{"floor":7,"key":"Tiny Chest"},{"floor":8,"key":"Boot"},{"floor":9,"key":"Omamori"},{"floor":20,"key":"Darkstone Periapt"},{"floor":22,"key":"HornCleat"},{"floor":26,"key":"Happy Flower"},{"floor":29,"key":"Lantern"},{"floor":30,"key":"Bird Faced Urn"},{"floor":30,"key":"Eternal Feather"},{"floor":38,"key":"Sundial"},{"floor":42,"key":"Pocketwatch"},{"floor":43,"key":"PreservedInsect"},{"floor":45,"key":"Kunai"}],"event_choices":[{"damage_healed":0,"gold_gain":0,"player_choice":"Take Damage","damage_taken":20,"relics_obtained":["Golden Idol"],"max_hp_gain":0,"max_hp_loss":0,"event_name":"Golden Idol","floor":3,"gold_loss":0},{"damage_healed":0,"gold_gain":75,"player_choice":"Gather Gold","damage_taken":11,"max_hp_gain":0,"max_hp_loss":0,"event_name":"World of Goop","floor":4,"gold_loss":0},{"cards_removed":["Armaments"],"damage_healed":0,"gold_gain":0,"player_choice":"Card Removal","damage_taken":0,"max_hp_gain":0,"max_hp_loss":0,"event_name":"Wheel of Change","floor":11,"gold_loss":0},{"damage_healed":0,"gold_gain":0,"player_choice":"Joined the Cult","damage_taken":6,"max_hp_gain":0,"max_hp_loss":0,"event_name":"Nest","floor":19,"gold_loss":0,"cards_obtained":["RitualDagger"]},{"damage_healed":0,"gold_gain":0,"player_choice":"","damage_taken":6,"max_hp_gain":0,"max_hp_loss":0,"event_name":"Knowing Skull","floor":24,"potions_obtained":[],"gold_loss":0,"cards_obtained":[]},{"damage_healed":0,"gold_gain":0,"player_choice":"Inject Mutagens","damage_taken":0,"relics_obtained":["MutagenicStrength"],"max_hp_gain":0,"max_hp_loss":0,"event_name":"Drug Dealer","floor":28,"gold_loss":0},{"damage_healed":0,"gold_gain":0,"player_choice":"Fight","damage_taken":0,"max_hp_gain":0,"max_hp_loss":0,"event_name":"Colosseum","floor":30,"gold_loss":0},{"damage_healed":0,"gold_gain":0,"player_choice":"Fought Nobs","damage_taken":0,"max_hp_gain":0,"max_hp_loss":0,"event_name":"Colosseum","floor":30,"gold_loss":0},{"damage_healed":0,"gold_gain":0,"player_choice":"Ignored","damage_taken":0,"max_hp_gain":0,"max_hp_loss":0,"event_name":"Purifier","floor":36,"gold_loss":0},{"cards_removed":["Cleave"],"damage_healed":0,"gold_gain":0,"player_choice":"Removed Attack","damage_taken":0,"max_hp_gain":0,"max_hp_loss":0,"event_name":"Falling","floor":37,"gold_loss":0},{"damage_healed":0,"gold_gain":0,"player_choice":"Fight","damage_taken":0,"max_hp_gain":0,"max_hp_loss":0,"event_name":"MindBloom","floor":42,"gold_loss":0},{"damage_healed":0,"gold_gain":0,"player_choice":"Paid","damage_taken":0,"relics_obtained":["Red Mask"],"max_hp_gain":0,"max_hp_loss":0,"event_name":"Tomb of Lord Red Mask","floor":44,"gold_loss":161},{"damage_healed":0,"gold_gain":0,"player_choice":"Got Potions","damage_taken":0,"max_hp_gain":0,"max_hp_loss":0,"event_name":"Lab","floor":47,"gold_loss":0},{"damage_healed":0,"gold_gain":0,"player_choice":"Ignored","damage_taken":0,"max_hp_gain":0,"max_hp_loss":0,"event_name":"The Moai Head","floor":48,"gold_loss":0}],"is_beta":false,"boss_relics":[{"not_picked":["Runic Dome","Mark of Pain"],"picked":"Sozu"},{"not_picked":["Astrolabe","Velvet Choker","Coffee Dripper"]}],"items_purged_floors":[],"is_endless":false,"potions_floor_spawned":[1,14,18,42],"ascension_level":0}}