{"host":"7xbu8gt067z192g2","time":1611011083,"event":{"mods":["BaseMod","Better Note","BetterRewards","Colored Map","Colored Powertips","Googly Eyes","Highlight Path","Infinite Spire","Minty Spire (QoL Compilation)","Rare Cards Sparkle","Replay The Spire","StSLib","The Bladedancer","The Construct","The Cursed","The Hierophant","The Valiant","The Wild Card"],"gold_per_floor":[117,135,135,153,153,153,180,195,195,230,230,213,239,264,264,362,462,479,25,42,42,42,42,42,42],"floor_reached":24,"language":"ENG","playtime":1545,"items_purged":["Hidden Blade"],"score":345,"play_id":"f3a8efee-3f24-4b4c-93f1-be6bbcb07b82","local_time":"20210118180443","is_ascension_mode":true,"campfire_choices":[{"data":"Glass Knife","floor":6,"key":"SMITH"},{"data":"Skewer","floor":11,"key":"SMITH"},{"floor":15,"key":"DIG"},{"data":"Doppelganger","floor":23,"key":"SMITH"}],"circlet_count":0,"master_deck":["Strike_G","Strike_G","Strike_G","Strike_G","Strike_G","Defend_G","Defend_G","Defend_G","Defend_G","Survivor","Neutralize","Skewer+1","Glass Knife+1","Flying Knee","After Image+1","Well Laid Plans+1","Dodge and Roll","Doppelganger+1","Distraction","A Thousand Cuts+1","Riddle With Holes+1","RitualDagger","Fluid Movement+1"],"relics":["Ring of the Snake","Omamori","Frozen Egg 2","Vampiric Spirits","Turnip","infinitespire:Satchel","Replay:Wax Seal","Pen Nib","Replay:Wanted Poster","OrangePellets"],"acts_visited":["Exordium","TheCity"],"potions_floor_usage":[12,12,24],"damage_taken":[{"damage":8,"enemies":"Jaw Worm","floor":1,"turns":5},{"damage":1,"enemies":"Small Slimes","floor":2,"turns":4},{"damage":0,"enemies":"2 Louse","floor":4,"turns":2},{"damage":10,"enemies":"Gremlin Nob","floor":7,"turns":3},{"damage":0,"enemies":"Looter","floor":8,"turns":3},{"damage":9,"enemies":"Replay:BlueRogue","floor":10,"turns":7},{"damage":1,"enemies":"Exordium Thugs","floor":12,"turns":4},{"damage":14,"enemies":"Gremlin Nob","floor":13,"turns":4},{"damage":18,"enemies":"Fading Forest","floor":16,"turns":11},{"damage":21,"enemies":"Spheric Guardian","floor":18,"turns":4},{"damage":1,"enemies":"Chosen","floor":20,"turns":3},{"damage":44,"enemies":"Slavers","floor":24,"turns":4}],"seed_played":"-8027394105293563719","potions_obtained":[{"floor":2,"key":"PowerPotion"},{"floor":4,"key":"Venom Potion"},{"floor":8,"key":"Dexterity Potion"}],"is_trial":false,"path_per_floor":["M","M","?","M","?","R","E","M","T","E","R","M","E","T","R_BF","B",null,"M","$","M","?","?","R","E"],"character_chosen":"THE_SILENT","items_purchased":["Omamori","OrangePellets","A Thousand Cuts+1","Milkshake"],"campfire_rested":0,"item_purchase_floors":[0,19,19,19],"current_hp_per_floor":[58,57,57,57,57,57,47,47,47,40,40,44,36,36,36,29,70,49,49,48,42,42,42,0,0],"gold":42,"neow_bonus":"","is_daily":false,"chose_seed":false,"campfire_upgraded":3,"win_rate":0.0,"timestamp":1611011083,"path_taken":["M","M","?","M","?","R","E","M","T","E","R","M","E","?","R_BF","BOSS","M","$","M","?","?","R","E"],"items_purchased_type":["Relic","Relic","Card","Potion"],"build_version":"2020-12-22","purchased_purges":1,"victory":false,"max_hp_per_floor":[70,70,70,70,70,70,70,70,70,70,70,70,70,70,70,70,70,70,70,70,70,70,70,70,70],"card_choices":[{"not_picked":["Catalyst","ReplayTheSpireMod:Exploit Weakness"],"picked":"Skewer","floor":1},{"not_picked":["Hidden Blade","Underhanded Strike","Backflip"],"picked":"SKIP","floor":2},{"not_picked":["Skewer","Outmaneuver"],"picked":"Flying Knee","floor":4},{"not_picked":["Endless Agony","Outmaneuver"],"picked":"After Image+1","floor":7},{"not_picked":["Acrobatics","Heel Hook","Poisoned Stab"],"picked":"SKIP","floor":8},{"not_picked":["Outmaneuver","ReplayTheSpireMod:Necrosis"],"picked":"Well Laid Plans+1","floor":10},{"not_picked":["Choke","Flying Knee"],"picked":"Hidden Blade","floor":12},{"not_picked":["Quick Slash","Flechettes"],"picked":"Dodge and Roll","floor":13},{"not_picked":["ReplayTheSpireMod:Necrosis","Burst"],"picked":"Doppelganger","floor":16},{"not_picked":["Backstab","Hidden Blade"],"picked":"Distraction","floor":18},{"not_picked":["Underhanded Strike","Flechettes"],"picked":"Riddle With Holes+1","floor":20}],"player_experience":208670,"relics_obtained":[{"floor":7,"key":"Frozen Egg 2"},{"floor":9,"key":"Vampiric Spirits"},{"floor":10,"key":"Turnip"},{"floor":13,"key":"infinitespire:Satchel"},{"floor":14,"key":"Replay:Wax Seal"},{"floor":15,"key":"Pen Nib"}],"event_choices":[{"damage_healed":0,"gold_gain":0,"cards_transformed":["Defend_G"],"player_choice":"Change","damage_taken":0,"max_hp_gain":0,"max_hp_loss":0,"event_name":"Living Wall","floor":3,"gold_loss":0,"cards_obtained":["Glass Knife"]},{"damage_healed":0,"gold_gain":0,"player_choice":"Ignored","damage_taken":0,"max_hp_gain":0,"max_hp_loss":0,"event_name":"Liars Game","floor":5,"gold_loss":0},{"damage_healed":0,"gold_gain":0,"player_choice":"Joined the Cult","damage_taken":6,"max_hp_gain":0,"max_hp_loss":0,"event_name":"Nest","floor":21,"gold_loss":0,"cards_obtained":["RitualDagger"]},{"damage_healed":0,"gold_gain":0,"player_choice":"Read","damage_taken":0,"max_hp_gain":0,"max_hp_loss":0,"event_name":"The Library","floor":22,"gold_loss":0,"cards_obtained":["Fluid Movement"]}],"is_beta":false,"boss_relics":[{"not_picked":["Kintsugi","Philosopher\u0027s Stone"],"picked":"Replay:Wanted Poster"}],"items_purged_floors":[19],"is_endless":false,"potions_floor_spawned":[2,4,8],"killed_by":"Slavers","ascension_level":2}}