{"host":"8hs89fht2m8d49km","time":1611003635,"event":{"mods":["2.2 Compatiblity","Act Like it!","BaseMod","BetterRewards","Chen","Friendly Minions","Gensokyo","KinomotoSakuraMod(????)","Kiyohime????","Koishi","LagranYue(???·?)","Marisa????????","Minty Spire (QoL Compilation)","Prisma Mod","Reimu??????","Replay The Spire","StSLib","The Administrix","The Animator","The Cursed","The Exalted","The Mystic","The Senshi","The Servant 0.9.4","The Vixen","The Wild Card","Yuyuko"],"gold_per_floor":[117,117,136,211,30,59,71,87,87,107,123,123,135,152,152,257,257,272,21,41,59,59,86,86,100,127,127,158,158,11,21,21,123,123,135,135,146,115,115,115],"floor_reached":39,"language":"ENG","playtime":3634,"items_purged":["KiyohimeMod:Strike"],"score":525,"play_id":"ce9b867e-e3b2-4dab-94c4-efd516aa306c","local_time":"20210118210035","is_ascension_mode":false,"campfire_choices":[{"floor":15.0,"key":"DIG"},{"floor":24.0,"key":"REST"},{"floor":29.0,"key":"RECALL"},{"data":"KiyohimeMod:HotSpringOfTheMoon","floor":32.0,"key":"SMITH"}],"circlet_count":0,"master_deck":["KiyohimeMod:Strike","KiyohimeMod:Strike","KiyohimeMod:Strike","KiyohimeMod:Defend","KiyohimeMod:Defend","KiyohimeMod:Defend","KiyohimeMod:Defend+1","KiyohimeMod:Track","KiyohimeMod:FlameKiss","KiyohimeMod:Shapeshift+1","KiyohimeMod:GreenBlackKey","KiyohimeMod:BeastOfBillows","KiyohimeMod:HotSpringOfTheMoon+1","KiyohimeMod:CommandCard_Buster","KiyohimeMod:CommandCard_Quick","KiyohimeMod:Berserker","KiyohimeMod:AndSoTheShipConquers+1","KiyohimeMod:LimitedZeroOver","KiyohimeMod:ImaginaryAround","KiyohimeMod:CommandCard_Arts","KiyohimeMod:Servant_Osakabehime","KiyohimeMod:BlueBlackKey+1","KiyohimeMod:FirstPremonition+1","KiyohimeMod:ImaginaryAround","Pot Of Greed","Pot Of Greed","Pot Of Greed","KiyohimeMod:MagicCrystal","KiyohimeMod:HydraDagger","KiyohimeMod:AVerseOfBurningLoveStory","KiyohimeMod:RedBlackKey+1","Gensokyo:RPG"],"relics":["KiyohimeMod:FireDragon","LagranYue:RandomDrawCardRelic","NeowsBlessing","Onion Ring","CaptainsWheel","LagranYue:GuideDeadRelic","War Paint","Philosopher\u0027s Stone","Replay:Wax Seal","TheAbacus","Torii","Omamori","Grinning Jar","Orrery","KiyohimeMod:TheBlackGrail","Ring of Hypnosis"],"acts_visited":["TheCity"],"potions_floor_usage":[37],"damage_taken":[{"damage":0.0,"enemies":"Jaw Worm","floor":1.0,"turns":1.0},{"damage":0.0,"enemies":"Cultist","floor":3.0,"turns":1.0},{"damage":0.0,"enemies":"Gremlin Nob","floor":6.0,"turns":1.0},{"damage":0.0,"enemies":"Small Slimes","floor":7.0,"turns":2.0},{"damage":0.0,"enemies":"Red Slaver","floor":8.0,"turns":1.0},{"damage":0.0,"enemies":"Looter","floor":10.0,"turns":1.0},{"damage":9.0,"enemies":"Exordium Thugs","floor":11.0,"turns":5.0},{"damage":0.0,"enemies":"Blue Slaver","floor":13.0,"turns":1.0},{"damage":4.0,"enemies":"2 Fungi Beasts","floor":14.0,"turns":3.0},{"damage":0.0,"enemies":"The Guardian","floor":16.0,"turns":8.0},{"damage":0.0,"enemies":"Spheric Guardian","floor":18.0,"turns":4.0},{"damage":4.0,"enemies":"Shell Parasite","floor":20.0,"turns":2.0},{"damage":0.0,"enemies":"3 Cultists","floor":21.0,"turns":4.0},{"damage":19.0,"enemies":"Replay:Snechameleon","floor":23.0,"turns":6.0},{"damage":0.0,"enemies":"Snecko","floor":25.0,"turns":4.0},{"damage":0.0,"enemies":"Book of Stabbing","floor":28.0,"turns":6.0},{"damage":10.0,"enemies":"Sentry and Sphere","floor":31.0,"turns":4.0},{"damage":16.0,"enemies":"Automaton","floor":33.0,"turns":8.0},{"damage":19,"enemies":"Gensokyo:3_Bats","floor":35,"turns":5},{"damage":27,"enemies":"Gensokyo:3_Boulders","floor":37,"turns":8}],"seed_played":"8006882580085309085","potions_obtained":[{"floor":1.0,"key":"FearPotion"},{"floor":3.0,"key":"SkillPotion"},{"floor":6.0,"key":"MagicPotion:ReiMu"},{"floor":11.0,"key":"BlessingOfTheForge"},{"floor":14.0,"key":"GamblersBrew"},{"floor":20.0,"key":"SkillPotion"},{"floor":23.0,"key":"SteroidPotion"},{"floor":31.0,"key":"Energy Potion"},{"floor":35,"key":"Energy Potion"}],"is_trial":false,"path_per_floor":["M","?","M","?","$","E","M","M","T","M","M","$","M","M","R","B",null,"M","$","M","M","?","E","R","M","T","?","E","R","$","M","R","B",null,"M","?","M","COS","?"],"character_chosen":"Kiyohime","items_purchased":["KiyohimeMod:HotSpringOfTheMoon","KiyohimeMod:CommandCard_Buster","KiyohimeMod:FirstPremonition+1","Replay:Wax Seal","TheAbacus","Orrery"],"campfire_rested":1,"item_purchase_floors":[5,5,19,19,19,30],"current_hp_per_floor":[60,60,60,54,54,54,54,54,54,54,45,45,45,41,41,41,60,60,60,56,56,56,37,55,55,55,55,55,55,55,45,45,29,60,41,41,14,14,0,0],"gold":115,"neow_bonus":"THREE_ENEMY_KILL","is_daily":false,"chose_seed":false,"campfire_upgraded":1,"win_rate":0.0,"timestamp":1611003635,"path_taken":["M","?","?","?","$","E","M","M","T","M","?","$","M","M","R","BOSS","M","$","M","M","?","E","R","?","T","?","E","R","$","M","R","BOSS","M","?","M","COS","?"],"items_purchased_type":["Card","Card","Card","Relic","Relic","Relic"],"build_version":"2020-12-22","purchased_purges":1,"victory":false,"max_hp_per_floor":[60,60,60,60,60,60,60,60,60,60,60,60,60,60,60,60,60,60,60,60,60,60,60,60,60,60,60,60,60,60,60,60,60,60,60,60,60,60,60,60],"card_choices":[{"not_picked":["KiyohimeMod:EatSoul","KiyohimeMod:Berserker"],"picked":"KiyohimeMod:GreenBlackKey","floor":1.0},{"not_picked":["KiyohimeMod:EatSoul","KiyohimeMod:GreenBlackKey"],"picked":"KiyohimeMod:BeastOfBillows","floor":3.0},{"not_picked":["KiyohimeMod:CommandCard_Buster","KiyohimeMod:Berserker"],"picked":"KiyohimeMod:CommandCard_Quick","floor":6.0},{"not_picked":["KiyohimeMod:RedBlackKey","KiyohimeMod:SteelTraining","KiyohimeMod:EatSoul"],"picked":"SKIP","floor":7.0},{"not_picked":["KiyohimeMod:GreenBlackKey","KiyohimeMod:Fragarach"],"picked":"KiyohimeMod:Berserker","floor":8.0},{"not_picked":["KiyohimeMod:Barrier","KiyohimeMod:GreenBlackKey"],"picked":"KiyohimeMod:AndSoTheShipConquers","floor":10.0},{"not_picked":["KiyohimeMod:GreenBlackKey","KiyohimeMod:Projection"],"picked":"KiyohimeMod:LimitedZeroOver","floor":11.0},{"not_picked":["KiyohimeMod:BeElegant","KiyohimeMod:GreenBlackKey"],"picked":"KiyohimeMod:ImaginaryAround","floor":13.0},{"not_picked":["KiyohimeMod:HotSpringOfTheMoon","KiyohimeMod:GreenBlackKey"],"picked":"KiyohimeMod:CommandCard_Arts","floor":14.0},{"not_picked":["KiyohimeMod:JeweledSword","KiyohimeMod:FragmentsOf2030"],"picked":"KiyohimeMod:Servant_Osakabehime","floor":16.0},{"not_picked":["KiyohimeMod:DragonVein","KiyohimeMod:BeElegant"],"picked":"KiyohimeMod:BlueBlackKey+1","floor":18.0},{"not_picked":["KiyohimeMod:GreenBlackKey","KiyohimeMod:BlueBlackKey"],"picked":"KiyohimeMod:ImaginaryAround","floor":20.0},{"not_picked":["KiyohimeMod:AndSoTheShipConquers","KiyohimeMod:Preemptive","KiyohimeMod:AgainstMagic"],"picked":"SKIP","floor":21.0},{"not_picked":["KiyohimeMod:GreenBlackKey+1","KiyohimeMod:SteelTraining","KiyohimeMod:Preemptive"],"picked":"SKIP","floor":23.0},{"not_picked":["KiyohimeMod:GreenBlackKey+1","KiyohimeMod:Berserker","KiyohimeMod:AndSoTheShipConquers+1"],"picked":"SKIP","floor":25.0},{"not_picked":["KiyohimeMod:WaterTurn","KiyohimeMod:RedBlackKey"],"picked":"KiyohimeMod:MagicCrystal","floor":28.0},{"not_picked":["KiyohimeMod:RedBlackKey","KiyohimeMod:EatSoul"],"picked":"KiyohimeMod:HydraDagger","floor":30.0},{"not_picked":["KiyohimeMod:HydraDagger","KiyohimeMod:RedBlackKey","KiyohimeMod:SteelTraining"],"picked":"SKIP","floor":31.0},{"not_picked":["KiyohimeMod:HeroCreation","KiyohimeMod:MagicCrystal"],"picked":"KiyohimeMod:AVerseOfBurningLoveStory","floor":33.0},{"not_picked":["KiyohimeMod:Projection","KiyohimeMod:SteelTraining+1","KiyohimeMod:RealityMarble"],"picked":"SKIP","floor":35},{"not_picked":["KiyohimeMod:Tenacious","KiyohimeMod:ExSpicyMapoTofu+1"],"picked":"KiyohimeMod:RedBlackKey+1","floor":37}],"player_experience":158449,"relics_obtained":[{"floor":6.0,"key":"CaptainsWheel"},{"floor":9.0,"key":"LagranYue:GuideDeadRelic"},{"floor":15.0,"key":"War Paint"},{"floor":23.0,"key":"Torii"},{"floor":27.0,"key":"Omamori"},{"floor":28.0,"key":"Grinning Jar"},{"floor":36,"key":"Ring of Hypnosis"}],"event_choices":[{"damage_healed":0.0,"max_hp_gain":0.0,"max_hp_loss":0.0,"gold_gain":0.0,"event_name":"WeMeetAgain","player_choice":"Gave Potion","floor":2.0,"gold_loss":0.0,"damage_taken":0.0,"relics_obtained":["Onion Ring"]},{"damage_healed":0.0,"max_hp_gain":0.0,"max_hp_loss":0.0,"gold_gain":75.0,"event_name":"FaceTrader","player_choice":"Touch","floor":4.0,"gold_loss":0.0,"damage_taken":6.0},{"damage_healed":0.0,"max_hp_gain":0.0,"max_hp_loss":0.0,"gold_gain":0.0,"event_name":"Accursed Blacksmith","player_choice":"Forge","floor":22.0,"gold_loss":0.0,"damage_taken":0.0,"cards_upgraded":["KiyohimeMod:Shapeshift"]},{"damage_healed":0.0,"max_hp_gain":0.0,"max_hp_loss":0.0,"gold_gain":0.0,"event_name":"Wheel of Change","player_choice":"Relic","floor":27.0,"gold_loss":0.0,"damage_taken":0.0}],"is_beta":false,"boss_relics":[{"not_picked":["Empty Cage","Velvet Choker"],"picked":"Philosopher\u0027s Stone"},{"not_picked":["Busted Crown","Replay:Ancient Bell"],"picked":"KiyohimeMod:TheBlackGrail"}],"items_purged_floors":[5],"is_endless":false,"potions_floor_spawned":[1,3,6,11,14,20,23,31,35],"ascension_level":0}}