{"host":"och2iitg9ibgz06n","time":1611006444,"event":{"mods":["Abigail Mod","AchievementEnabler","Aspiration","BaseMod","Colored Powertips","Dio Mod","FruityMod","Hubris","Hyrulean Relics","Infinite Spire","Minty Spire (QoL Compilation)","Replay The Spire","Small Relic Pack","StSLib","The Animator","The Bug Knight","The Hierophant","The Jungle","The Saiyan","TheHero","Wandering Minibosses","everything is the same but u backflip on backflip","slay the spire mod where everything is the same but ironclad has a cowboy hat","vexMod"],"gold_per_floor":[118,130,140,69,69,69,80,80,80,107,107,124,124,124],"floor_reached":13,"language":"ENG","playtime":525,"items_purged":[],"score":85,"play_id":"c56fb38e-b6e9-4385-bb53-211fa403d98d","local_time":"20210118154724","is_ascension_mode":false,"campfire_choices":[{"data":"AbbyMod:HeroCreationA","floor":6,"key":"SMITH"},{"floor":8,"key":"REST"},{"floor":11,"key":"REST"}],"circlet_count":0,"master_deck":["AbbyMod:Ab_Strike","AbbyMod:Ab_Strike","AbbyMod:Ab_Strike","AbbyMod:Ab_Strike","AbbyMod:Ab_Defend","AbbyMod:Ab_Defend","AbbyMod:Ab_Defend","AbbyMod:FleetingSanity","AbbyMod:ForeheadBeam","AbbyMod:CommandSpell","AbbyMod:Kuroboshi","AbbyMod:HeroCreationA+1","AbbyMod:LargeTentacle","AbbyMod:Hitomi","AbbyMod:LossOfSanity","AbbyMod:Keyblade","AbbyMod:RecklessSlam"],"relics":["AbbyMod:Salem_Diary","Darkstone Periapt"],"acts_visited":["Exordium"],"potions_floor_usage":[],"damage_taken":[{"damage":5,"enemies":"2 Louse","floor":1,"turns":3},{"damage":10,"enemies":"Jaw Worm","floor":2,"turns":5},{"damage":10,"enemies":"Cultist","floor":3,"turns":5},{"damage":15,"enemies":"Exordium Thugs","floor":7,"turns":5},{"damage":17,"enemies":"Lagavulin","floor":10,"turns":7},{"damage":9,"enemies":"Blue Slaver","floor":12,"turns":5},{"damage":55,"enemies":"Gremlin Nob","floor":13,"turns":5}],"seed_played":"7471992992680903333","potions_obtained":[{"floor":3,"key":"BlessingOfTheForge"},{"floor":7,"key":"ColorlessPotion"},{"floor":10,"key":"Ancient Potion"}],"is_trial":false,"path_per_floor":["M","M","M","$","?","R","M","R","T","E","R","M","E"],"character_chosen":"Ab_Foreigner","items_purchased":["AbbyMod:Hitomi"],"campfire_rested":2,"item_purchase_floors":[4],"current_hp_per_floor":[61,51,41,41,41,41,26,45,45,28,47,38,0,0],"gold":124,"neow_bonus":"TEN_PERCENT_HP_BONUS","is_daily":false,"chose_seed":false,"campfire_upgraded":1,"win_rate":0.0,"timestamp":1611006444,"path_taken":["M","M","M","$","?","R","M","R","T","E","R","M","E"],"items_purchased_type":["Card"],"build_version":"2020-12-22","purchased_purges":0,"victory":false,"max_hp_per_floor":[66,66,66,66,66,66,66,66,66,66,66,66,66,66],"card_choices":[{"not_picked":["AbbyMod:PowerGamer","AbbyMod:FamiliarShield"],"picked":"AbbyMod:Kuroboshi","floor":1},{"not_picked":["AbbyMod:AdultWords","AbbyMod:Takeuchi"],"picked":"AbbyMod:HeroCreationA","floor":2},{"not_picked":["AbbyMod:AceInTheHole","AbbyMod:Ab_PuppyEyes"],"picked":"AbbyMod:LargeTentacle","floor":3},{"not_picked":["AbbyMod:ExposedCore","AbbyMod:TeddyBear"],"picked":"AbbyMod:LossOfSanity","floor":7},{"not_picked":["AbbyMod:Thflth","AbbyMod:Ab_DarkestPact"],"picked":"AbbyMod:Keyblade","floor":10},{"not_picked":["AbbyMod:Keyblade","AbbyMod:LargeTentacle"],"picked":"AbbyMod:RecklessSlam","floor":12}],"player_experience":406602,"relics_obtained":[{"floor":10,"key":"Darkstone Periapt"}],"event_choices":[],"is_beta":false,"boss_relics":[],"items_purged_floors":[],"is_endless":false,"potions_floor_spawned":[3,7,10],"killed_by":"Gremlin Nob","ascension_level":0}}