{"host":"z4nt7tdd4gjrinn7","time":1611014018,"event":{"mods":["100% Spire Juice","BaseMod","Minty Spire (QoL Compilation)","StSLib"],"gold_per_floor":[109,109,123,44,60,85,85,85,85,85,98,121,67,83,83,206,206,231,78,178,202,202,202,49,148,195,195,213,213,213,213],"floor_reached":30,"language":"ENG","playtime":1423,"items_purged":[],"score":228,"play_id":"2d3bac2e-bd55-4376-8699-49e9dbbdba50","local_time":"20210118185338","is_ascension_mode":false,"campfire_choices":[{"floor":7,"key":"REST"},{"floor":10,"key":"REST"},{"floor":15,"key":"REST"},{"floor":23,"key":"REST"}],"circlet_count":0,"master_deck":["Strike_B","Strike_B","Strike_B","Strike_B","Defend_B","Defend_B","Defend_B","Defend_B","Zap","Dualcast","Streamline","Redo","Static Discharge","Sweeping Beam","Lockon","Chaos","Gash","Thunder Strike","Electrodynamics","Sweeping Beam","Gash","Self Repair"],"relics":["Cracked Core","NeowsBlessing","Gambling Chip","Golden Idol","Ice Cream","Happy Flower","Black Star","Juzu Bracelet","Sling","Lantern","Nloth\u0027s Gift"],"acts_visited":["Exordium","TheCity"],"potions_floor_usage":[1,16,16,29],"damage_taken":[{"damage":0,"enemies":"2 Louse","floor":1,"turns":1},{"damage":0,"enemies":"Small Slimes","floor":3,"turns":1},{"damage":0,"enemies":"Jaw Worm","floor":5,"turns":1},{"damage":35,"enemies":"3 Sentries","floor":6,"turns":5},{"damage":21,"enemies":"Exordium Thugs","floor":11,"turns":4},{"damage":10,"enemies":"3 Louse","floor":14,"turns":3},{"damage":28,"enemies":"Hexaghost","floor":16,"turns":8},{"damage":28,"enemies":"3 Byrds","floor":18,"turns":4},{"damage":8,"enemies":"Chosen","floor":21,"turns":4},{"damage":62,"enemies":"Shelled Parasite and Fungi","floor":28,"turns":7},{"damage":0,"enemies":"3 Cultists","floor":29,"turns":1},{"damage":7,"enemies":"Centurion and Healer","floor":30,"turns":1}],"seed_played":"-4067183338966192692","potions_obtained":[{"floor":1,"key":"Fruit Juice"},{"floor":3,"key":"SneckoOil"},{"floor":11,"key":"Dexterity Potion"},{"floor":28,"key":"SmokeBomb"}],"is_trial":false,"path_per_floor":["M","?","M","$","M","E","R","?","T","R","M","T","$","M","R","B",null,"M","$","?","M","?","R","$","?","T","?","M","M","M"],"character_chosen":"DEFECT","items_purchased":["Static Discharge","Gash","Juzu Bracelet","Sling"],"campfire_rested":4,"item_purchase_floors":[4,13,19,24],"current_hp_per_floor":[80,73,73,73,73,38,62,42,42,66,45,45,45,35,59,31,80,52,52,52,44,44,68,68,68,68,68,6,6,0,0],"gold":213,"neow_bonus":"THREE_ENEMY_KILL","is_daily":false,"chose_seed":false,"campfire_upgraded":0,"win_rate":0.0,"timestamp":1611014018,"path_taken":["M","?","M","$","M","E","R","?","T","R","?","?","$","M","R","BOSS","M","$","?","M","?","R","$","?","T","?","M","M","M"],"items_purchased_type":["Card","Card","Relic","Relic"],"build_version":"2020-12-22","purchased_purges":0,"victory":false,"max_hp_per_floor":[80,80,80,80,80,80,80,80,80,80,80,80,80,80,80,80,80,80,80,80,80,80,80,80,80,80,80,80,80,80,80],"card_choices":[{"not_picked":["Double Energy","Storm"],"picked":"Streamline","floor":1},{"not_picked":["Conserve Battery","Hologram"],"picked":"Redo","floor":3},{"not_picked":["Static Discharge","Go for the Eyes"],"picked":"Sweeping Beam","floor":5},{"not_picked":["Skim","White Noise"],"picked":"Lockon","floor":6},{"not_picked":["Streamline","Barrage"],"picked":"Chaos","floor":11},{"not_picked":["Compile Driver","Streamline"],"picked":"Thunder Strike","floor":14},{"not_picked":["Reboot","Biased Cognition"],"picked":"Electrodynamics","floor":16},{"not_picked":["Beam Cell","Streamline"],"picked":"Sweeping Beam","floor":18},{"not_picked":["Go for the Eyes","Barrage"],"picked":"Gash","floor":21},{"not_picked":["Chaos","Heatsinks+1"],"picked":"Self Repair","floor":28}],"player_experience":98547,"relics_obtained":[{"floor":6,"key":"Gambling Chip"},{"floor":9,"key":"Ice Cream"},{"floor":12,"key":"Happy Flower"},{"floor":26,"key":"Lantern"}],"event_choices":[{"damage_healed":0,"gold_gain":0,"player_choice":"Fled","damage_taken":7,"max_hp_gain":0,"max_hp_loss":0,"event_name":"Scrap Ooze","floor":2,"gold_loss":0},{"damage_healed":0,"gold_gain":0,"player_choice":"Take Damage","damage_taken":20,"relics_obtained":["Golden Idol"],"max_hp_gain":0,"max_hp_loss":0,"event_name":"Golden Idol","floor":8,"gold_loss":0},{"damage_healed":0,"gold_gain":100,"player_choice":"Pray","damage_taken":0,"max_hp_gain":0,"max_hp_loss":0,"event_name":"Golden Shrine","floor":20,"gold_loss":0},{"damage_healed":0,"gold_gain":0,"player_choice":"Inject Mutagens","damage_taken":0,"relics_obtained":["MutagenicStrength"],"max_hp_gain":0,"max_hp_loss":0,"event_name":"Drug Dealer","floor":22,"gold_loss":0},{"damage_healed":0,"gold_gain":99,"player_choice":"Stole From Cult","damage_taken":0,"max_hp_gain":0,"max_hp_loss":0,"event_name":"Nest","floor":25,"gold_loss":0},{"damage_healed":0,"gold_gain":0,"player_choice":"Traded Relic","damage_taken":0,"relics_obtained":["Nloth\u0027s Gift"],"max_hp_gain":0,"max_hp_loss":0,"event_name":"N\u0027loth","floor":27,"relics_lost":["MutagenicStrength"],"gold_loss":0}],"is_beta":false,"boss_relics":[{"not_picked":["Philosopher\u0027s Stone","Runic Dome"],"picked":"Black Star"}],"items_purged_floors":[],"is_endless":false,"potions_floor_spawned":[1,3,11,28],"killed_by":"Centurion and Healer","ascension_level":0}}