{"host":"zqinjo67gehqjqdf","time":1611003873,"event":{"mods":["BaseMod","DeckTracker","Downfall","Minty Spire (QoL Compilation)","StSLib","The Bug Knight"],"gold_per_floor":[99,116,116,133,133,149,149,149,183,183,83,16,41,141,157,252,252,252,269,269,285,21,21,21,46,65,65,84,84,84,100,113,215,215,115,128,229,242,44,62,62,112,137,155,180,80,109,120,134,134,134,159,9,9,9,9],"floor_reached":57,"language":"ENG","playtime":7094,"items_purged":["Guardian:Planning"],"score":1397,"play_id":"4f899753-6d7b-489a-b991-9912f8b12618","local_time":"20210118140433","is_ascension_mode":false,"campfire_choices":[{"floor":1,"key":"RECALL"},{"floor":11,"key":"REST"},{"data":"Guardian:PiercingHide","floor":18,"key":"SMITH"},{"data":"Guardian:DonusPower","floor":23,"key":"SMITH"},{"data":"Guardian:BodySlam","floor":29,"key":"SMITH"},{"data":"Guardian:DecasProtection","floor":35,"key":"SMITH"},{"data":"Guardian:BaubleBeam","floor":46,"key":"SMITH"},{"data":"Guardian:RevengeProtocol","floor":54,"key":"SMITH"}],"circlet_count":0,"master_deck":["Guardian:Defend_Guardian+1","Guardian:Defend_Guardian+1","Guardian:Defend_Guardian+1","Guardian:CurlUp","Guardian:TwinSlam+1","Guardian:EvasiveProtocol","Guardian:PiercingHide+1","Guardian:FloatingOrbs","Guardian:RollAttack","Guardian:ChargeCore+1","Guardian:RollAttack","Guardian:DonusPower+1","Guardian:ExploitGems","Guardian:BodySlam+1","Guardian:SphericShield","Guardian:BodySlam+1","Guardian:SpikerProtocol","Guardian:PiercingHide+1","Slimebound:Tackle+1","Slimebound:Tackle+1","Slimebound:Tackle+1","Guardian:DecasProtection+1","Guardian:RevengeProtocol","Guardian:TimeBomb+1","Guardian:CrystalBeam+1","Guardian:PolyBeam+1","Guardian:WalkerClaw+1","Guardian:BaubleBeam+1","Guardian:BodySlam+1","Guardian:RevengeProtocol+1","Guardian:PiercingHide+1","Guardian:AncientConstruct"],"relics":["Guardian:ModeShifterPlus","Mummified Hand","Anchor","downfall:HeartBlessingRed","Shuriken","Philosopher\u0027s Stone","Mercury Hourglass","Mango","downfall:HeartBlessingGreen","Membership Card","Bronze Scales","Kunai","Sling","Guardian:SackOfGems","Pear","Prayer Wheel","downfall:HeartBlessingBlue","Ice Cream","White Beast Statue","Whetstone","TheAbacus"],"acts_visited":["Exordium","TheCity","TheBeyond","TheEnding"],"potions_floor_usage":[56,56,56],"damage_taken":[{"damage":3,"enemies":"Small Slimes","floor":2,"turns":4},{"damage":0,"enemies":"Cultist","floor":4,"turns":4},{"damage":0,"enemies":"2 Louse","floor":6,"turns":4},{"damage":72,"enemies":"Lagavulin","floor":9,"turns":20},{"damage":0,"enemies":"downfall:FleeingMerchant","floor":12,"turns":4},{"damage":14,"enemies":"Gremlin Nob","floor":13,"turns":5},{"damage":10,"enemies":"downfall:Heads","floor":14,"turns":8},{"damage":0,"enemies":"Exordium Thugs","floor":15,"turns":3},{"damage":32,"enemies":"SI_SHIV_ARCHETYPE","floor":16,"turns":9},{"damage":0,"enemies":"Chosen","floor":19,"turns":3},{"damage":5,"enemies":"Snake Plant","floor":21,"turns":2},{"damage":2,"enemies":"downfall:FleeingMerchant","floor":22,"turns":4},{"damage":18,"enemies":"Slavers","floor":25,"turns":4},{"damage":0,"enemies":"Snecko","floor":26,"turns":3},{"damage":0,"enemies":"Centurion and Healer","floor":28,"turns":3},{"damage":0,"enemies":"Sentry and Sphere","floor":31,"turns":3},{"damage":3,"enemies":"Shelled Parasite and Fungi","floor":32,"turns":4},{"damage":19,"enemies":"WA_ARCHETYPE_CALM","floor":33,"turns":7},{"damage":0,"enemies":"Orb Walker","floor":36,"turns":3},{"damage":0,"enemies":"downfall:FleeingMerchant","floor":37,"turns":4},{"damage":0,"enemies":"3 Shapes","floor":38,"turns":2},{"damage":0,"enemies":"Transient","floor":40,"turns":5},{"damage":0,"enemies":"Transient","floor":42,"turns":5},{"damage":0,"enemies":"Nemesis","floor":43,"turns":3},{"damage":0,"enemies":"Maw","floor":44,"turns":6},{"damage":0,"enemies":"Reptomancer","floor":45,"turns":5},{"damage":0,"enemies":"Nemesis","floor":47,"turns":5},{"damage":0,"enemies":"4 Shapes","floor":48,"turns":2},{"damage":0,"enemies":"Sphere and 2 Shapes","floor":49,"turns":3},{"damage":4,"enemies":"IC_BLOCK_ARCHETYPE","floor":50,"turns":6},{"damage":0,"enemies":"downfall:CharBossMerchant","floor":52,"turns":6},{"damage":0,"enemies":"downfall:NeowBoss","floor":55,"turns":8},{"damage":120,"enemies":"downfall:NeowBossFinal","floor":56,"turns":10}],"seed_played":"3993361936910344017","potions_obtained":[{"floor":4,"key":"SpeedPotion"},{"floor":6,"key":"Block Potion"},{"floor":14,"key":"Swift Potion"},{"floor":16,"key":"champ:CounterPotion"},{"floor":28,"key":"Strength Potion"},{"floor":52,"key":"EssenceOfSteel"}],"is_trial":false,"path_per_floor":["R","M","?","M","?","M","T","?","E","?","R","$","E","?","M","B",null,"R","M","?","M","$","R","T","E","M","?","M","R","?","M","M","B",null,"R","M","$","M","$","M","T","?","E","M","E","R","E","M","M","B",null,"E","$","R","B","B",null],"character_chosen":"GUARDIAN","items_purchased":["Guardian:RollAttack","Guardian:SphericShield","Guardian:BodySlam","Membership Card","Bronze Scales","Kunai","Sling","Whetstone","TheAbacus"],"campfire_rested":1,"item_purchase_floors":[12,22,22,37,37,39,39,53,53],"current_hp_per_floor":[88,85,85,85,85,85,85,85,13,42,68,68,54,44,44,12,88,88,88,71,66,64,64,64,60,60,60,60,60,60,60,57,38,107,107,107,107,107,107,107,107,107,117,117,117,127,127,127,127,123,127,127,127,127,127,7],"gold":9,"neow_bonus":"TEN_PERCENT_HP_BONUS","is_daily":false,"chose_seed":false,"campfire_upgraded":6,"win_rate":0.0,"timestamp":1611003873,"path_taken":["R","M","?","M","?","?","T","?","E","?","R","$","E","?","M","BOSS","R","M","?","M","$","R","T","E","M","?","M","R","?","M","M","BOSS","R","M","$","M","$","M","T","?","E","M","E","R","E","M","M","BOSS","E","$","R","BOSS","BOSS"],"items_purchased_type":["Card","Card","Card","Relic","Relic","Relic","Relic","Relic","Relic"],"build_version":"2020-12-22","purchased_purges":1,"victory":true,"max_hp_per_floor":[88,88,88,88,88,88,88,88,88,88,88,88,88,88,88,88,88,88,88,93,93,93,93,93,107,107,107,107,107,107,107,107,107,107,107,107,107,107,107,107,107,107,117,117,117,127,127,127,127,127,127,127,127,127,127,127],"card_choices":[{"not_picked":["Guardian:VentSteam","Guardian:WalkerClaw"],"picked":"Guardian:EvasiveProtocol","floor":2},{"not_picked":["Guardian:Recover","Guardian:RollAttack"],"picked":"Guardian:PiercingHide","floor":4},{"not_picked":["Guardian:Clone","Guardian:ChargeCore"],"picked":"Guardian:Gem_Yellow","floor":6},{"not_picked":["Guardian:PolyBeam","Guardian:TemporalShield"],"picked":"Guardian:FloatingOrbs","floor":9},{"not_picked":["Guardian:SpikerProtocol","Guardian:PiercingHide"],"picked":"Guardian:Gem_Blue","floor":12},{"not_picked":["Guardian:RollAttack","Guardian:ExploitGems"],"picked":"Guardian:ChargeCore","floor":13},{"not_picked":["Guardian:TemporalShield","Guardian:Gem_Blue"],"picked":"Guardian:RollAttack","floor":14},{"not_picked":["Guardian:TemporalShield","Guardian:Incinerate"],"picked":"Guardian:DonusPower","floor":15},{"not_picked":["Guardian:FastForward","Guardian:HyperBeam_Guardian"],"picked":"Guardian:ExploitGems","floor":16},{"not_picked":["Guardian:Incinerate","Guardian:PrimingBeam"],"picked":"Guardian:BodySlam","floor":19},{"not_picked":["Guardian:Incinerate","Guardian:BronzeOrb"],"picked":"Guardian:Gem_Red","floor":21},{"not_picked":["Guardian:Planning","Guardian:DonusPower"],"picked":"Guardian:Gem_Yellow","floor":22},{"not_picked":["Guardian:Incinerate","Guardian:Clone"],"picked":"Guardian:SpikerProtocol","floor":25},{"not_picked":["Guardian:Gem_Cyan","Guardian:VentSteam"],"picked":"Guardian:PiercingHide+1","floor":26},{"not_picked":["Guardian:Gem_Red","Guardian:RollAttack"],"picked":"Guardian:Gem_Green","floor":28},{"not_picked":["Guardian:Recover+1","Guardian:CrystalBeam+1"],"picked":"Guardian:DecasProtection","floor":31},{"not_picked":["Guardian:Clone","Guardian:Suspension","Guardian:Gem_Cyan"],"picked":"SKIP","floor":32},{"not_picked":["Guardian:SphericShield","Guardian:HyperBeam_Guardian"],"picked":"Guardian:RevengeProtocol","floor":33},{"not_picked":["Guardian:ShieldCharger","Guardian:Gem_Fragmented"],"picked":"Guardian:TimeBomb+1","floor":36},{"not_picked":["Guardian:ShieldCharger","Guardian:Recover"],"picked":"Guardian:Gem_Purple","floor":37},{"not_picked":["Guardian:ShieldCharger","Guardian:Recover+1"],"picked":"Guardian:CrystalBeam+1","floor":38},{"not_picked":["Guardian:Planning+1","Guardian:Recover+1"],"picked":"Guardian:PolyBeam+1","floor":40},{"not_picked":["Guardian:Incinerate","Guardian:Gem_Lightblue"],"picked":"Guardian:WalkerClaw+1","floor":42},{"not_picked":["Guardian:VentSteam","Guardian:Gem_Lightblue"],"picked":"Guardian:BaubleBeam","floor":43},{"not_picked":["Guardian:Emergency","Guardian:WalkerClaw","Guardian:Gem_Cyan"],"picked":"SKIP","floor":44},{"not_picked":["Guardian:Repulse+1","Guardian:Gem_Green"],"picked":"Guardian:Gem_Blue","floor":45},{"not_picked":["Guardian:RefractedBeam","Guardian:Planning"],"picked":"Guardian:BodySlam+1","floor":47},{"not_picked":["Guardian:Gem_Red","Guardian:Planning"],"picked":"Guardian:RevengeProtocol","floor":48},{"not_picked":["Guardian:ShieldCharger","Guardian:Gem_Red"],"picked":"Guardian:PiercingHide+1","floor":48},{"not_picked":["Guardian:ShieldCharger","Guardian:Repulse+1","Guardian:MultiBeam+1"],"picked":"SKIP","floor":49},{"not_picked":["Guardian:GuardianWhirl+1","Guardian:Gem_Lightblue","Guardian:Gem_Green"],"picked":"SKIP","floor":49},{"not_picked":["Guardian:WalkerClaw+1","Guardian:Recover"],"picked":"Guardian:AncientConstruct","floor":52}],"player_experience":197248,"relics_obtained":[{"floor":7,"key":"Mummified Hand"},{"floor":9,"key":"Anchor"},{"floor":13,"key":"Shuriken"},{"floor":24,"key":"Mercury Hourglass"},{"floor":25,"key":"Mango"},{"floor":42,"key":"Guardian:SackOfGems"},{"floor":43,"key":"Pear"},{"floor":45,"key":"Prayer Wheel"},{"floor":47,"key":"Ice Cream"},{"floor":52,"key":"White Beast Statue"}],"event_choices":[{"cards_removed":["Guardian:Strike_Guardian"],"damage_healed":0,"gold_gain":0,"player_choice":"Card Removal","damage_taken":0,"max_hp_gain":0,"max_hp_loss":0,"event_name":"The Cleric","floor":3,"gold_loss":0},{"damage_healed":29,"gold_gain":0,"player_choice":"Banana","damage_taken":0,"max_hp_gain":0,"max_hp_loss":0,"event_name":"Big Fish","floor":10,"gold_loss":0}],"is_beta":false,"boss_relics":[{"not_picked":["Coffee Dripper","Busted Crown"],"picked":"Philosopher\u0027s Stone"},{"not_picked":["bronze:MakeshiftBattery","Snecko Eye"],"picked":"Guardian:ModeShifterPlus"}],"items_purged_floors":[22],"is_endless":false,"potions_floor_spawned":[4,6,14,16,21,25,28,32,36,43,45,47,49,52],"ascension_level":0}}