{"host":"7tvb1em0d2fx72q7","time":1611009673,"event":{"mods":["BaseMod","Challenge The Spire","Minty Spire (QoL Compilation)","StSLib","everything is the same but u backflip on backflip"],"gold_per_floor":[115,115,31,31,45,45,65,65,65,90,90,122,137,167,167,239,239,249,249,249,249,259,259,259],"floor_reached":23,"language":"ENG","playtime":1020,"items_purged":[],"score":414,"play_id":"fea96124-8766-49da-8371-1af101917c9c","local_time":"20210118174113","is_ascension_mode":true,"campfire_choices":[{"data":"Deadly Poison","floor":6,"key":"SMITH"},{"floor":8,"key":"REST"},{"floor":15,"key":"REST"}],"circlet_count":0,"master_deck":["AscendersBane","Strike_G","Strike_G","Strike_G+1","Strike_G","Strike_G+1","Defend_G","Defend_G","Defend_G+1","Defend_G","Defend_G","Survivor","Neutralize","Quick Slash+1","All Out Attack","Deadly Poison+1","Cloak And Dagger","Corpse Explosion","Poisoned Stab","Burst","Sucker Punch","Glass Knife","Decay","Prepared"],"relics":["Ring of the Snake","Whetstone","White Beast Statue","Happy Flower","Bronze Scales","Philosopher\u0027s Stone","Nilry\u0027s Codex"],"acts_visited":["Exordium","TheCity"],"potions_floor_usage":[10,12,16,16,22,23,23],"damage_taken":[{"damage":6,"enemies":"Jaw Worm","floor":1,"turns":6},{"damage":0,"enemies":"2 Louse","floor":5,"turns":2},{"damage":0,"enemies":"Cultist","floor":7,"turns":3},{"damage":32,"enemies":"Lagavulin","floor":10,"turns":7},{"damage":3,"enemies":"Gremlin Nob","floor":12,"turns":3},{"damage":8,"enemies":"Blue Slaver","floor":13,"turns":3},{"damage":14,"enemies":"3 Sentries","floor":14,"turns":4},{"damage":18,"enemies":"The Guardian","floor":16,"turns":8},{"damage":11,"enemies":"3 Byrds","floor":18,"turns":1},{"damage":12,"enemies":"Spheric Guardian","floor":22,"turns":4},{"damage":25,"enemies":"Slavers","floor":23,"turns":1}],"seed_played":"-1503643519578380593","potions_obtained":[{"floor":1,"key":"Ancient Potion"},{"floor":4,"key":"AttackPotion"},{"floor":4,"key":"LiquidMemories"},{"floor":10,"key":"LiquidBronze"},{"floor":12,"key":"SteroidPotion"},{"floor":13,"key":"LiquidMemories"},{"floor":16,"key":"Ancient Potion"},{"floor":18,"key":"Fruit Juice"},{"floor":22,"key":"Fruit Juice"}],"is_trial":false,"path_per_floor":["M","?","$","?","M","R","M","R","T","E","?","E","M","E","R","B",null,"M","?","?","?","M","E"],"character_chosen":"THE_SILENT","items_purchased":["All Out Attack"],"campfire_rested":2,"item_purchase_floors":[3],"current_hp_per_floor":[59,37,37,37,37,37,37,58,58,26,26,23,15,1,22,4,55,44,44,44,23,16,0,0],"gold":259,"neow_bonus":"TEN_PERCENT_HP_BONUS","is_daily":false,"chose_seed":false,"campfire_upgraded":1,"win_rate":0.0,"timestamp":1611009673,"path_taken":["M","?","$","?","M","R","?","R","T","E","?","E","M","E","R","BOSS","M","?","?","?","?","E"],"items_purchased_type":["Card"],"build_version":"2020-12-22","purchased_purges":0,"victory":false,"max_hp_per_floor":[72,72,72,72,72,72,72,72,72,72,72,72,72,72,72,72,72,72,72,72,72,77,82,82],"card_choices":[{"not_picked":["Flechettes","Flying Knee"],"picked":"Quick Slash","floor":1},{"not_picked":["Bane","Sucker Punch"],"picked":"Deadly Poison","floor":5},{"not_picked":["PiercingWail","Quick Slash"],"picked":"Cloak And Dagger","floor":7},{"not_picked":["Leg Sweep","Prepared"],"picked":"Corpse Explosion","floor":10},{"not_picked":["Acrobatics","Slice"],"picked":"Poisoned Stab","floor":12},{"not_picked":["Flying Knee","PiercingWail"],"picked":"Burst","floor":13},{"not_picked":["Outmaneuver","Envenom"],"picked":"Sucker Punch","floor":14},{"not_picked":["A Thousand Cuts","Corpse Explosion"],"picked":"Glass Knife","floor":16},{"not_picked":["Quick Slash","Slice","Dodge and Roll"],"picked":"SKIP","floor":18},{"not_picked":["Quick Slash","Endless Agony"],"picked":"Prepared","floor":22}],"player_experience":1931295,"relics_obtained":[{"floor":9,"key":"Whetstone"},{"floor":10,"key":"White Beast Statue"},{"floor":12,"key":"Happy Flower"},{"floor":14,"key":"Bronze Scales"},{"floor":21,"key":"Nilry\u0027s Codex"}],"event_choices":[{"damage_healed":0,"gold_gain":0,"player_choice":"Entered Light","damage_taken":22,"max_hp_gain":0,"max_hp_loss":0,"event_name":"Shining Light","floor":2,"gold_loss":0,"cards_upgraded":["Defend_G","Strike_G"]},{"damage_healed":0,"gold_gain":0,"player_choice":"Got Potions","damage_taken":0,"max_hp_gain":0,"max_hp_loss":0,"event_name":"Lab","floor":4,"gold_loss":0},{"damage_healed":0,"gold_gain":0,"player_choice":"Searched \u00270\u0027 times","damage_taken":0,"max_hp_gain":0,"max_hp_loss":0,"event_name":"Dead Adventurer","floor":11,"gold_loss":0},{"damage_healed":0,"gold_gain":0,"player_choice":"Ignored","damage_taken":0,"max_hp_gain":0,"max_hp_loss":0,"event_name":"The Mausoleum","floor":19,"gold_loss":0},{"damage_healed":0,"gold_gain":0,"player_choice":"Smashed Altar","damage_taken":0,"max_hp_gain":0,"max_hp_loss":0,"event_name":"Forgotten Altar","floor":20,"gold_loss":0,"cards_obtained":["Decay"]},{"damage_healed":0,"gold_gain":0,"player_choice":"Obtained Book","damage_taken":21,"max_hp_gain":0,"max_hp_loss":0,"event_name":"Cursed Tome","floor":21,"gold_loss":0}],"is_beta":false,"boss_relics":[{"not_picked":["Busted Crown","Fusion Hammer"],"picked":"Philosopher\u0027s Stone"}],"items_purged_floors":[],"is_endless":false,"potions_floor_spawned":[1,10,12,13,14,16,18,22],"killed_by":"Slavers","ascension_level":20}}