{"host":"t9zjxed0utvsfjwc","time":1611007691,"event":{"mods":["2.2 Compatiblity","Aspiration","BaseMod","Better Altar","Better Match","Better Note","Better Sensory Stone","Better Skull","Better Third Choice","Block Reminder","Colored Map","Colored Powertips","Hermit","Highlight Path","Hubris","Infinite Spire","Minty Spire (QoL Compilation)","Quick Restart","Rare Cards Sparkle","Replay The Spire","Shade Mod","StSLib","The Bug Knight","The Cursed","The Marked","Unceasing Turn Reminder","everything is the same but u backflip on backflip"],"gold_per_floor":[119,131,56,56,0,0,29,42,42,56,56,72,72,72,72,174,224,237,237,250,261,261,261,261,261,261,286,300,300,314,73,73,174,174,191,202,202,212,223,255,255,290,313,324,324,324,324,291,291,391,391,495,41,46,46,46,51,57,56,56,56,62,62,76,91,91,139,139,118,110,110,110,47,47,43,43,43,30,35,29,38,38,38,109,109,99,99],"floor_reached":86,"language":"ENG","playtime":7895,"items_purged":["TheCursedMod:Defend_TheCursed","TheCursedMod:Defend_TheCursed","TheCursedMod:Strike_TheCursed","TheCursedMod:Stigma+1"],"score":1834,"play_id":"bad258df-35de-427c-8d04-4a63aa5de8c4","local_time":"20210118220811","is_ascension_mode":false,"campfire_choices":[{"data":"Enlightenment","floor":6.0,"key":"SMITH"},{"data":"TheCursedMod:LuckyCharm","floor":11.0,"key":"SMITH"},{"floor":13.0,"key":"RECALL"},{"data":"TheCursedMod:CursedAmulet","floor":23.0,"key":"SMITH"},{"data":"TheCursedMod:CleanUpWorkshop","floor":25.0,"key":"SMITH"},{"data":"TheCursedMod:DemonSword","floor":41.0,"key":"SMITH"},{"floor":46.0,"key":"REST"},{"data":"TheCursedMod:CursedBlade","floor":49.0,"key":"SMITH"},{"data":"TheCursedMod:DemonicPact","floor":63.0,"key":"SMITH"},{"data":"TheCursedMod:Strike_TheCursed","floor":66.0,"key":"PURGE"},{"floor":74,"key":"REST"},{"data":"TheCursedMod:VoidForm","floor":76,"key":"SMITH"}],"circlet_count":0,"master_deck":["TheCursedMod:CursedWand+1","TheCursedMod:CleanUpWorkshop+1","TheCursedMod:Dregs","TheCursedMod:VoidForm+1","TheCursedMod:CursedSpellbook+1","TheCursedMod:Evocation+1","TheCursedMod:CursedSpellbook+1","Enlightenment+1","TheCursedMod:LuckyCharm+1","TheCursedMod:CursedAmulet+1","TheCursedMod:ManaCirculation+1","TheCursedMod:HellfireBreathing+1","TheCursedMod:RapidMovement+1","TheCursedMod:DemonSword+1","TheCursedMod:CursedBlade+1","TheCursedMod:FleshFromBone+1","TheCursedMod:CursedStaff+1","TheCursedMod:DemonicPact+1","TheCursedMod:CursedAmulet","TheCursedMod:VoidForm+1","hubris:NaturalOne","TheCursedMod:CursedAmulet+1","infinitespire:FutureSight","TheCursedMod:VoidForm"],"relics":["Astrolabe","infinitespire:Satchel","Tiny House","Replay:Bottled Steam","Question Card","Mummified Hand","Replay:Mystery Machine","Blue Doll","TheCursedMod:OminousMark","Darkstone Periapt","SacredBark","hubris:SphereOfDissonance","TheCursedMod:FourLeafCloverCharm","FossilizedHelix","Kunai","Strawberry","hubris:Icosahedron","Philosopher\u0027s Stone","Membership Card","hubris:MysteriousPyramids","Bottled Flame","Garlic","Oddly Smooth Stone","hubris:TinFlute","Onion Ring","Pandora\u0027s Box","aspiration:RitualStick","hubris:BottledHeart","infinitespire:Lucky Rock","aspiration:FetidBarrel","PreservedInsect","Bottled Lightning","hubris:Backtick","Replay:Towering Pillar of Hats"],"acts_visited":["Exordium","TheCity","TheBeyond","Exordium","TheCity","TheBeyond"],"potions_floor_usage":[69,79,80,84,84],"damage_taken":[{"damage":0.0,"enemies":"Cultist","floor":1.0,"turns":3.0},{"damage":5.0,"enemies":"2 Louse","floor":2.0,"turns":2.0},{"damage":10.0,"enemies":"Lagavulin","floor":7.0,"turns":4.0},{"damage":0.0,"enemies":"Small Slimes","floor":8.0,"turns":2.0},{"damage":3.0,"enemies":"Blue Slaver","floor":10.0,"turns":2.0},{"damage":2.0,"enemies":"3 Louse","floor":12.0,"turns":3.0},{"damage":34.0,"enemies":"The Guardian","floor":16.0,"turns":5.0},{"damage":0.0,"enemies":"2 Thieves","floor":18.0,"turns":3.0},{"damage":10.0,"enemies":"3 Byrds","floor":20.0,"turns":4.0},{"damage":4.0,"enemies":"3 Cultists","floor":21.0,"turns":5.0},{"damage":13.0,"enemies":"Nightmare","floor":27.0,"turns":6.0},{"damage":6.0,"enemies":"Centurion and Healer","floor":28.0,"turns":4.0},{"damage":0.0,"enemies":"Snecko","floor":30.0,"turns":4.0},{"damage":5.0,"enemies":"hubris:MusketHawk","floor":33.0,"turns":2.0},{"damage":7.0,"enemies":"3 Darklings","floor":35.0,"turns":5.0},{"damage":8.0,"enemies":"Orb Walker","floor":36.0,"turns":4.0},{"damage":0.0,"enemies":"Transient","floor":38.0,"turns":5.0},{"damage":1.0,"enemies":"Maw","floor":39.0,"turns":4.0},{"damage":0.0,"enemies":"Giant Head","floor":40.0,"turns":5.0},{"damage":0.0,"enemies":"R_Hoarder","floor":42.0,"turns":10.0},{"damage":0.0,"enemies":"Writhing Mass","floor":44.0,"turns":4.0},{"damage":0.0,"enemies":"Transient","floor":48.0,"turns":5.0},{"damage":0.0,"enemies":"hubris:GrandSnecko","floor":50.0,"turns":5.0},{"damage":0.0,"enemies":"2 Louse","floor":52.0,"turns":2.0},{"damage":0.0,"enemies":"Small Slimes","floor":54.0,"turns":2.0},{"damage":0.0,"enemies":"Lagavulin","floor":57.0,"turns":3.0},{"damage":0.0,"enemies":"Cultist","floor":58.0,"turns":2.0},{"damage":0.0,"enemies":"Red Slaver","floor":59.0,"turns":2.0},{"damage":0.0,"enemies":"Lots of Slimes","floor":62.0,"turns":2.0},{"damage":0.0,"enemies":"Gremlin Nob","floor":64.0,"turns":2.0},{"damage":0.0,"enemies":"Blue Slaver","floor":65.0,"turns":1.0},{"damage":0.0,"enemies":"Fading Forest","floor":67.0,"turns":7.0},{"damage":18,"enemies":"2 Thieves","floor":69,"turns":2},{"damage":28,"enemies":"Chosen and Byrds","floor":70,"turns":5},{"damage":0,"enemies":"Cultist and Chosen","floor":75,"turns":4},{"damage":0,"enemies":"Centurion and Healer","floor":78,"turns":3},{"damage":14,"enemies":"Nightmare","floor":79,"turns":6},{"damage":0,"enemies":"Snecko","floor":80,"turns":4},{"damage":0,"enemies":"Book of Stabbing","floor":81,"turns":5},{"damage":0,"enemies":"Automaton","floor":84,"turns":5},{"damage":15,"enemies":"3 Darklings","floor":86,"turns":2}],"seed_played":"-872307312825959140","potions_obtained":[{"floor":2.0,"key":"Adrenaline Potion"},{"floor":7.0,"key":"Elixir"},{"floor":12.0,"key":"SpeedPotion"},{"floor":17.0,"key":"Explosive Potion"},{"floor":21.0,"key":"FearPotion"},{"floor":27.0,"key":"ColorlessPotion"},{"floor":30.0,"key":"FearPotion"},{"floor":32.0,"key":"FairyPotion"},{"floor":32.0,"key":"SneckoOil"},{"floor":36.0,"key":"LifebloodPotion"},{"floor":40.0,"key":"Swift Potion"},{"floor":42.0,"key":"DistilledChaos"},{"floor":48.0,"key":"Fruit Juice"},{"floor":54.0,"key":"BlessingOfTheForge"},{"floor":55.0,"key":"ColorlessPotion"},{"floor":64.0,"key":"Fruit Juice"},{"floor":65.0,"key":"AttackPotion"},{"floor":67.0,"key":"SkillPotion"},{"floor":70,"key":"DuplicationPotion"},{"floor":79,"key":"LiquidBronze"},{"floor":83,"key":"LifebloodPotion"},{"floor":83,"key":"EssenceOfSteel"}],"is_trial":false,"path_per_floor":["M","M","$","?","?","R","E","M","T","M","R","M","R","$","R_BF","B",null,"M","?","M","M","?","R","T","R","T","NM","M","AVR","M","$","R_BF","B",null,"M","M","AVR","M","M","E","R","E","T","M","?","R","?","M","R","B",null,"M","$","M","?","AVR","E","M","M","T","$","M","R","E","M","R_BF","B",null,"M","M","?","?","$","R","M","R","T","M","NM","M","E","T","R_BF","B",null,"M"],"character_chosen":"THE_CURSED","items_purchased":["Darkstone Periapt","Membership Card","hubris:MysteriousPyramids","Bottled Flame"],"campfire_rested":2,"item_purchase_floors":[31,53,53,53],"current_hp_per_floor":[75,70,70,63,69,69,59,59,59,56,56,54,54,54,78,44,86,86,86,76,72,72,72,72,72,72,59,53,53,53,53,53,48,86,79,71,71,71,70,70,70,70,77,77,77,93,93,103,103,103,103,103,103,103,103,103,103,103,103,103,103,103,103,103,113,113,113,113,95,67,44,1,1,1,1,1,1,1,1,1,1,1,1,1,1,0,0],"gold":99,"neow_bonus":"BOSS_RELIC","is_daily":false,"chose_seed":false,"campfire_upgraded":8,"win_rate":0.0,"timestamp":1611007691,"path_taken":["M","?","$","?","?","R","E","M","T","M","R","M","R","$","R_BF","BOSS","M","?","M","?","?","R","?","R","T","NM","M","AVR","M","?","R_BF","BOSS","M","M","AVR","M","M","E","R","E","T","M","?","R","?","M","R","BOSS","M","?","M","?","AVR","E","M","?","T","?","M","R","E","M","R_BF","BOSS","BOSS","M","M","?","?","$","R","M","R","T","M","NM","M","E","?","R_BF","BOSS","M"],"items_purchased_type":["Relic","Relic","Relic","Relic"],"build_version":"2020-12-22","purchased_purges":4,"victory":false,"max_hp_per_floor":[75,75,75,75,81,81,81,81,81,81,81,81,81,81,81,81,86,86,86,86,86,86,86,86,86,86,86,86,86,86,86,86,86,86,86,86,86,86,86,86,86,86,93,93,93,93,93,103,103,103,103,103,103,103,103,103,103,103,103,103,103,103,103,103,113,113,113,113,113,113,113,1,1,1,1,1,1,1,1,1,1,1,1,1,1,1,1],"card_choices":[{"not_picked":["TheCursedMod:SurpriseAttack","TheCursedMod:Hemoplague","TheCursedMod:RapidMovement"],"picked":"SKIP","floor":1.0},{"not_picked":["TheCursedMod:CursedBoomerang","TheCursedMod:StingEye"],"picked":"TheCursedMod:CursedSpellbook","floor":2.0},{"not_picked":["TheCursedMod:Mangle","TheCursedMod:RapidMovement"],"picked":"TheCursedMod:LuckyCharm","floor":7.0},{"not_picked":["TheCursedMod:SmokeScreen","TheCursedMod:CursedBoomerang","TheCursedMod:Grudge"],"picked":"SKIP","floor":8.0},{"not_picked":["TheCursedMod:FleshFromBone","TheCursedMod:RavingStaff"],"picked":"TheCursedMod:CursedAmulet","floor":10.0},{"not_picked":["TheCursedMod:EmpowerCircles","TheCursedMod:CollectTribute","TheCursedMod:Stigma"],"picked":"SKIP","floor":12.0},{"not_picked":["TheCursedMod:UltimatePain","TheCursedMod:ParallelWorld"],"picked":"TheCursedMod:ManaCirculation","floor":16.0},{"not_picked":["TheCursedMod:Mangle+1","TheCursedMod:Torture","TheCursedMod:TacticalStrike+1"],"picked":"SKIP","floor":18.0},{"not_picked":["TheCursedMod:LuckyCharm+1","TheCursedMod:Stretching"],"picked":"TheCursedMod:HellfireBreathing+1","floor":20.0},{"not_picked":["TheCursedMod:FuryStrike","TheCursedMod:Evocation","TheCursedMod:CircleOfCorruption"],"picked":"SKIP","floor":21.0},{"not_picked":["TheCursedMod:CursedShiv+1","TheCursedMod:Wield","TheCursedMod:CircleOfFlame","TheCursedMod:VitalStrike"],"picked":"SKIP","floor":27.0},{"not_picked":["TheCursedMod:CursedBlade","TheCursedMod:CircleOfFlame","TheCursedMod:FleshFromBone","TheCursedMod:SurpriseAttack+1"],"picked":"SKIP","floor":28.0},{"not_picked":["TheCursedMod:CircleOfFlame","TheCursedMod:CursedArmor","TheCursedMod:CursedBlade"],"picked":"TheCursedMod:RapidMovement+1","floor":30.0},{"not_picked":["TheCursedMod:CircleOfAbyss","TheCursedMod:ManaCirculation","TheCursedMod:StunningStrike"],"picked":"TheCursedMod:DemonSword","floor":33.0},{"not_picked":["TheCursedMod:Obscuration+1","TheCursedMod:RapidMovement","TheCursedMod:DoubleShield+1","TheCursedMod:FleshFromBone"],"picked":"SKIP","floor":35.0},{"not_picked":["TheCursedMod:CursedMace+1","TheCursedMod:SpitefulPray+1","TheCursedMod:CircleOfFlame"],"picked":"TheCursedMod:CursedBlade","floor":36.0},{"not_picked":["TheCursedMod:LuckyCharm","TheCursedMod:TroublousMinions+1","TheCursedMod:CursedAmulet","TheCursedMod:CursedShiv"],"picked":"SKIP","floor":38.0},{"not_picked":["TheCursedMod:EmpowerCircles+1","TheCursedMod:BloodBarrier+1","TheCursedMod:HellsGateOpen+1"],"picked":"TheCursedMod:FleshFromBone+1","floor":39.0},{"not_picked":["TheCursedMod:SpitefulPray","TheCursedMod:RavingStaff","TheCursedMod:CircleOfAmplification+1","TheCursedMod:NeowsMight"],"picked":"SKIP","floor":40.0},{"not_picked":["TheCursedMod:BlessingInDisguise+1","TheCursedMod:VitalStrike+1","TheCursedMod:ReleasedStrength","TheCursedMod:CircleOfBlood"],"picked":"SKIP","floor":42.0},{"not_picked":["TheCursedMod:SpitefulStrike","TheCursedMod:CursedShiv+1","TheCursedMod:CursedMace"],"picked":"TheCursedMod:CursedStaff+1","floor":44.0},{"not_picked":["TheCursedMod:DoubleShield","TheCursedMod:VitalStrike+1","TheCursedMod:Mangle+1","TheCursedMod:CursedStaff"],"picked":"SKIP","floor":48.0},{"not_picked":["TheCursedMod:OutForBlood","TheCursedMod:ManaCirculation","TheCursedMod:DarkBarrier"],"picked":"TheCursedMod:DemonicPact","floor":50.0},{"not_picked":["TheCursedMod:SmokeScreen","TheCursedMod:WearCloak","TheCursedMod:SpitefulStrike","TheCursedMod:BloodBarrier"],"picked":"SKIP","floor":52.0},{"not_picked":["TheCursedMod:CursedShiv","TheCursedMod:CircleOfCorruption","TheCursedMod:HellsGateOpen"],"picked":"TheCursedMod:CursedAmulet","floor":54.0},{"not_picked":["TheCursedMod:Obscuration","TheCursedMod:Stretching","TheCursedMod:SmokeScreen","TheCursedMod:BloodBarrier"],"picked":"SKIP","floor":57.0},{"not_picked":["TheCursedMod:FleshFromBone","TheCursedMod:SpitefulStrike","TheCursedMod:CircleOfFlame","TheCursedMod:PrepareRite"],"picked":"SKIP","floor":58.0},{"not_picked":["TheCursedMod:CursedAmulet","TheCursedMod:SmokeScreen","TheCursedMod:BloodBarrier","TheCursedMod:CircleOfCorruption"],"picked":"SKIP","floor":59.0},{"not_picked":["TheCursedMod:Torture","TheCursedMod:CursedMace","TheCursedMod:CircleOfBlood","TheCursedMod:Grudge"],"picked":"SKIP","floor":62.0},{"not_picked":["TheCursedMod:SmokeScreen","TheCursedMod:CircleOfBlood","TheCursedMod:SoulCrush","TheCursedMod:SurpriseAttack"],"picked":"SKIP","floor":64.0},{"not_picked":["TheCursedMod:Torture","TheCursedMod:RavingStaff","TheCursedMod:WearCloak","TheCursedMod:SmokeScreen"],"picked":"SKIP","floor":65.0},{"not_picked":["TheCursedMod:DemonSword","TheCursedMod:ManaCirculation","TheCursedMod:StunningStrike"],"picked":"TheCursedMod:VoidForm","floor":67.0},{"not_picked":["TheCursedMod:CircleOfWindfury+1","TheCursedMod:TacticalStrike","TheCursedMod:Stretching"],"picked":"TheCursedMod:Stigma+1","floor":69},{"not_picked":["TheCursedMod:CircleOfFlame","TheCursedMod:CursedMace","TheCursedMod:VitalStrike","TheCursedMod:AntiAging"],"picked":"SKIP","floor":70},{"not_picked":["TheCursedMod:SpitefulStrike","TheCursedMod:CircleOfFocus","TheCursedMod:Stigma+1","TheCursedMod:SmokeScreen"],"picked":"SKIP","floor":75},{"not_picked":["TheCursedMod:DemonSword","TheCursedMod:Stretching","TheCursedMod:Evocation"],"picked":"TheCursedMod:CursedAmulet+1","floor":78},{"not_picked":["infinitespire:Starlight","infinitespire:Oblivion"],"picked":"infinitespire:FutureSight","floor":79},{"not_picked":["TheCursedMod:Obscuration+1","TheCursedMod:SmokeScreen","TheCursedMod:CursedShiv","TheCursedMod:TacticalStrike+1"],"picked":"SKIP","floor":79},{"not_picked":["TheCursedMod:Obscuration+1","TheCursedMod:SmokeScreen","TheCursedMod:CursedShiv","TheCursedMod:TacticalStrike+1"],"picked":"SKIP","floor":79},{"not_picked":["TheCursedMod:CircleOfCorruption+1","TheCursedMod:RavingStaff","TheCursedMod:CursedShiv","TheCursedMod:Obscuration"],"picked":"SKIP","floor":80},{"not_picked":["TheCursedMod:SpreadPlague+1","TheCursedMod:Wield","TheCursedMod:DarkBarrier","TheCursedMod:SmokeScreen"],"picked":"SKIP","floor":81},{"not_picked":["TheCursedMod:ShockAndAwe","TheCursedMod:DemonicPact","TheCursedMod:AntiAging"],"picked":"TheCursedMod:VoidForm","floor":84}],"player_experience":363798,"relics_obtained":[{"floor":7.0,"key":"infinitespire:Satchel"},{"floor":24.0,"key":"Question Card"},{"floor":26.0,"key":"Mummified Hand"},{"floor":27.0,"key":"Replay:Mystery Machine"},{"floor":40.0,"key":"FossilizedHelix"},{"floor":42.0,"key":"Kunai"},{"floor":43.0,"key":"Strawberry"},{"floor":57.0,"key":"Oddly Smooth Stone"},{"floor":60.0,"key":"hubris:TinFlute"},{"floor":64.0,"key":"Onion Ring"},{"floor":77,"key":"infinitespire:Lucky Rock"},{"floor":79,"key":"aspiration:FetidBarrel"},{"floor":81,"key":"PreservedInsect"},{"floor":82,"key":"Bottled Lightning"}],"event_choices":[{"cards_removed":["TheCursedMod:Strike_TheCursed"],"damage_healed":0.0,"max_hp_gain":0.0,"max_hp_loss":0.0,"gold_gain":0.0,"event_name":"Golden Wing","player_choice":"Card Removal","floor":4.0,"gold_loss":0.0,"damage_taken":7.0},{"damage_healed":0.0,"max_hp_gain":0.0,"max_hp_loss":0.0,"gold_gain":0.0,"event_name":"betterThird:BetterSerpent","player_choice":"RENOUNCE","floor":5.0,"gold_loss":56.0,"damage_taken":56.0,"cards_obtained":["Enlightenment"]},{"damage_healed":0.0,"max_hp_gain":0.0,"max_hp_loss":0.0,"gold_gain":0.0,"event_name":"WeMeetAgain","player_choice":"Gave Potion","floor":19.0,"gold_loss":0.0,"damage_taken":0.0,"relics_obtained":["Replay:Bottled Steam"]},{"damage_healed":0.0,"max_hp_gain":0.0,"max_hp_loss":0.0,"gold_gain":0.0,"event_name":"Upgrade Shrine","player_choice":"Upgraded","floor":22.0,"gold_loss":0.0,"damage_taken":0.0,"cards_upgraded":["TheCursedMod:ManaCirculation"]},{"damage_healed":0.0,"max_hp_gain":0.0,"max_hp_loss":0.0,"gold_gain":0.0,"event_name":"Lab","player_choice":"Got Potions","floor":55.0,"gold_loss":0.0,"damage_taken":0.0}],"is_beta":false,"boss_relics":[{"not_picked":["aspiration:WatcherSkillbook","aspiration:RitualDagger"],"picked":"Tiny House"},{"not_picked":["Replay:Bronze Core","hubris:HollowSoul"],"picked":"SacredBark"},{"not_picked":["hubris:ScarierMask","Replay:Drink Me"],"picked":"Philosopher\u0027s Stone"},{"not_picked":["Replay:Bronze Core","aspiration:DefectSkillbook"],"picked":"Pandora\u0027s Box"},{"not_picked":["aspiration:PoetsPen_weak","aspiration:RunicSpoon"],"picked":"hubris:Backtick"}],"items_purged_floors":[3,53,56,73],"is_endless":true,"potions_floor_spawned":[2,7,12,21,27,30,36,40,42,48,54,64,65,67,70,79],"killed_by":"3 Darklings","ascension_level":0}}