{"host":"6hzrz31j95f2y1pa","time":1611001312,"event":{"mods":["BaseMod","Colored Map","Downfall","Minty Spire (QoL Compilation)","StSLib"],"gold_per_floor":[99,116,131,41,57,57,57,69,69,69,69],"floor_reached":9,"language":"ENG","playtime":432,"items_purged":["champ:Defend"],"score":85,"play_id":"a97210af-d5ec-4af4-b3fc-d60a40216cb0","local_time":"20210118152152","is_ascension_mode":true,"campfire_choices":[{"data":"champ:Taunt","floor":1.0,"key":"SMITH"}],"circlet_count":0,"master_deck":["AscendersBane","champ:Strike","champ:Strike","champ:Strike","champ:Defend","champ:Defend","champ:Execute","champ:Taunt+1","champ:FancyFootwork","champ:DancingMaster","champ:FocusedBerserking","champ:CrownThrow","champ:FaceSlap","champ:ArenaPreparation","champ:Shatter"],"relics":["champ:ChampionCrown","Singing Bowl"],"acts_visited":["Exordium"],"potions_floor_usage":[],"damage_taken":[{"damage":12,"enemies":"Small Slimes","floor":2,"turns":4},{"damage":52,"enemies":"Cultist","floor":3,"turns":6},{"damage":20,"enemies":"downfall:FleeingMerchant","floor":4,"turns":4},{"damage":15,"enemies":"Jaw Worm","floor":5,"turns":3},{"damage":23,"enemies":"3 Louse","floor":8,"turns":3},{"damage":86,"enemies":"Lagavulin","floor":9,"turns":6}],"seed_played":"-2327038640345174732","potions_obtained":[{"floor":2,"key":"champ:CounterPotion"},{"floor":5,"key":"champ:CounterPotion"}],"is_trial":false,"path_per_floor":["R","M","M","$","M","?","T","M","E"],"character_chosen":"THE_CHAMP","items_purchased":[],"campfire_rested":0,"item_purchase_floors":[],"current_hp_per_floor":[81,79,57,52,52,57,57,39,0,0,0],"gold":69,"neow_bonus":"TRANSFORM_TWO_CARDS","is_daily":false,"chose_seed":false,"campfire_upgraded":1,"win_rate":0.0,"timestamp":1611001312,"path_taken":["R","M","M","$","M","?","T","M","E"],"items_purchased_type":[],"build_version":"2020-12-22","purchased_purges":1,"victory":false,"max_hp_per_floor":[81,81,81,81,81,86,86,86,86,86,86],"card_choices":[{"not_picked":["champ:Backstep","champ:Endure"],"picked":"champ:FocusedBerserking","floor":2},{"not_picked":["champ:ShieldSigil","champ:IronFortress"],"picked":"champ:CrownThrow","floor":3},{"not_picked":["champ:PerfectedStrike","champ:SkillfulDodge"],"picked":"champ:FaceSlap","floor":4},{"not_picked":["champ:HeartStrike","champ:StanceDance"],"picked":"champ:ArenaPreparation","floor":5},{"not_picked":["champ:BerserkersShout","champ:EnGarde"],"picked":"champ:Shatter","floor":8}],"player_experience":1352172,"relics_obtained":[{"floor":7,"key":"Singing Bowl"}],"event_choices":[{"damage_healed":0,"gold_gain":0,"player_choice":"Donut","damage_taken":0,"max_hp_gain":5,"max_hp_loss":0,"event_name":"Big Fish","floor":6,"gold_loss":0}],"is_beta":false,"boss_relics":[],"items_purged_floors":[4],"is_endless":false,"potions_floor_spawned":[2,5],"killed_by":"Lagavulin","ascension_level":12}}