{"host":"kjcsj8kbkx3w6fc4","time":1611006722,"event":{"mods":["2.2 Compatiblity","Aspiration","BaseMod","Better Third Choice","Conspire","Downfall","Hermit","Infinite Spire","Minty Spire (QoL Compilation)","Permanent Neow","Reimu??????","Shedinja","StSLib","The Cursed","The Poker Player","The Servant 0.9.4"],"gold_per_floor":[99,45,45,45,61,96,96,110,123,138,148,148,180,40,51,155,155,155,175,175,189,208,41,41,73,73,99,113,129,66,84,101,101,101,101],"floor_reached":33,"language":"ENG","playtime":2738,"items_purged":["Injury","downfall:Bewildered"],"score":281,"play_id":"6bd8e121-206a-437e-96f7-308d6c0cc15c","local_time":"20210118165202","is_ascension_mode":false,"campfire_choices":[{"data":"champ:Taunt","floor":1,"key":"SMITH"},{"data":"champ:ShieldWall","floor":12,"key":"SMITH"},{"data":"champ:CheapShot","floor":18,"key":"SMITH"},{"data":"champ:Duel","floor":26,"key":"SMITH"}],"circlet_count":0,"master_deck":["champ:Strike","champ:Strike","champ:Strike","champ:Strike","champ:Defend","champ:Defend","champ:Defend","champ:Defend","champ:Execute","champ:Taunt+1","champ:ShieldThrow","champ:TornadoPunch","champ:Duel+1","champ:ShieldWall+1","champ:Haymaker","champ:BladeFlurry","champ:StanceDance+1","champ:DefensiveStyle","champ:Parry+1","champ:Circumvent+1","champ:AdrenalArmor+1","champ:CheapShot+1","champ:PreciseThrust+1","champ:FlashCut+1","champ:ViciousMockery+1","champ:DefensiveShout+1","champ:CalledShot+1","champ:Backstep+1","champ:SkillfulDodge+1","champ:BringItOn+1","champ:PerfectedStrike","champ:EnGarde+1"],"relics":["champ:ChampionCrown","Toxic Egg 2","aspiration:Lifesprig","conspire:BottledYoYo","Nunchaku","Velvet Choker","sneckomod:BabySnecko","Tiny Chest","aspiration:HiddenCompartment"],"acts_visited":["Exordium","TheCity"],"potions_floor_usage":[16,16,16,22,33,33],"damage_taken":[{"damage":20,"enemies":"downfall:FleeingMerchant","floor":2,"turns":4},{"damage":0,"enemies":"2 Louse","floor":5,"turns":3},{"damage":7,"enemies":"Gremlin Nob","floor":6,"turns":3},{"damage":14,"enemies":"Jaw Worm","floor":8,"turns":3},{"damage":10,"enemies":"Cultist","floor":9,"turns":2},{"damage":27,"enemies":"Exordium Wildlife","floor":10,"turns":5},{"damage":20,"enemies":"Exordium Thugs","floor":11,"turns":4},{"damage":2,"enemies":"3 Sentries","floor":13,"turns":6},{"damage":6,"enemies":"downfall:FleeingMerchant","floor":14,"turns":4},{"damage":11,"enemies":"3 Louse","floor":15,"turns":3},{"damage":9,"enemies":"WA_ARCHETYPE_RETAIN","floor":16,"turns":6},{"damage":10,"enemies":"Spheric Guardian","floor":19,"turns":3},{"damage":14,"enemies":"conspire:FuzzyDice","floor":21,"turns":6},{"damage":24,"enemies":"Shelled Parasite and Fungi","floor":22,"turns":3},{"damage":10,"enemies":"downfall:FleeingMerchant","floor":23,"turns":5},{"damage":7,"enemies":"Book of Stabbing","floor":25,"turns":5},{"damage":6,"enemies":"Snake Plant","floor":28,"turns":3},{"damage":3,"enemies":"conspire:HollyBat","floor":29,"turns":7},{"damage":10,"enemies":"downfall:FleeingMerchant","floor":30,"turns":5},{"damage":0,"enemies":"Centurion and Healer","floor":31,"turns":5},{"damage":12,"enemies":"Cultist and Chosen","floor":32,"turns":5},{"damage":42,"enemies":"DF_ARCHETYPE_CLAW","floor":33,"turns":8}],"seed_played":"5218912876315615627","potions_obtained":[{"floor":4,"key":"MagicPotion:ReiMu"},{"floor":4,"key":"GamblersBrew"},{"floor":4,"key":"LiquidBronze"},{"floor":5,"key":"Fire Potion"},{"floor":6,"key":"Weak Potion"},{"floor":16,"key":"Dexterity Potion"},{"floor":22,"key":"SneckoOil"},{"floor":25,"key":"Block Potion"},{"floor":28,"key":"CultistPotion"}],"is_trial":false,"path_per_floor":["R","$","?","?","M","E","T","M","M","M","M","R","E","$","M","B",null,"R","M","?","M","M","$","T","E","R","T","M","M","$","M","M","B"],"character_chosen":"THE_CHAMP","items_purchased":["champ:Duel","champ:Circumvent+1","champ:DefensiveShout+1","champ:PerfectedStrike"],"campfire_rested":0,"item_purchase_floors":[2,14,23,30],"current_hp_per_floor":[90,90,90,90,90,83,83,79,79,52,32,32,30,24,13,4,90,90,90,90,86,72,62,62,55,55,55,49,46,46,46,34,0,0,0],"gold":101,"neow_bonus":"ONE_RANDOM_RARE_CARD","is_daily":false,"chose_seed":false,"campfire_upgraded":4,"win_rate":0.0,"timestamp":1611006722,"path_taken":["R","$","?","?","M","E","T","?","M","M","M","R","E","$","M","BOSS","R","M","?","M","M","$","T","E","R","?","M","M","$","M","M","BOSS"],"items_purchased_type":["Card","Card","Card","Card"],"build_version":"2020-12-22","purchased_purges":2,"victory":false,"max_hp_per_floor":[90,90,90,90,90,90,90,90,90,90,90,90,90,90,90,90,90,90,90,90,90,90,90,90,90,90,90,90,90,90,90,90,90,90,90],"card_choices":[{"not_picked":["champ:BladeFlurry","champ:BerserkersShout"],"picked":"champ:TornadoPunch","floor":2},{"not_picked":["champ:DeathBlow","champ:Circumvent+1"],"picked":"champ:ShieldWall","floor":5},{"not_picked":["champ:GutPunch","champ:Improvising"],"picked":"champ:Haymaker","floor":6},{"not_picked":["champ:TornadoPunch","champ:FanOfKnives"],"picked":"champ:BladeFlurry","floor":8},{"not_picked":["champ:FaceSlap","champ:ShieldWall","champ:CrownThrow"],"picked":"SKIP","floor":9},{"not_picked":["champ:BringItOn+1","champ:AdrenalArmor+1"],"picked":"champ:StanceDance+1","floor":10},{"not_picked":["champ:Backstep+1","champ:DeathBlow"],"picked":"champ:DefensiveStyle","floor":11},{"not_picked":["champ:RecklessLeap","champ:EnragedBash"],"picked":"champ:Parry+1","floor":13},{"not_picked":["champ:CrookedStrike","champ:BerserkersShout+1","champ:SteelEdge"],"picked":"SKIP","floor":14},{"not_picked":["champ:Haymaker","champ:TornadoPunch"],"picked":"champ:AdrenalArmor+1","floor":15},{"not_picked":["champ:SteelEdge","champ:Devastate"],"picked":"champ:CheapShot","floor":16},{"not_picked":["champ:FocusedBerserking+1","champ:FlashCut+1"],"picked":"champ:PreciseThrust+1","floor":19},{"not_picked":["champ:Endure+1","champ:PreciseThrust+1","champ:GutPunch"],"picked":"SKIP","floor":21},{"not_picked":["champ:GladiatorStyle","champ:PerfectedStrike"],"picked":"champ:FlashCut+1","floor":22},{"not_picked":["champ:RecklessLeap","champ:EnGarde+1"],"picked":"champ:ViciousMockery+1","floor":23},{"not_picked":["champ:Encircle","champ:FlashCut"],"picked":"champ:CalledShot+1","floor":25},{"not_picked":["champ:TornadoPunch","champ:Circumvent+1"],"picked":"champ:Backstep+1","floor":28},{"not_picked":["champ:ShieldThrow","champ:FlashCut"],"picked":"champ:SkillfulDodge+1","floor":29},{"not_picked":["champ:Duel+1","champ:BladeFlurry"],"picked":"champ:BringItOn+1","floor":30},{"not_picked":["champ:BladeFlurry+1","champ:BringItOn+1","champ:EnGarde+1"],"picked":"SKIP","floor":31},{"not_picked":["champ:BerserkersShout+1","champ:DefensiveStyle+1"],"picked":"champ:EnGarde+1","floor":32}],"player_experience":127382,"relics_obtained":[{"floor":6,"key":"aspiration:Lifesprig"},{"floor":7,"key":"conspire:BottledYoYo"},{"floor":13,"key":"Nunchaku"},{"floor":25,"key":"Tiny Chest"},{"floor":27,"key":"aspiration:HiddenCompartment"}],"event_choices":[{"damage_healed":0,"gold_gain":0,"player_choice":"Got Potions","damage_taken":0,"max_hp_gain":0,"max_hp_loss":0,"event_name":"Lab","floor":4,"gold_loss":0}],"is_beta":false,"boss_relics":[{"not_picked":["champ:ChampionCrownUpgraded","Runic Pyramid"],"picked":"Velvet Choker"}],"items_purged_floors":[14,23],"is_endless":false,"potions_floor_spawned":[5,6,11,13,16,22,25,28,32],"killed_by":"DF_ARCHETYPE_CLAW","ascension_level":0}}