{"host":"l4he167voxkef95j","time":1611000082,"event":{"mods":["BaseMod","Infinite Spire","Minty Spire (QoL Compilation)","Rare Cards Sparkle","StSLib"],"gold_per_floor":[112,112,127,139,71,71,82,82,108,123,123,134,154,164,164,269,269,280,130,45,63,82,109,138,212,212,87,87,106,123,140,140,240,240,254,254,17,34,34,64,87,104,129,129,140,165,165,193,193,193,193],"floor_reached":50,"language":"RUS","playtime":1494,"items_purged":[],"score":521,"play_id":"4a593fb9-cb36-4f72-89a7-c69009b8690e","local_time":"20210119000122","is_ascension_mode":false,"campfire_choices":[{"data":"Feed","floor":8.0,"key":"SMITH"},{"data":"Iron Wave","floor":11.0,"key":"SMITH"},{"data":"Spot Weakness","floor":15.0,"key":"SMITH"},{"data":"Double Tap","floor":28.0,"key":"SMITH"},{"data":"Cleave","floor":32.0,"key":"SMITH"},{"data":"infinitespire:Gouge","floor":44,"key":"SMITH"},{"data":"Chrysalis","floor":47,"key":"SMITH"},{"data":"Mind Blast","floor":49,"key":"SMITH"}],"circlet_count":0,"master_deck":["Strike_R","Strike_R","Strike_R","Strike_R","Defend_R","Defend_R","Defend_R","Defend_R","Bash","WreathOfFlame","Spot Weakness+1","Iron Wave+1","Feed+1","Carnage","Intimidate","Pommel Strike","Reaper","Double Tap+1","Cleave+1","Anger+1","Blood for Blood","Infernal Blade+1","Shrug It Off+1","Bludgeon","Twin Strike+1","Mind Blast+1","Chrysalis+1","Chrysalis","Expertise+1","infinitespire:Gouge+1","Infinite Blades+1","Coolheaded+1","Flame Barrier+1","Berserk"],"relics":["Burning Blood","NeowsBlessing","Tiny Chest","infinitespire:Burning Sword","Potion Belt","infinitespire:PuzzleCube","Turnip","Red Mask","The Courier","Eternal Feather","Bag of Marbles","Runic Cube","Lantern","PrismaticShard","White Beast Statue","Akabeko","Toy Ornithopter","Mercury Hourglass","PreservedInsect"],"acts_visited":["Exordium","TheCity","TheBeyond"],"potions_floor_usage":[42,45,45,46,46,48,50,50],"damage_taken":[{"damage":0.0,"enemies":"Jaw Worm","floor":1.0,"turns":1.0},{"damage":0.0,"enemies":"Cultist","floor":3.0,"turns":1.0},{"damage":0.0,"enemies":"Small Slimes","floor":4.0,"turns":2.0},{"damage":19.0,"enemies":"Exordium Thugs","floor":7.0,"turns":6.0},{"damage":16.0,"enemies":"Blue Slaver","floor":10.0,"turns":4.0},{"damage":8.0,"enemies":"Looter","floor":12.0,"turns":3.0},{"damage":8.0,"enemies":"Red Slaver","floor":13.0,"turns":3.0},{"damage":10.0,"enemies":"2 Fungi Beasts","floor":14.0,"turns":4.0},{"damage":42.0,"enemies":"Slime Boss","floor":16.0,"turns":9.0},{"damage":2.0,"enemies":"Spheric Guardian","floor":18.0,"turns":3.0},{"damage":9.0,"enemies":"Shell Parasite","floor":21.0,"turns":2.0},{"damage":47.0,"enemies":"Shelled Parasite and Fungi","floor":22.0,"turns":5.0},{"damage":57.0,"enemies":"Slavers","floor":23.0,"turns":5.0},{"damage":8.0,"enemies":"Masked Bandits","floor":24.0,"turns":3.0},{"damage":17.0,"enemies":"Snake Plant","floor":29.0,"turns":3.0},{"damage":5.0,"enemies":"Cultist and Chosen","floor":30.0,"turns":3.0},{"damage":0.0,"enemies":"Shelled Parasite and Fungi","floor":31.0,"turns":2.0},{"damage":2.0,"enemies":"Champ","floor":33.0,"turns":2.0},{"damage":20,"enemies":"3 Darklings","floor":35,"turns":4},{"damage":6,"enemies":"Orb Walker","floor":38,"turns":2},{"damage":19,"enemies":"Nightmare","floor":40,"turns":3},{"damage":19,"enemies":"Transient","floor":42,"turns":5},{"damage":11,"enemies":"3 Darklings","floor":45,"turns":3},{"damage":26,"enemies":"Nemesis","floor":46,"turns":3},{"damage":46,"enemies":"Giant Head","floor":48,"turns":6},{"damage":127,"enemies":"Donu and Deca","floor":50,"turns":6}],"seed_played":"-735337185801650806","potions_obtained":[{"floor":1.0,"key":"Energy Potion"},{"floor":3.0,"key":"SkillPotion"},{"floor":10.0,"key":"GamblersBrew"},{"floor":12.0,"key":"Swift Potion"},{"floor":16.0,"key":"BloodPotion"},{"floor":18.0,"key":"Energy Potion"},{"floor":23.0,"key":"infinitespire:BlackPotion"},{"floor":24.0,"key":"Dexterity Potion"},{"floor":29.0,"key":"AttackPotion"},{"floor":33.0,"key":"Regen Potion"},{"floor":35,"key":"ColorlessPotion"},{"floor":42,"key":"Explosive Potion"},{"floor":45,"key":"SkillPotion"},{"floor":46,"key":"DuplicationPotion"},{"floor":48,"key":"SkillPotion"}],"is_trial":false,"path_per_floor":["M","?","M","M","$","?","M","R","T","M","R","M","M","M","R","B",null,"M","$","?","M","M","E","?","T","T","$","R","M","M","M","R","B",null,"M","?","$","M","?","NM","T","M","T","R","M","E","R","E","R","B"],"character_chosen":"IRONCLAD","items_purchased":["Metallicize","Potion Belt","Bag of Marbles","Lantern","PrismaticShard"],"campfire_rested":0,"item_purchase_floors":[5,19,27,37,37],"current_hp_per_floor":[80,80,80,80,80,80,67,67,67,61,61,63,65,65,65,47,100,104,104,104,105,90,70,72,72,72,72,84,104,109,119,131,132,132,124,114,114,114,114,101,101,88,88,106,111,101,119,84,102,0,0],"gold":193,"neow_bonus":"THREE_ENEMY_KILL","is_daily":false,"chose_seed":false,"campfire_upgraded":8,"win_rate":0.0,"timestamp":1611000082,"path_taken":["M","?","?","M","$","?","M","R","T","M","R","?","M","M","R","BOSS","M","$","?","M","M","E","?","?","T","$","R","?","M","M","R","BOSS","M","?","$","M","?","NM","?","?","T","R","M","E","R","E","R","BOSS"],"items_purchased_type":["Card","Relic","Relic","Relic","Relic"],"build_version":"2020-12-22","purchased_purges":0,"victory":false,"max_hp_per_floor":[80,80,80,80,80,80,80,80,80,84,84,88,92,96,96,100,100,104,104,104,108,112,116,120,120,120,120,120,124,128,132,132,132,132,132,132,132,132,132,132,132,132,132,132,132,132,132,132,132,132,132],"card_choices":[{"not_picked":["Shrug It Off","Flame Barrier"],"picked":"Spot Weakness","floor":1.0},{"not_picked":["Perfected Strike","Power Through"],"picked":"Spot Weakness","floor":3.0},{"not_picked":["Body Slam","Havoc"],"picked":"Iron Wave","floor":4.0},{"not_picked":["Cleave","Heavy Blade"],"picked":"Feed","floor":7.0},{"not_picked":["Headbutt","Clothesline"],"picked":"Carnage","floor":10.0},{"not_picked":["Shrug It Off","Headbutt"],"picked":"Intimidate","floor":12.0},{"not_picked":["Heavy Blade","Corruption"],"picked":"Pommel Strike","floor":13.0},{"not_picked":["Heavy Blade","Sword Boomerang"],"picked":"Reaper","floor":14.0},{"not_picked":["Fiend Fire","Bludgeon"],"picked":"Double Tap","floor":16.0},{"not_picked":["Clothesline","Sword Boomerang"],"picked":"Cleave","floor":18.0},{"not_picked":["Thunderclap","Cleave","Headbutt"],"picked":"SKIP","floor":21.0},{"not_picked":["Clash","Shockwave","Wild Strike"],"picked":"SKIP","floor":22.0},{"not_picked":["Heavy Blade","Burning Pact+1"],"picked":"Anger+1","floor":23.0},{"not_picked":["Cleave","Shockwave"],"picked":"Blood for Blood","floor":24.0},{"not_picked":["Havoc","Anger"],"picked":"Infernal Blade+1","floor":29.0},{"not_picked":["Dropkick","Double Tap","Havoc"],"picked":"SKIP","floor":30.0},{"not_picked":["Dropkick","Wild Strike"],"picked":"Shrug It Off+1","floor":31.0},{"not_picked":["Juggernaut","Brutality"],"picked":"Bludgeon","floor":33.0},{"not_picked":["Burning Pact+1","Carnage+1"],"picked":"Twin Strike+1","floor":35},{"not_picked":["Metamorphosis","HandOfGreed"],"picked":"Mind Blast","floor":36},{"not_picked":["Purity","Flash of Steel"],"picked":"Chrysalis","floor":36},{"not_picked":["Flash of Steel","Good Instincts"],"picked":"Chrysalis","floor":36},{"not_picked":["Underhanded Strike+1","Prepared"],"picked":"Expertise+1","floor":38},{"not_picked":["infinitespire:Fortify","infinitespire:TheBestDefense"],"picked":"infinitespire:Gouge","floor":40},{"not_picked":["Reinforced Body+1","Steam+1"],"picked":"Infinite Blades+1","floor":40},{"not_picked":["Stack+1","Halt"],"picked":"Coolheaded+1","floor":42},{"not_picked":["Shrug It Off","Sucker Punch","Cloak And Dagger+1"],"picked":"SKIP","floor":45},{"not_picked":["Rage","PiercingWail"],"picked":"Flame Barrier+1","floor":46},{"not_picked":["Bane+1","Blur+1"],"picked":"Berserk","floor":48}],"player_experience":177946,"relics_obtained":[{"floor":9.0,"key":"Tiny Chest"},{"floor":23.0,"key":"Turnip"},{"floor":24.0,"key":"Red Mask"},{"floor":25.0,"key":"The Courier"},{"floor":26.0,"key":"Eternal Feather"},{"floor":40,"key":"White Beast Statue"},{"floor":41,"key":"Akabeko"},{"floor":43,"key":"Toy Ornithopter"},{"floor":46,"key":"Mercury Hourglass"},{"floor":48,"key":"PreservedInsect"}],"event_choices":[{"cards_removed":["Spot Weakness"],"damage_healed":0.0,"max_hp_gain":0.0,"max_hp_loss":0.0,"gold_gain":0.0,"event_name":"NoteForYourself","player_choice":"Took Card","floor":2.0,"gold_loss":0.0,"damage_taken":0.0,"cards_obtained":["WreathOfFlame"]},{"cards_removed":["Metallicize"],"damage_healed":0.0,"max_hp_gain":0.0,"max_hp_loss":0.0,"gold_gain":0.0,"event_name":"Bonfire Elementals","player_choice":"Offered Uncommon","floor":6.0,"gold_loss":0.0,"damage_taken":0.0},{"damage_healed":0.0,"max_hp_gain":0.0,"max_hp_loss":0.0,"gold_gain":0.0,"event_name":"Addict","player_choice":"Obtained Relic","floor":20.0,"gold_loss":85.0,"damage_taken":0.0,"relics_obtained":["infinitespire:PuzzleCube"]},{"damage_healed":0.0,"max_hp_gain":0.0,"max_hp_loss":0.0,"gold_gain":0.0,"event_name":"Masked Bandits","player_choice":"Fought Bandits","floor":24.0,"gold_loss":0.0,"damage_taken":0.0},{"damage_healed":0,"gold_gain":0,"player_choice":"Memory 3","damage_taken":10,"max_hp_gain":0,"max_hp_loss":0,"event_name":"SensoryStone","floor":36,"gold_loss":0},{"cards_removed":["Strike_R"],"damage_healed":0,"gold_gain":0,"player_choice":"Card Removal","damage_taken":0,"max_hp_gain":0,"max_hp_loss":0,"event_name":"Wheel of Change","floor":39,"gold_loss":0}],"is_beta":false,"boss_relics":[{"not_picked":["Ectoplasm","SacredBark"],"picked":"infinitespire:Burning Sword"},{"not_picked":["Empty Cage","Snecko Eye"],"picked":"Runic Cube"}],"items_purged_floors":[],"is_endless":true,"potions_floor_spawned":[1,3,10,12,16,18,23,24,29,33,35,42,45,46,48],"killed_by":"Donu and Deca","ascension_level":0}}