{"host":"y76clbnovzmw9ubx","time":1611013961,"event":{"mods":["AchievementEnabler","BaseMod","Minty Spire (QoL Compilation)","Permanent Neow","Relic Stats"],"gold_per_floor":[119,139,154,154,169,202,202,229,255,268,268,300,311,346,346,346,346],"floor_reached":16,"language":"ENG","playtime":621,"items_purged":[],"score":364,"play_id":"c39c9b97-c82d-4bd9-a4fb-d05f4010b814","local_time":"20210118185241","is_ascension_mode":true,"campfire_choices":[{"data":"Dagger Spray","floor":7,"key":"SMITH"},{"data":"Riddle With Holes","floor":11,"key":"SMITH"},{"floor":15,"key":"REST"}],"circlet_count":0,"master_deck":["AscendersBane","Strike_G","Strike_G","Strike_G","Strike_G","Defend_G","Defend_G","Defend_G","Defend_G","Defend_G","Survivor","Neutralize","Dagger Throw","Slice","Riddle With Holes+1","Dagger Spray+1","Backstab","Poisoned Stab","Infinite Blades","Calculated Gamble","Envenom","Cloak And Dagger"],"relics":["Ring of the Snake","Smiling Mask","Juzu Bracelet","Bronze Scales","Happy Flower","Anchor"],"acts_visited":["Exordium"],"potions_floor_usage":[6,8,12,16],"damage_taken":[{"damage":0,"enemies":"Cultist","floor":1,"turns":4},{"damage":0,"enemies":"Small Slimes","floor":2,"turns":3},{"damage":0,"enemies":"2 Louse","floor":3,"turns":3},{"damage":1,"enemies":"Blue Slaver","floor":5,"turns":4},{"damage":0,"enemies":"3 Sentries","floor":6,"turns":3},{"damage":0,"enemies":"Gremlin Nob","floor":8,"turns":2},{"damage":5,"enemies":"Large Slime","floor":10,"turns":5},{"damage":17,"enemies":"Lagavulin","floor":12,"turns":4},{"damage":0,"enemies":"Looter","floor":13,"turns":3},{"damage":26,"enemies":"3 Sentries","floor":14,"turns":7},{"damage":22,"enemies":"Slime Boss","floor":16,"turns":5}],"seed_played":"-3796773162123439799","potions_obtained":[{"floor":1,"key":"SteroidPotion"},{"floor":3,"key":"SteroidPotion"},{"floor":8,"key":"Strength Potion"},{"floor":12,"key":"Dexterity Potion"}],"is_trial":false,"path_per_floor":["M","M","M","?","M","E","R","E","T","M","R","E","M","E","R","B"],"character_chosen":"THE_SILENT","items_purchased":[],"campfire_rested":1,"item_purchase_floors":[],"current_hp_per_floor":[59,59,59,52,51,51,51,51,51,46,46,29,29,3,22,0,0],"gold":346,"neow_bonus":"THREE_CARDS","is_daily":false,"chose_seed":false,"campfire_upgraded":2,"win_rate":0.0,"timestamp":1611013961,"path_taken":["M","M","?","?","M","E","R","E","T","M","R","E","M","E","R","BOSS"],"items_purchased_type":[],"build_version":"2020-12-22","purchased_purges":0,"victory":false,"max_hp_per_floor":[66,66,66,66,66,66,66,66,66,66,66,66,66,66,66,66,66],"relic_stats":{"Happy Flower":[5],"counters":[11,43],"Bronze Scales":[39],"Juzu Bracelet":0,"Smiling Mask":0,"obtain_stats":[{"Anchor":14,"Happy Flower":12,"Bronze Scales":9,"Juzu Bracelet":8,"Smiling Mask":6,"Ring of the Snake":0},{"Anchor":10,"Happy Flower":8,"Bronze Scales":6,"Juzu Bracelet":6,"Smiling Mask":5,"Ring of the Snake":0},{"Anchor":38,"Happy Flower":28,"Bronze Scales":19,"Juzu Bracelet":19,"Smiling Mask":17,"Ring of the Snake":0}],"Ring of the Snake":[22]},"card_choices":[{"not_picked":["Quick Slash","Sucker Punch"],"picked":"Dagger Throw","floor":0},{"not_picked":["Eviscerate","Bouncing Flask"],"picked":"Slice","floor":1},{"not_picked":["Dagger Throw","PiercingWail"],"picked":"Riddle With Holes","floor":2},{"not_picked":["Bane","Blade Dance"],"picked":"Dagger Spray","floor":3},{"not_picked":["Caltrops","Sucker Punch"],"picked":"Backstab","floor":5},{"not_picked":["Escape Plan","Heel Hook"],"picked":"Poisoned Stab","floor":6},{"not_picked":["Flechettes","Concentrate"],"picked":"Infinite Blades","floor":8},{"not_picked":["Flying Knee","Dagger Spray"],"picked":"Calculated Gamble","floor":10},{"not_picked":["Prepared","Cloak And Dagger"],"picked":"Envenom","floor":12},{"not_picked":["Dash","Flying Knee","Sucker Punch"],"picked":"SKIP","floor":13},{"not_picked":["Distraction","Well Laid Plans"],"picked":"Cloak And Dagger","floor":14}],"player_experience":3084148,"relics_obtained":[{"floor":6,"key":"Smiling Mask"},{"floor":8,"key":"Juzu Bracelet"},{"floor":9,"key":"Bronze Scales"},{"floor":12,"key":"Happy Flower"},{"floor":14,"key":"Anchor"}],"event_choices":[{"cards_removed":["Strike_G"],"damage_healed":0,"gold_gain":0,"player_choice":"Card Removal","damage_taken":7,"max_hp_gain":0,"max_hp_loss":0,"event_name":"Golden Wing","floor":4,"gold_loss":0}],"is_beta":false,"boss_relics":[],"items_purged_floors":[],"is_endless":false,"potions_floor_spawned":[1,3,8,12],"killed_by":"Slime Boss","ascension_level":20}}