{"host":"dh8vptmequbrae31","time":1611003910,"event":{"mods":["2.2 Compatiblity","AchievementEnabler","BaseMod","Colored Map","Evolution","Minty Spire (QoL Compilation)","Td1madao Mod"],"gold_per_floor":[109,120,120,134,153,187,187,214,214,232,243,243,257,276,276,374,374,386,405,420,28,28,54,54,54,54,54,65,92,92,122,122,219,219,237,237,248,263,64,64,93,110,110,120,131,159,159,174,174,174,174,174,50,81,81,81],"floor_reached":55,"language":"ENG","playtime":6629,"items_purged":["Adaptation","Shame"],"score":919,"play_id":"a15d0ced-9de3-4d8a-b332-b3f17fd2c679","local_time":"20210118160510","is_ascension_mode":true,"campfire_choices":[{"data":"ClearTheMind","floor":7,"key":"SMITH"},{"data":"Crescendo","floor":15,"key":"SMITH"},{"floor":27,"key":"RECALL"},{"data":"TalkToTheHand","floor":30,"key":"SMITH"},{"data":"ConjureBlade","floor":32,"key":"SMITH"},{"data":"Vault","floor":40,"key":"SMITH"},{"floor":49,"key":"REST"},{"data":"Devotion","floor":52,"key":"SMITH"}],"circlet_count":0,"master_deck":["CutThroughFate","FlyingSleeves","SashWhip","EmptyFist","ThirdEye","EmptyBody","Eruption+1","Vigilance","FollowUp","Weave","ReachHeaven","ClearTheMind+1","MentalFortress","CrushJoints","FlurryOfBlows","Meditate","Crescendo+1","Swivel","Judgement","Adaptation+1","EmptyMind","InnerPeace+1","Dark Shackles","ConjureBlade+1","Shame","TalkToTheHand+1","Writhe","J.A.X.","Sanctity+1","Wallop+1","DeusExMachina","Vault+1","Regret","Devotion+1","Wallop+1","Pain","Wireheading+1","MentalFortress+1","Tantrum+1"],"relics":["HolyWater","EVO:Axolotl","Prayer Wheel","Happy Flower","Mercury Hourglass","Kunai","Cursed Key","Damaru","Strawberry","Tiny Chest","The Courier","TungstenRod","Molten Egg 2","Pear","Du-Vu Doll","Potion Belt","Frozen Egg 2","Toy Ornithopter"],"acts_visited":["Exordium","TheCity","TheBeyond","TheEnding"],"potions_floor_usage":[8,14,16,28,31,35,38,42,55,55],"damage_taken":[{"damage":0,"enemies":"2 Louse","floor":1,"turns":2},{"damage":0,"enemies":"Cultist","floor":2,"turns":3},{"damage":0,"enemies":"Jaw Worm","floor":4,"turns":2},{"damage":0,"enemies":"Large Slime","floor":5,"turns":3},{"damage":4,"enemies":"Lagavulin","floor":6,"turns":4},{"damage":14,"enemies":"Gremlin Nob","floor":8,"turns":4},{"damage":0,"enemies":"2 Fungi Beasts","floor":10,"turns":3},{"damage":0,"enemies":"Exordium Wildlife","floor":11,"turns":2},{"damage":0,"enemies":"Blue Slaver","floor":13,"turns":3},{"damage":0,"enemies":"Gremlin Gang","floor":14,"turns":3},{"damage":0,"enemies":"Hexaghost","floor":16,"turns":6},{"damage":0,"enemies":"3 Byrds","floor":18,"turns":3},{"damage":0,"enemies":"Spheric Guardian","floor":19,"turns":1},{"damage":0,"enemies":"3 Cultists","floor":20,"turns":4},{"damage":0,"enemies":"Gremlin Leader","floor":23,"turns":5},{"damage":0,"enemies":"Sentry and Sphere","floor":28,"turns":3},{"damage":13,"enemies":"Book of Stabbing","floor":29,"turns":5},{"damage":24,"enemies":"Slavers","floor":31,"turns":4},{"damage":15,"enemies":"Collector","floor":33,"turns":6},{"damage":3,"enemies":"3 Shapes","floor":35,"turns":4},{"damage":0,"enemies":"Orb Walker","floor":37,"turns":3},{"damage":2,"enemies":"Transient","floor":38,"turns":5},{"damage":8,"enemies":"Giant Head","floor":41,"turns":8},{"damage":0,"enemies":"Maw","floor":42,"turns":8},{"damage":19,"enemies":"4 Shapes","floor":44,"turns":3},{"damage":36,"enemies":"Spire Growth","floor":45,"turns":5},{"damage":18,"enemies":"Reptomancer","floor":46,"turns":6},{"damage":16,"enemies":"3 Darklings","floor":48,"turns":4},{"damage":20,"enemies":"Time Eater","floor":50,"turns":9},{"damage":33,"enemies":"Shield and Spear","floor":54,"turns":6},{"damage":78,"enemies":"The Heart","floor":55,"turns":6}],"seed_played":"4665067696715176674","potions_obtained":[{"floor":4,"key":"FairyPotion"},{"floor":5,"key":"Fire Potion"},{"floor":10,"key":"Block Potion"},{"floor":13,"key":"ColorlessPotion"},{"floor":16,"key":"Energy Potion"},{"floor":20,"key":"Block Potion"},{"floor":28,"key":"Ancient Potion"},{"floor":29,"key":"Fire Potion"},{"floor":33,"key":"AttackPotion"},{"floor":37,"key":"Weak Potion"},{"floor":38,"key":"BottledMiracle"},{"floor":42,"key":"Fruit Juice"},{"floor":44,"key":"BlessingOfTheForge"},{"floor":54,"key":"Ambrosia"}],"is_trial":false,"path_per_floor":["M","M","?","M","M","E","R","E","T","M","M","?","M","M","R","B",null,"M","M","M","$","?","E","?","?","T","R","M","E","R","E","R","B",null,"M","?","M","M","$","R","E","M","T","M","M","E","T","M","R","B",null,"R","$","E","B"],"character_chosen":"WATCHER","items_purchased":["Dark Shackles","Damaru","ConjureBlade","Vault","Wireheading+1","MentalFortress+1"],"campfire_rested":1,"item_purchase_floors":[21,21,21,39,53,53],"current_hp_per_floor":[77,77,77,77,77,73,73,59,59,59,59,59,59,59,59,59,77,77,77,77,77,84,84,84,84,84,84,84,71,71,47,47,32,84,81,81,81,79,79,79,81,86,86,67,31,13,13,27,56,36,99,99,99,66,0,0],"gold":81,"neow_bonus":"UPGRADE_CARD","is_daily":false,"chose_seed":false,"campfire_upgraded":6,"win_rate":0.0,"timestamp":1611003910,"path_taken":["M","M","?","M","?","E","R","E","T","M","M","?","M","?","R","BOSS","M","M","M","$","?","E","?","?","T","R","M","E","R","E","R","BOSS","M","?","M","M","$","R","E","M","T","M","M","E","?","M","R","BOSS","R","$","E","BOSS"],"items_purchased_type":["Card","Relic","Card","Card","Card","Card"],"build_version":"2020-12-22","purchased_purges":2,"victory":false,"max_hp_per_floor":[77,77,77,77,77,77,77,77,77,77,77,77,77,77,77,77,77,77,77,77,77,84,84,84,84,84,84,84,84,84,84,84,84,84,84,84,84,84,84,84,94,99,99,99,99,99,99,99,99,99,99,99,99,99,99,99],"card_choices":[{"not_picked":["CarveReality","EmptyFist"],"picked":"FollowUp","floor":1},{"not_picked":["FollowUp","Prostrate"],"picked":"Weave","floor":2},{"not_picked":["SashWhip","EmptyFist"],"picked":"ReachHeaven","floor":4},{"not_picked":["CrushJoints","Consecrate"],"picked":"ClearTheMind","floor":4},{"not_picked":["CrushJoints","PathToVictory"],"picked":"Adaptation","floor":5},{"not_picked":["Swivel","Tantrum"],"picked":"MentalFortress","floor":5},{"not_picked":["ForeignInfluence","Protect"],"picked":"MentalFortress","floor":6},{"not_picked":["WreathOfFlame","DevaForm"],"picked":"CrushJoints","floor":8},{"not_picked":["Halt","Fasting2"],"picked":"FlurryOfBlows","floor":10},{"not_picked":["MentalFortress","EmptyBody","Perseverance"],"picked":"SKIP","floor":10},{"not_picked":["FlyingSleeves","JustLucky"],"picked":"Meditate","floor":11},{"not_picked":["CrushJoints","BowlingBash","ReachHeaven"],"picked":"SKIP","floor":11},{"not_picked":["FollowUp","EmptyBody","Halt"],"picked":"SKIP","floor":13},{"not_picked":["DevaForm","Protect","Halt"],"picked":"SKIP","floor":13},{"not_picked":["WreathOfFlame","Protect"],"picked":"Crescendo","floor":14},{"not_picked":["Evaluate","EmptyFist"],"picked":"Swivel","floor":14},{"not_picked":["DevaForm","Ragnarok"],"picked":"Judgement","floor":16},{"not_picked":["ThirdEye","FollowUp"],"picked":"Adaptation+1","floor":18},{"not_picked":["Crescendo","BowlingBash","PathToVictory"],"picked":"SKIP","floor":18},{"not_picked":["SashWhip","BowlingBash"],"picked":"EmptyMind","floor":19},{"not_picked":["Crescendo","ThirdEye","ForeignInfluence"],"picked":"SKIP","floor":19},{"not_picked":["FlyingSleeves+1","PathToVictory+1"],"picked":"InnerPeace+1","floor":20},{"not_picked":["Collect","SandsOfTime","FollowUp+1"],"picked":"SKIP","floor":20},{"not_picked":["Blasphemy","Weave"],"picked":"TalkToTheHand","floor":23},{"not_picked":["SashWhip+1","Vengeance"],"picked":"Sanctity+1","floor":28},{"not_picked":["EmptyMind","ThirdEye","WreathOfFlame"],"picked":"SKIP","floor":28},{"not_picked":["WaveOfTheHand+1","EmptyFist+1","MentalFortress"],"picked":"SKIP","floor":29},{"not_picked":["Indignation","Scrawl"],"picked":"Wallop+1","floor":31},{"not_picked":["Brilliance+1","DevaForm"],"picked":"DeusExMachina","floor":33},{"not_picked":["ThirdEye","WaveOfTheHand","FlurryOfBlows+1"],"picked":"SKIP","floor":35},{"not_picked":["ClearTheMind","CutThroughFate+1","WreathOfFlame"],"picked":"SKIP","floor":35},{"not_picked":["EmptyBody+1","FlurryOfBlows+1","BattleHymn"],"picked":"SKIP","floor":37},{"not_picked":["CutThroughFate+1","Pray+1","Sanctity"],"picked":"SKIP","floor":37},{"not_picked":["ConjureBlade","Crescendo+1","ClearTheMind+1"],"picked":"SKIP","floor":38},{"not_picked":["CrushJoints+1","FlurryOfBlows+1","Weave+1"],"picked":"SKIP","floor":38},{"not_picked":["FlyingSleeves+1","Evaluate+1","BowlingBash+1"],"picked":"SKIP","floor":41},{"not_picked":["Protect+1","Prostrate+1","ThirdEye+1"],"picked":"SKIP","floor":42},{"not_picked":["SashWhip+1","EmptyBody","Pray+1"],"picked":"SKIP","floor":42},{"not_picked":["Protect+1","EmptyBody+1"],"picked":"Devotion","floor":44},{"not_picked":["Evaluate","CrushJoints+1"],"picked":"Wallop+1","floor":44},{"not_picked":["SashWhip+1","SandsOfTime+1","ThirdEye+1"],"picked":"SKIP","floor":45},{"not_picked":["Sanctity","Collect+1","ClearTheMind+1"],"picked":"SKIP","floor":45},{"not_picked":["EmptyFist+1","FollowUp+1","SashWhip+1"],"picked":"SKIP","floor":46},{"not_picked":["Halt+1","EmptyFist+1","BattleHymn+1"],"picked":"SKIP","floor":48},{"not_picked":["ClearTheMind+1","Brilliance+1","CrushJoints+1"],"picked":"SKIP","floor":48},{"not_picked":["Prostrate+1","CarveReality+1"],"picked":"Tantrum+1","floor":54}],"player_experience":261782,"relics_obtained":[{"floor":6,"key":"Happy Flower"},{"floor":8,"key":"Mercury Hourglass"},{"floor":9,"key":"Kunai"},{"floor":23,"key":"Tiny Chest"},{"floor":29,"key":"TungstenRod"},{"floor":31,"key":"Molten Egg 2"},{"floor":41,"key":"Pear"},{"floor":43,"key":"Du-Vu Doll"},{"floor":46,"key":"Potion Belt"},{"floor":47,"key":"Frozen Egg 2"},{"floor":54,"key":"Toy Ornithopter"}],"event_choices":[{"cards_removed":["Evaluate"],"damage_healed":0,"gold_gain":0,"player_choice":"Gave Card","damage_taken":0,"relics_obtained":["Prayer Wheel"],"max_hp_gain":0,"max_hp_loss":0,"event_name":"WeMeetAgain","floor":3,"gold_loss":0},{"cards_removed":["Evaluate"],"damage_healed":0,"gold_gain":0,"player_choice":"Purged","damage_taken":0,"max_hp_gain":0,"max_hp_loss":0,"event_name":"Purifier","floor":12,"gold_loss":0},{"damage_healed":0,"gold_gain":0,"player_choice":"Stole Relic","damage_taken":0,"relics_obtained":["Strawberry"],"max_hp_gain":0,"max_hp_loss":0,"event_name":"Addict","floor":22,"gold_loss":0,"cards_obtained":["Shame"]},{"damage_healed":0,"gold_gain":0,"player_choice":"Opened","damage_taken":0,"relics_obtained":["The Courier"],"max_hp_gain":0,"max_hp_loss":0,"event_name":"The Mausoleum","floor":24,"gold_loss":0,"cards_obtained":["Writhe"]},{"damage_healed":0,"gold_gain":0,"player_choice":"Obtain J.A.X.","damage_taken":0,"max_hp_gain":0,"max_hp_loss":0,"event_name":"Drug Dealer","floor":25,"gold_loss":0,"cards_obtained":["J.A.X."]},{"cards_removed":["MentalFortress"],"damage_healed":0,"gold_gain":0,"player_choice":"Removed Power","damage_taken":0,"max_hp_gain":0,"max_hp_loss":0,"event_name":"Falling","floor":36,"gold_loss":0}],"is_beta":false,"boss_relics":[{"not_picked":["Fusion Hammer","Ectoplasm"],"picked":"Cursed Key"},{"not_picked":["Runic Dome","Sozu"],"picked":"HolyWater"}],"items_purged_floors":[21,39],"is_endless":false,"potions_floor_spawned":[4,5,10,13,16,20,28,29,33,37,38,42,44,54],"killed_by":"The Heart","ascension_level":1}}