{"host":"pvedlq59if0kbxhz","time":1611006380,"event":{"mods":["Act Like it!","BaseMod","Duelist Mod","Friendly Minions","GifTheSpireLib","Gold Saver","Minty Spire (QoL Compilation)","Replay The Spire","Shop Mod","StSLib","The Jungle"],"gold_per_floor":[188,31,90,90,60,60,86,86,112,112,77,77,96,114,114,114,114],"floor_reached":16,"language":"ENG","playtime":934,"items_purged":[],"score":96,"play_id":"cfccbfae-2e13-499f-b24f-e6a15e4ac271","local_time":"20210118164620","is_ascension_mode":false,"campfire_choices":[{"floor":6,"key":"REST"},{"floor":8,"key":"REST"},{"floor":12,"key":"REST"},{"data":"ReplayTheSpireMod:Muscle Training","floor":15,"key":"SMITH"}],"circlet_count":0,"master_deck":["Strike_R","Strike_R","Strike_R","Strike_R","Defend_R","Bash","Armaments","ReplayTheSpireMod:Muscle Training+1","Rupture","Inflame","Dual Wield","Flex"],"relics":["Replay:Drink Me","Lantern","HornCleat","Strawberry","MealTicket"],"acts_visited":["Exordium"],"potions_floor_usage":[7,7,7,16,16],"damage_taken":[{"damage":27,"enemies":"Cultist","floor":1,"turns":5},{"damage":21,"enemies":"3 Sentries","floor":7,"turns":8},{"damage":9,"enemies":"Small Slimes","floor":13,"turns":5},{"damage":4,"enemies":"2 Louse","floor":14,"turns":3},{"damage":67,"enemies":"Fading Forest","floor":16,"turns":7}],"seed_played":"-603862918722800664","potions_obtained":[{"floor":1,"key":"DuplicationPotion"},{"floor":3,"key":"Swift Potion"},{"floor":3,"key":"Block Potion"},{"floor":3,"key":"Toxic Potion"},{"floor":7,"key":"GamblersBrew"},{"floor":14,"key":"LiquidMemories"}],"is_trial":false,"path_per_floor":["M","$","?","?","?","R","E","R","T","T","$","R","M","M","R","B"],"character_chosen":"IRONCLAD","items_purchased":["Lantern","Inflame"],"campfire_rested":3,"item_purchase_floors":[2,11],"current_hp_per_floor":[33,33,9,9,9,27,6,24,31,31,46,66,57,53,53,0,0],"gold":114,"neow_bonus":"BOSS_RELIC","is_daily":false,"chose_seed":false,"campfire_upgraded":1,"win_rate":0.0,"timestamp":1611006380,"path_taken":["M","?","?","?","?","R","E","R","T","?","$","R","?","M","R","BOSS"],"items_purchased_type":["Relic","Card"],"build_version":"2020-12-22","purchased_purges":0,"victory":false,"max_hp_per_floor":[60,60,60,60,60,60,60,60,67,67,67,67,67,67,67,67,67],"card_choices":[{"not_picked":["ReplayTheSpireMod:Limb From Limb","Thunderclap"],"picked":"Armaments","floor":1},{"not_picked":["Disarm","Anger"],"picked":"ReplayTheSpireMod:Muscle Training","floor":3},{"not_picked":["Shrug It Off","Rage"],"picked":"Rupture","floor":7},{"not_picked":["Sword Boomerang","Burning Pact"],"picked":"Dual Wield","floor":13},{"not_picked":["Body Slam","Warcry"],"picked":"Flex","floor":14}],"player_experience":13477,"relics_obtained":[{"floor":7,"key":"HornCleat"},{"floor":9,"key":"Strawberry"},{"floor":10,"key":"MealTicket"}],"event_choices":[{"damage_healed":0,"gold_gain":0,"player_choice":"Left Gold","damage_taken":0,"max_hp_gain":0,"max_hp_loss":0,"event_name":"World of Goop","floor":5,"gold_loss":30}],"is_beta":false,"boss_relics":[],"items_purged_floors":[],"is_endless":false,"potions_floor_spawned":[1,7,14],"killed_by":"Fading Forest","ascension_level":0}}