{"host":"2cseu44fjxeibv3f","time":1611012164,"event":{"mods":["BaseMod","Better Third Choice","BetterRewards","Colored Powertips","Curses Come First","Energized Spire","Friendly Minions","Googly Eyes","GungeonMod","Halation","Hubris","Infinite Spire","Mimic Mod","Minty Spire (QoL Compilation)","Relic Stats","Replay The Spire","Spicy Shops","Spire Arcade","StS++","StSLib","The Cursed","The Exalted","The Jungle","The Necromancer","The Servant 0.9.4"],"gold_per_floor":[110,125,125,139,239,239,269,269,295,295,308,308,332,357,357,357,357],"floor_reached":16,"language":"ENG","playtime":626,"items_purged":["Strike_S"],"score":102,"play_id":"44235864-9197-4476-84d9-1d16c564ad71","local_time":"20210118182244","is_ascension_mode":false,"campfire_choices":[{"data":"KidneyShot","floor":6,"key":"SMITH"},{"data":"ReturningBlade","floor":8,"key":"SMITH"},{"data":"ReturningBlade+1","floor":10,"key":"SMITH"}],"circlet_count":0,"master_deck":["Strike_S","Strike_S","Strike_S","Defend_S","Defend_S","Defend_S","Defend_S","KidneyShot+1","Exchange","Defy","Comet","Foresight","Hightail","Replay:Bootleg Shield Generator","ReturningBlade+2","Comet","LightFlow+1","SilverBlades","SpecialFormula","Ricochet"],"relics":["Uniform","Du-Vu Doll","BargainBundle","DemoMod:GnawedKey","infinitespire:Golems Mask","CeramicFish","hubris:Icosahedron","DemoMod:GlassGuonStoneRelic"],"acts_visited":["Exordium"],"potions_floor_usage":[16],"damage_taken":[{"damage":8,"enemies":"Jaw Worm","floor":1,"turns":5},{"damage":9,"enemies":"Small Slimes","floor":2,"turns":3},{"damage":0,"enemies":"Cultist","floor":4,"turns":2},{"damage":24,"enemies":"Gremlin Nob","floor":7,"turns":5},{"damage":0,"enemies":"Blue Slaver","floor":11,"turns":3},{"damage":1,"enemies":"Looter","floor":13,"turns":2},{"damage":22,"enemies":"Exordium Wildlife","floor":14,"turns":4},{"damage":8,"enemies":"Slime Boss","floor":16,"turns":4}],"seed_played":"-4410335868783664212","potions_obtained":[{"floor":2,"key":"Weak Potion"},{"floor":7,"key":"Swift Potion"},{"floor":11,"key":"Elixir"}],"is_trial":false,"path_per_floor":["M","M","?","M","?","R","E","R","T","R","M","?","M","M","R","B"],"character_chosen":"THE_SERVANT","items_purchased":["Du-Vu Doll","BargainBundle","Defy","Desolation","Comet","Foresight","Hightail","Replay:Bootleg Shield Generator","DemoMod:GnawedKey"],"campfire_rested":0,"item_purchase_floors":[0,0,0,0,0,0,0,0,0],"current_hp_per_floor":[57,48,48,48,48,48,24,24,24,24,24,24,23,1,1,0,0],"gold":357,"neow_bonus":"","is_daily":false,"chose_seed":false,"campfire_upgraded":3,"win_rate":0.0,"timestamp":1611012164,"path_taken":["M","M","?","M","?","R","E","R","T","R","?","?","M","M","R","BOSS"],"items_purchased_type":["Relic","Relic","Card","Card","Card","Card","Card","Card","Relic"],"build_version":"2020-12-22","purchased_purges":1,"victory":false,"max_hp_per_floor":[65,65,65,65,65,65,65,65,65,65,65,65,65,65,65,65,65],"relic_stats":{"counters":[36,137],"CeramicFish":18,"obtain_stats":[{"DemoMod:GreenGuonStone":23,"DemoMod:BlueGuonStone":9,"CeramicFish":9,"halation:TrafficLight":38,"DemoMod:GlassGuonStoneRelic":1,"Replay:Multitool":6,"Uniform":2,"Boot":34,"Frozen Eye":44,"Ring of Fangs":3,"infinitespire:ShieldingShard":34,"Matryoshka":0,"hubris:Icosahedron":12,"halation:PrussianBluePaint":9,"infinitespire:Golems Mask":7,"Vampire_Amulet":7,"DemoMod:GnawedKey":0,"halation:KoshaPiece":7,"Replay:Wax Seal":44,"InkBottle":5,"TheCursedMod:BlackMagic101":0,"BargainBundle":0,"Replay:Towering Pillar of Hats":34,"Oddly Smooth Stone":25,"DemoMod:PinkGuonStone":10,"Replay:Ancient Bell":34,"halation:Thesaurus":44,"hubris:Towel":20,"Du-Vu Doll":44,"halation:NonexistentMirror":14,"Bromod:ArcaneEnergize":17,"hubris:PeanutButter":26,"ChewingGum":44,"Art of War":9,"Membership Card":11,"halation:LostSnail":11,"Grinning Jar":44,"Bromod:DragonsCurse":0,"infinitespire:PuzzleCube":13},{"DemoMod:GreenGuonStone":11,"DemoMod:BlueGuonStone":5,"CeramicFish":32,"halation:TrafficLight":18,"DemoMod:GlassGuonStoneRelic":1,"Replay:Multitool":3,"Uniform":30,"Boot":17,"Frozen Eye":20,"Ring of Fangs":1,"infinitespire:ShieldingShard":17,"Matryoshka":24,"hubris:Icosahedron":33,"halation:PrussianBluePaint":27,"infinitespire:Golems Mask":32,"Vampire_Amulet":27,"DemoMod:GnawedKey":24,"halation:KoshaPiece":27,"Replay:Wax Seal":20,"InkBottle":2,"TheCursedMod:BlackMagic101":0,"BargainBundle":28,"Replay:Towering Pillar of Hats":17,"Oddly Smooth Stone":12,"DemoMod:PinkGuonStone":5,"Replay:Ancient Bell":17,"halation:Thesaurus":20,"hubris:Towel":8,"Du-Vu Doll":20,"halation:NonexistentMirror":6,"Bromod:ArcaneEnergize":7,"hubris:PeanutButter":12,"ChewingGum":20,"Art of War":27,"Membership Card":5,"halation:LostSnail":5,"Grinning Jar":20,"Bromod:DragonsCurse":24,"infinitespire:PuzzleCube":6},{"DemoMod:GreenGuonStone":40,"DemoMod:BlueGuonStone":17,"CeramicFish":124,"halation:TrafficLight":68,"DemoMod:GlassGuonStoneRelic":2,"Replay:Multitool":11,"Uniform":115,"Boot":65,"Frozen Eye":75,"Ring of Fangs":2,"infinitespire:ShieldingShard":65,"Matryoshka":91,"hubris:Icosahedron":127,"halation:PrussianBluePaint":107,"infinitespire:Golems Mask":124,"Vampire_Amulet":104,"DemoMod:GnawedKey":91,"halation:KoshaPiece":107,"Replay:Wax Seal":75,"InkBottle":5,"TheCursedMod:BlackMagic101":0,"BargainBundle":109,"Replay:Towering Pillar of Hats":65,"Oddly Smooth Stone":43,"DemoMod:PinkGuonStone":17,"Replay:Ancient Bell":65,"halation:Thesaurus":75,"hubris:Towel":31,"Du-Vu Doll":75,"halation:NonexistentMirror":21,"Bromod:ArcaneEnergize":28,"hubris:PeanutButter":43,"ChewingGum":75,"Art of War":107,"Membership Card":17,"halation:LostSnail":17,"Grinning Jar":75,"Bromod:DragonsCurse":91,"infinitespire:PuzzleCube":21}]},"card_choices":[{"not_picked":["Sabotage","Alleviate"],"picked":"ReturningBlade","floor":1},{"not_picked":["StarChef","Rearm"],"picked":"Comet","floor":2},{"not_picked":["Replace","RealityMarble"],"picked":"SilverBlades","floor":4},{"not_picked":["RealityMarble","FastForward","ReturningBlade"],"picked":"SKIP","floor":7},{"not_picked":["MoonPhase","Potential","Reset"],"picked":"SKIP","floor":11},{"not_picked":["Potential","Unruled"],"picked":"SpecialFormula","floor":13},{"not_picked":["Revamp","Sabotage"],"picked":"Ricochet","floor":14}],"player_experience":155538,"relics_obtained":[{"floor":7,"key":"infinitespire:Golems Mask"},{"floor":9,"key":"CeramicFish"}],"event_choices":[{"damage_healed":0,"gold_gain":100,"player_choice":"Pray","damage_taken":0,"max_hp_gain":0,"max_hp_loss":0,"event_name":"Golden Shrine","floor":5,"gold_loss":0}],"is_beta":false,"boss_relics":[],"items_purged_floors":[0],"is_endless":false,"potions_floor_spawned":[2,7,11],"killed_by":"Slime Boss","ascension_level":0}}