{"host":"ldoq4v6ajb2y32e7","time":1611005374,"event":{"mods":["AchievementEnabler","BaseMod","BetterRewards","Marisa????????","Minty Spire (QoL Compilation)","Shop Mod","StSLib"],"gold_per_floor":[110,129,141,63,52,52,63,63,63,63,63,77,89,89,89,184,184,198,217,217,217,0,0,15,15,15,15,15,25,45,45,45,145,145,160,25,25,25,43,43,68,81,81,81,94,94,113,40,40,40,40],"floor_reached":50,"language":"ENG","playtime":3244,"items_purged":["Strike_G","Strike_G+1"],"score":489,"play_id":"1a03c90d-3bd0-4f2e-b932-75397f55446b","local_time":"20210118162934","is_ascension_mode":false,"campfire_choices":[{"floor":6,"key":"REST"},{"data":"A Thousand Cuts","floor":8,"key":"SMITH"},{"floor":15,"key":"REST"},{"floor":23,"key":"REST"},{"floor":28,"key":"REST"},{"floor":32,"key":"REST"},{"data":"Finisher","floor":40,"key":"SMITH"},{"data":"1","floor":44,"key":"LIFT"},{"data":"2","floor":46,"key":"LIFT"},{"data":"3","floor":49,"key":"LIFT"}],"circlet_count":0,"master_deck":["Strike_G+1","Strike_G+1","Strike_G+1","Defend_G+1","Defend_G+1","Defend_G+1","Defend_G+1","Survivor","Neutralize","Infinite Blades","Deadly Poison","Heel Hook","Calculated Gamble","Prepared","A Thousand Cuts+1","Crippling Poison","Caltrops","Blade Dance","Backflip","Night Terror","Underhanded Strike+1","Backstab+1","Dodge and Roll+1","Blur","Adrenaline","Predator","Swift Strike","The Bomb","Thinking Ahead","Finisher+1","Parasite"],"relics":["Ring of the Snake","Happy Flower","Matryoshka","Strawberry","Ninja Scroll","Shuriken","Unceasing Top","Snecko Eye","Meat on the Bone","Anchor","Busted Crown","Blood Vial","Girya","Ornamental Fan"],"acts_visited":["Exordium","TheCity","TheBeyond"],"potions_floor_usage":[5,16,24,33,41,42,45,50,50],"damage_taken":[{"damage":0,"enemies":"Cultist","floor":1,"turns":3},{"damage":2,"enemies":"2 Louse","floor":2,"turns":3},{"damage":2,"enemies":"Small Slimes","floor":3,"turns":3},{"damage":4,"enemies":"Exordium Thugs","floor":5,"turns":4},{"damage":3,"enemies":"3 Louse","floor":7,"turns":3},{"damage":5,"enemies":"Lots of Slimes","floor":12,"turns":3},{"damage":10,"enemies":"Large Slime","floor":13,"turns":5},{"damage":14,"enemies":"Hexaghost","floor":16,"turns":7},{"damage":27,"enemies":"Shell Parasite","floor":18,"turns":5},{"damage":23,"enemies":"2 Thieves","floor":19,"turns":4},{"damage":14,"enemies":"Sentry and Sphere","floor":24,"turns":4},{"damage":14,"enemies":"Snecko","floor":29,"turns":4},{"damage":5,"enemies":"Snake Plant","floor":30,"turns":4},{"damage":44,"enemies":"Automaton","floor":33,"turns":8},{"damage":26,"enemies":"3 Darklings","floor":35,"turns":5},{"damage":0,"enemies":"Orb Walker","floor":39,"turns":3},{"damage":18,"enemies":"Reptomancer","floor":41,"turns":6},{"damage":0,"enemies":"3 Darklings","floor":42,"turns":3},{"damage":0,"enemies":"Writhing Mass","floor":45,"turns":4},{"damage":21,"enemies":"Jaw Worm Horde","floor":47,"turns":3},{"damage":61,"enemies":"Donu and Deca","floor":50,"turns":6}],"seed_played":"-4497065955021519280","potions_obtained":[{"floor":3,"key":"PowerPotion"},{"floor":7,"key":"CunningPotion"},{"floor":16,"key":"FearPotion"},{"floor":19,"key":"Swift Potion"},{"floor":33,"key":"Strength Potion"},{"floor":39,"key":"SpeedPotion"},{"floor":42,"key":"Regen Potion"},{"floor":45,"key":"CunningPotion"},{"floor":47,"key":"Poison Potion"}],"is_trial":false,"path_per_floor":["M","M","M","$","M","R","M","R","T","?","?","M","M","?","R","B",null,"M","M","?","?","?","R","M","$","T","$","R","M","M","?","R","B",null,"M","$","?","?","M","R","E","M","T","R","M","R","M","?","R","B"],"character_chosen":"THE_SILENT","items_purchased":["Happy Flower","Matryoshka","Infinite Blades","Deadly Poison","A Thousand Cuts","Predator"],"campfire_rested":5,"item_purchase_floors":[0,0,0,0,4,36],"current_hp_per_floor":[38,36,34,34,30,51,48,48,55,37,37,32,22,22,45,31,77,50,27,27,13,13,37,23,23,23,23,47,45,52,36,60,28,82,56,56,46,46,46,46,40,42,42,42,58,58,51,51,51,0,0],"gold":40,"neow_bonus":"","is_daily":false,"chose_seed":false,"campfire_upgraded":2,"win_rate":0.0,"timestamp":1611005374,"path_taken":["M","M","M","$","M","R","?","R","T","?","?","M","?","?","R","BOSS","M","?","?","?","?","R","M","?","T","$","R","?","M","?","R","BOSS","M","$","?","?","M","R","E","M","T","R","M","R","?","?","R","BOSS"],"items_purchased_type":["Relic","Relic","Card","Card","Card","Card"],"build_version":"2020-12-22","purchased_purges":2,"victory":false,"max_hp_per_floor":[70,70,70,70,70,70,70,70,77,77,77,77,77,77,77,77,77,77,77,77,82,82,82,82,82,82,82,82,82,82,82,82,82,82,82,82,82,82,82,82,82,82,82,82,82,82,82,82,82,82,82],"card_choices":[{"not_picked":["Dagger Throw","Deadly Poison"],"picked":"Heel Hook","floor":1},{"not_picked":["Dagger Throw","All Out Attack"],"picked":"Calculated Gamble","floor":2},{"not_picked":["Dagger Throw","Finisher"],"picked":"Prepared","floor":3},{"not_picked":["Backflip","Deadly Poison"],"picked":"Crippling Poison","floor":5},{"not_picked":["Footwork","Slice"],"picked":"Caltrops","floor":7},{"not_picked":["Backflip","Leg Sweep"],"picked":"Blade Dance","floor":12},{"not_picked":["Deadly Poison","Deflect"],"picked":"Backflip","floor":13},{"not_picked":["Malaise","Phantasmal Killer"],"picked":"Night Terror","floor":16},{"not_picked":["Leg Sweep","PiercingWail","Dagger Throw+1"],"picked":"SKIP","floor":18},{"not_picked":["Skewer","PiercingWail+1"],"picked":"Underhanded Strike+1","floor":19},{"not_picked":["Outmaneuver+1","Prepared+1"],"picked":"Backstab+1","floor":24},{"not_picked":["Calculated Gamble+1","Dagger Throw"],"picked":"Dodge and Roll+1","floor":29},{"not_picked":["Sucker Punch+1","Footwork"],"picked":"Blur","floor":30},{"not_picked":["Unload","Malaise"],"picked":"Adrenaline","floor":33},{"not_picked":["Terror"],"picked":"SKIP","floor":35},{"not_picked":[],"picked":"Swift Strike","floor":37},{"not_picked":[],"picked":"The Bomb","floor":37},{"not_picked":[],"picked":"Thinking Ahead","floor":37},{"not_picked":[],"picked":"Finisher","floor":39},{"not_picked":["Eviscerate"],"picked":"SKIP","floor":41},{"not_picked":["Outmaneuver"],"picked":"SKIP","floor":42},{"not_picked":["PiercingWail+1"],"picked":"SKIP","floor":45},{"not_picked":["Dagger Spray+1"],"picked":"SKIP","floor":47}],"player_experience":3526,"relics_obtained":[{"floor":9,"key":"Strawberry"},{"floor":9,"key":"Ninja Scroll"},{"floor":14,"key":"Unceasing Top"},{"floor":26,"key":"Meat on the Bone"},{"floor":26,"key":"Anchor"},{"floor":41,"key":"Blood Vial"},{"floor":43,"key":"Girya"}],"event_choices":[{"damage_healed":0,"gold_gain":0,"player_choice":"Success","damage_taken":18,"relics_obtained":["Shuriken"],"max_hp_gain":0,"max_hp_loss":0,"event_name":"Scrap Ooze","floor":10,"gold_loss":0},{"cards_removed":["Defend_G"],"damage_healed":0,"gold_gain":0,"player_choice":"Purged","damage_taken":0,"max_hp_gain":0,"max_hp_loss":0,"event_name":"Purifier","floor":11,"gold_loss":0},{"damage_healed":0,"gold_gain":0,"player_choice":"Relic","damage_taken":0,"max_hp_gain":0,"max_hp_loss":0,"event_name":"Wheel of Change","floor":14,"gold_loss":0},{"damage_healed":0,"gold_gain":0,"player_choice":"Simplicity","damage_taken":0,"max_hp_gain":0,"max_hp_loss":0,"event_name":"Back to Basics","floor":20,"gold_loss":0,"cards_upgraded":["Strike_G","Strike_G","Strike_G","Strike_G","Defend_G","Defend_G","Defend_G","Defend_G"]},{"damage_healed":0,"gold_gain":0,"player_choice":"Shed Blood","damage_taken":19,"max_hp_gain":5,"max_hp_loss":0,"event_name":"Forgotten Altar","floor":21,"gold_loss":0},{"damage_healed":0,"gold_gain":0,"player_choice":"Paid Fearfully","damage_taken":0,"max_hp_gain":0,"max_hp_loss":0,"event_name":"Masked Bandits","floor":22,"gold_loss":217},{"damage_healed":0,"gold_gain":0,"player_choice":"Obtained Book","damage_taken":16,"max_hp_gain":0,"max_hp_loss":0,"event_name":"Cursed Tome","floor":31,"gold_loss":0},{"damage_healed":0,"gold_gain":0,"player_choice":"Memory 3","damage_taken":10,"max_hp_gain":0,"max_hp_loss":0,"event_name":"SensoryStone","floor":37,"gold_loss":0},{"damage_healed":0,"gold_gain":0,"player_choice":"0 cards matched","damage_taken":0,"max_hp_gain":0,"max_hp_loss":0,"event_name":"Match and Keep!","floor":38,"gold_loss":0,"cards_obtained":[]},{"damage_healed":0,"gold_gain":0,"player_choice":"Paid Gold","damage_taken":0,"relics_obtained":["Ornamental Fan"],"max_hp_gain":0,"max_hp_loss":0,"event_name":"WeMeetAgain","floor":48,"gold_loss":73}],"is_beta":false,"boss_relics":[{"not_picked":["Calling Bell","Coffee Dripper"],"picked":"Snecko Eye"},{"not_picked":["Cursed Key","Velvet Choker"],"picked":"Busted Crown"}],"items_purged_floors":[0,36],"is_endless":false,"potions_floor_spawned":[3,7,16,19,33,39,42,45,47],"killed_by":"Donu and Deca","ascension_level":0}}