{"host":"4jkyggjfmxcpengt","time":1611006267,"event":{"mods":["AchievementEnabler","BaseMod","Better Note","Block Reminder","Colored Powertips","Fiend Mod","Hermit","Minty Spire (QoL Compilation)","Quick Restart","Replay The Spire","SacredBarkPlus","StSLib","The Animator","Transform Curses","Unceasing Turn Reminder"],"gold_per_floor":[110,110,129,129,148,148,181,181,181,181,195,230,230,240,240,335,335,354,454,79,92,17,44,44,44,44,58,77,93,93,118,118,216,216,236,253,272,49,49,49],"floor_reached":39,"language":"SPA","playtime":2196,"items_purged":["Strike_B"],"score":647,"play_id":"af6cd1e5-9a4c-49a3-8028-a974afe90759","local_time":"20210118224427","is_ascension_mode":true,"campfire_choices":[{"data":"Zap","floor":6,"key":"SMITH"},{"data":"1","floor":8,"key":"LIFT"},{"floor":10,"key":"REST"},{"floor":15,"key":"REST"},{"floor":24,"key":"REST"},{"data":"Defragment","floor":30,"key":"SMITH"},{"data":"Capacitor","floor":32,"key":"SMITH"}],"circlet_count":0,"master_deck":["AscendersBane","Strike_B","Defend_B","Defend_B","Defend_B","Defend_B","Zap+1","Dualcast","Core Surge","Go for the Eyes","Defragment+1","Coolheaded","Storm","ReplayTheSpireMod:Omega Cannon","Hologram","Conserve Battery","Self Repair","Cold Snap+1","Steam+1","Capacitor+1","Streamline+1","Auto Shields+1","Coolheaded","Defragment"],"relics":["Cracked Core","Girya","Du-Vu Doll","Singing Bowl","Nuclear Battery","TungstenRod","Ice Cream","Pondfish Scales","Replay:WaspNest","Runic Pyramid","Boot"],"acts_visited":["Exordium","TheCity","TheBeyond"],"potions_floor_usage":[23,33,39],"damage_taken":[{"damage":1,"enemies":"Cultist","floor":1,"turns":3},{"damage":7,"enemies":"Jaw Worm","floor":3,"turns":3},{"damage":1,"enemies":"2 Louse","floor":5,"turns":2},{"damage":25,"enemies":"Lagavulin","floor":7,"turns":8},{"damage":0,"enemies":"2 Fungi Beasts","floor":11,"turns":3},{"damage":36,"enemies":"Gremlin Nob","floor":12,"turns":4},{"damage":13,"enemies":"Exordium Thugs","floor":14,"turns":5},{"damage":29,"enemies":"The Guardian","floor":16,"turns":16},{"damage":16,"enemies":"Shell Parasite","floor":18,"turns":7},{"damage":0,"enemies":"3 Byrds","floor":21,"turns":3},{"damage":14,"enemies":"Replay:Snechameleon","floor":23,"turns":11},{"damage":5,"enemies":"Snake Plant","floor":27,"turns":5},{"damage":0,"enemies":"3 Cultists","floor":28,"turns":4},{"damage":10,"enemies":"Shelled Parasite and Fungi","floor":29,"turns":7},{"damage":10,"enemies":"Book of Stabbing","floor":31,"turns":8},{"damage":58,"enemies":"Collector","floor":33,"turns":9},{"damage":5,"enemies":"3 Shapes","floor":35,"turns":9},{"damage":9,"enemies":"Orb Walker","floor":36,"turns":3},{"damage":39,"enemies":"Jaw Worm Horde","floor":37,"turns":3},{"damage":48,"enemies":"Transient","floor":39,"turns":5}],"seed_played":"5011144724813296352","potions_obtained":[{"floor":1,"key":"Venom Potion"},{"floor":12,"key":"Energy Potion"},{"floor":16,"key":"CultistPotion"},{"floor":18,"key":"Swift Potion"},{"floor":27,"key":"Doom Potion"},{"floor":33,"key":"Reflective Coating"}],"is_trial":false,"path_per_floor":["M","?","M","?","M","R","E","R","T","R","M","E","?","M","R","B",null,"M","?","$","M","?","E","R","?","T","M","M","M","R","E","R","B",null,"M","M","M","$","M"],"character_chosen":"DEFECT","items_purchased":["TungstenRod","Defragment","Boot"],"campfire_rested":3,"item_purchase_floors":[20,38,38],"current_hp_per_floor":[67,72,65,65,64,64,39,39,39,63,63,27,27,14,38,9,62,46,46,46,46,46,32,56,56,56,58,67,64,64,61,61,12,66,68,66,34,34,0,0],"gold":49,"neow_bonus":"ONE_RANDOM_RARE_CARD","is_daily":false,"chose_seed":false,"campfire_upgraded":3,"win_rate":0.0,"timestamp":1611006267,"path_taken":["M","?","M","?","M","R","E","R","T","R","?","E","?","M","R","BOSS","M","?","?","?","?","E","R","?","T","?","M","M","R","E","R","BOSS","M","M","M","$","M"],"items_purchased_type":["Relic","Card","Relic"],"build_version":"2020-12-22","purchased_purges":1,"victory":false,"max_hp_per_floor":[75,80,80,80,80,80,80,80,80,80,80,80,80,80,80,80,80,80,80,80,80,80,80,80,80,80,80,82,82,82,82,82,84,84,84,84,84,84,84,84],"card_choices":[{"not_picked":["ReplaySort","Reprogram","Sweeping Beam"],"picked":"SKIP","floor":1},{"not_picked":["BootSequence","Rebound"],"picked":"Go for the Eyes","floor":3},{"not_picked":["Compile Driver","Redo","ReplayTheSpireMod:Calculation Training"],"picked":"SKIP","floor":5},{"not_picked":["BasicCrystalCard","Double Energy"],"picked":"Defragment","floor":7},{"not_picked":["Rebound","Panic Button","Compile Driver"],"picked":"SKIP","floor":11},{"not_picked":["ReplayTheSpireMod:System Scan","Go for the Eyes"],"picked":"Coolheaded","floor":12},{"not_picked":["Coolheaded","Ball Lightning"],"picked":"Storm","floor":14},{"not_picked":["Reboot","Mirror Shield"],"picked":"ReplayTheSpireMod:Omega Cannon","floor":16},{"not_picked":["ReplaySort","Auto Shields"],"picked":"Hologram","floor":18},{"not_picked":["Gash","ReplayTheSpireMod:System Scan+1"],"picked":"Conserve Battery","floor":21},{"not_picked":["All For One","Hologram"],"picked":"Self Repair","floor":23},{"not_picked":["Force Field+1","BootSequence"],"picked":"Cold Snap+1","floor":27},{"not_picked":["Panic Button","Hello World","BasicCrystalCard"],"picked":"Singing Bowl","floor":28},{"not_picked":["Hologram+1","Ball Lightning+1"],"picked":"Steam+1","floor":29},{"not_picked":["Creative AI","Barrage"],"picked":"Capacitor","floor":31},{"not_picked":["Hyperbeam","Mirror Shield","All For One"],"picked":"Singing Bowl","floor":33},{"not_picked":["Force Field","Ball Lightning"],"picked":"Streamline+1","floor":35},{"not_picked":["Leap+1","Conserve Battery"],"picked":"Auto Shields+1","floor":36},{"not_picked":["Stack","Hologram"],"picked":"Coolheaded","floor":37}],"player_experience":1001098,"relics_obtained":[{"floor":7,"key":"Girya"},{"floor":9,"key":"Du-Vu Doll"},{"floor":12,"key":"Singing Bowl"},{"floor":23,"key":"Ice Cream"},{"floor":26,"key":"Pondfish Scales"},{"floor":31,"key":"Replay:WaspNest"}],"event_choices":[{"damage_healed":0,"gold_gain":0,"player_choice":"Donut","damage_taken":0,"max_hp_gain":5,"max_hp_loss":0,"event_name":"Big Fish","floor":2,"gold_loss":0},{"cards_removed":["Strike_B"],"damage_healed":0,"gold_gain":0,"player_choice":"Purged","damage_taken":0,"max_hp_gain":0,"max_hp_loss":0,"event_name":"Purifier","floor":4,"gold_loss":0},{"damage_healed":0,"gold_gain":0,"player_choice":"Ignored","damage_taken":0,"max_hp_gain":0,"max_hp_loss":0,"event_name":"Shining Light","floor":13,"gold_loss":0},{"damage_healed":0,"gold_gain":100,"player_choice":"Pray","damage_taken":0,"max_hp_gain":0,"max_hp_loss":0,"event_name":"Golden Shrine","floor":19,"gold_loss":0},{"cards_removed":["Strike_B"],"damage_healed":0,"gold_gain":0,"player_choice":"Gave Gold","damage_taken":0,"max_hp_gain":0,"max_hp_loss":0,"event_name":"Beggar","floor":22,"gold_loss":75}],"is_beta":false,"boss_relics":[{"not_picked":["Coffee Dripper","Snecko Heart"],"picked":"Nuclear Battery"},{"not_picked":["Abe\u0027s Treasure","Busted Crown"],"picked":"Runic Pyramid"}],"items_purged_floors":[20],"is_endless":false,"potions_floor_spawned":[1,12,16,18,27,28,31,33,36],"killed_by":"Transient","ascension_level":10}}