{"host":"1a3cjta80tad0aqj","time":1611003209,"event":{"mods":["2.2 Compatiblity","AchievementEnabler","BaseMod","Colored Map","DeckTracker","KOR Keyword Fix","Keyboard Shortcuts","Minty Spire (QoL Compilation)","Permanent Neow","Quick Restart","Random Character Button","StSLib","SuperFastMode","everything is the same but u backflip on backflip"],"gold_per_floor":[113,124,135,152,22,22,22,52,52,17,40,55,73,93,93,93,93],"floor_reached":16,"language":"KOR","playtime":698,"items_purged":["Defend_P"],"score":179,"play_id":"1af53bb7-5155-45ff-a4c0-bfee6cc19889","local_time":"20210119055329","is_ascension_mode":true,"campfire_choices":[{"data":"Eruption","floor":6.0,"key":"SMITH"},{"floor":15,"key":"REST"}],"circlet_count":0,"master_deck":["AscendersBane","Strike_P","Strike_P","Strike_P","Strike_P+1","Defend_P","Defend_P","Defend_P","Eruption+1","Vigilance","SpiritShield","CutThroughFate","EmptyBody","Adaptation+1","Judgement","MentalFortress"],"relics":["PureWater","HornCleat","Smiling Mask"],"acts_visited":["Exordium"],"potions_floor_usage":[],"damage_taken":[{"damage":8.0,"enemies":"Small Slimes","floor":1.0,"turns":7.0},{"damage":4.0,"enemies":"2 Louse","floor":2.0,"turns":3.0},{"damage":0.0,"enemies":"Cultist","floor":3.0,"turns":2.0},{"damage":2.0,"enemies":"Blue Slaver","floor":4.0,"turns":6.0},{"damage":6.0,"enemies":"Looter","floor":12.0,"turns":4.0},{"damage":0,"enemies":"Lots of Slimes","floor":13,"turns":3},{"damage":3,"enemies":"Red Slaver","floor":14,"turns":6},{"damage":55,"enemies":"Hexaghost","floor":16,"turns":11}],"seed_played":"3046385562054684514","potions_obtained":[{"floor":1.0,"key":"EssenceOfSteel"},{"floor":12.0,"key":"DuplicationPotion"}],"is_trial":false,"path_per_floor":["M","M","M","M","$","R","?","?","T","?","T","M","M","M","R","B"],"character_chosen":"WATCHER","items_purchased":["SteroidPotion"],"campfire_rested":1,"item_purchase_floors":[5],"current_hp_per_floor":[53,49,49,47,47,47,27,27,27,44,44,38,38,35,55,0,0],"gold":93,"neow_bonus":"ONE_RANDOM_RARE_CARD","is_daily":false,"chose_seed":false,"campfire_upgraded":1,"win_rate":0.0,"timestamp":1611003209,"path_taken":["M","M","M","M","$","R","?","?","T","?","?","M","M","M","R","BOSS"],"items_purchased_type":["Potion"],"build_version":"2020-12-22","purchased_purges":1,"victory":false,"max_hp_per_floor":[68,68,68,68,68,68,68,68,68,68,68,68,68,68,68,68,68],"card_choices":[{"not_picked":["CarveReality","Evaluate"],"picked":"CutThroughFate","floor":1.0},{"not_picked":["WaveOfTheHand","SandsOfTime","Vengeance"],"picked":"SKIP","floor":2.0},{"not_picked":["Evaluate","Protect"],"picked":"EmptyBody","floor":3.0},{"not_picked":["Study","JustLucky"],"picked":"Adaptation","floor":4.0},{"not_picked":["ReachHeaven","JustLucky","WreathOfFlame"],"picked":"SKIP","floor":12.0},{"not_picked":["CutThroughFate","Swivel"],"picked":"Judgement","floor":13},{"not_picked":["Indignation","Crescendo"],"picked":"MentalFortress","floor":14}],"player_experience":758068,"relics_obtained":[{"floor":9.0,"key":"HornCleat"},{"floor":11.0,"key":"Smiling Mask"}],"event_choices":[{"damage_healed":0.0,"max_hp_gain":0.0,"max_hp_loss":0.0,"gold_gain":0.0,"event_name":"Shining Light","player_choice":"Entered Light","floor":7.0,"gold_loss":0.0,"damage_taken":20.0,"cards_upgraded":["Adaptation","Strike_P"]},{"damage_healed":0.0,"max_hp_gain":0.0,"max_hp_loss":0.0,"gold_gain":30.0,"event_name":"Dead Adventurer","player_choice":"Searched \u00271\u0027 times","floor":8.0,"gold_loss":0.0,"damage_taken":0.0},{"damage_healed":17.0,"max_hp_gain":0.0,"max_hp_loss":0.0,"gold_gain":0.0,"event_name":"The Cleric","player_choice":"Healed","floor":10.0,"gold_loss":35.0,"damage_taken":0.0}],"is_beta":false,"boss_relics":[],"items_purged_floors":[5],"is_endless":false,"potions_floor_spawned":[1,12,14],"killed_by":"Hexaghost","ascension_level":18}}