{"host":"fm9e0lfunjlbhzxv","time":1611001712,"event":{"mods":["2.2 Compatiblity","AchievementEnabler","Alarm Clock","BaseMod","Bestiary","Colored Map","Colored Powertips","Key Reminder","Minty Spire (QoL Compilation)","Permanent Neow","Random Character Button","Rare Cards Sparkle","Relic Stats","StSLib","slay the spire mod where everything is the same but ironclad has a cowboy hat"],"gold_per_floor":[112,72,85,104,104,104,139,139,139,199,85,149,149,198,198,228,228],"floor_reached":16,"language":"ENG","playtime":731,"items_purged":["Shame"],"score":124,"play_id":"117909db-cdfa-4ac3-b812-7ee524cd1001","local_time":"20210118122832","is_ascension_mode":true,"campfire_choices":[{"data":"CrushJoints","floor":6,"key":"SMITH"},{"data":"Wish","floor":8,"key":"SMITH"},{"floor":13,"key":"REST"},{"data":"Vigilance","floor":15,"key":"SMITH"}],"circlet_count":0,"master_deck":["Strike_P","Strike_P","Strike_P","Strike_P","Defend_P","Defend_P","Defend_P","Defend_P","Eruption","Vigilance+1","CrushJoints+1","Wireheading","FollowUp","Wish+1","EmptyMind","EmptyMind","CutThroughFate","CutThroughFate"],"relics":["Cursed Key","Letter Opener","keyreminder:keyreminder","Mercury Hourglass","Akabeko"],"acts_visited":["Exordium"],"potions_floor_usage":[7,10,16],"damage_taken":[{"damage":1,"enemies":"Jaw Worm","floor":1,"turns":3},{"damage":0,"enemies":"Cultist","floor":3,"turns":2},{"damage":0,"enemies":"Small Slimes","floor":4,"turns":3},{"damage":1,"enemies":"3 Sentries","floor":7,"turns":6},{"damage":35,"enemies":"Gremlin Nob","floor":10,"turns":4},{"damage":23,"enemies":"Lagavulin","floor":12,"turns":6},{"damage":2,"enemies":"Blue Slaver","floor":14,"turns":4},{"damage":36,"enemies":"Hexaghost","floor":16,"turns":7}],"seed_played":"-3533144558067045071","potions_obtained":[{"floor":2,"key":"DistilledChaos"},{"floor":2,"key":"SmokeBomb"},{"floor":2,"key":"LiquidBronze"},{"floor":4,"key":"Explosive Potion"},{"floor":10,"key":"ColorlessPotion"},{"floor":14,"key":"Dexterity Potion"}],"is_trial":false,"path_per_floor":["M","?","M","M","?","R","E","R","T","E","$","E","R","M","R","B"],"character_chosen":"WATCHER","items_purchased":["EmptyMind"],"campfire_rested":1,"item_purchase_floors":[11],"current_hp_per_floor":[71,71,71,71,71,71,70,70,70,35,35,12,33,31,31,0,0],"gold":228,"neow_bonus":"BOSS_RELIC","is_daily":false,"chose_seed":false,"campfire_upgraded":3,"win_rate":0.0,"timestamp":1611001712,"path_taken":["M","?","?","M","?","R","E","R","T","E","$","E","R","M","R","BOSS"],"items_purchased_type":["Card"],"build_version":"2020-12-22","purchased_purges":1,"victory":false,"max_hp_per_floor":[72,72,72,72,72,72,72,72,72,72,72,72,72,72,72,72,72],"relic_stats":{"counters":[8,35],"Letter Opener":[15],"Cursed Key":1,"obtain_stats":[{"keyreminder:keyreminder":9,"Letter Opener":7,"PureWater":0,"Cursed Key":0,"Akabeko":12,"Mercury Hourglass":10},{"keyreminder:keyreminder":4,"Letter Opener":4,"PureWater":0,"Cursed Key":0,"Akabeko":6,"Mercury Hourglass":5},{"keyreminder:keyreminder":14,"Letter Opener":14,"PureWater":0,"Cursed Key":0,"Akabeko":24,"Mercury Hourglass":18}],"Mercury Hourglass":[39]},"card_choices":[{"not_picked":["FollowUp","Prostrate"],"picked":"CrushJoints","floor":1},{"not_picked":["FlyingSleeves","WaveOfTheHand"],"picked":"Wireheading","floor":3},{"not_picked":["ClearTheMind","Pray"],"picked":"FollowUp","floor":4},{"not_picked":["SandsOfTime","Worship"],"picked":"Wish","floor":7},{"not_picked":["CrushJoints","Halt"],"picked":"EmptyMind","floor":10},{"not_picked":["Vengeance","BattleHymn"],"picked":"CutThroughFate","floor":12},{"not_picked":["JustLucky","ForeignInfluence"],"picked":"CutThroughFate","floor":14}],"player_experience":429219,"relics_obtained":[{"floor":7,"key":"Letter Opener"},{"floor":10,"key":"Mercury Hourglass"},{"floor":12,"key":"Akabeko"}],"event_choices":[{"damage_healed":0,"gold_gain":0,"player_choice":"Bought 3 Potions","damage_taken":0,"max_hp_gain":0,"max_hp_loss":0,"event_name":"The Woman in Blue","floor":2,"gold_loss":0},{"damage_healed":0,"gold_gain":0,"player_choice":"Ignored","damage_taken":0,"max_hp_gain":0,"max_hp_loss":0,"event_name":"Liars Game","floor":5,"gold_loss":0}],"is_beta":false,"boss_relics":[],"items_purged_floors":[11],"is_endless":false,"potions_floor_spawned":[4,10,14],"killed_by":"Hexaghost","ascension_level":1}}