{"host":"rupmf8lnk599ormj","time":1611007213,"event":{"mods":["2.2 Compatiblity","AchievementEnabler","BaseMod","Better Match","Better Third Choice","BetterRewards","Colored Map","Colored Powertips","Conspire","Downfall","Evolution","Gold Saver","Googly Eyes","Hubris","Minty Spire (QoL Compilation)","Quick Restart","Rare Cards Sparkle","Shade Mod","Spicy Shops","StSLib","The Cursed"],"gold_per_floor":[99,112,126,126,126,140,163,163,63,9,9,42,142,161,172,272,272,272,287,50,63,13,13,40,65,65,85,105,120,138,138,150,251,251,151,167,177,177,189,189,189,189,209,109,25,25,36,36,53,53],"floor_reached":51,"language":"ENG","playtime":11171,"items_purged":[],"score":696,"play_id":"1e92292c-59fc-40f5-9d7e-40e75a41f222","local_time":"20210118170013","is_ascension_mode":false,"campfire_choices":[{"floor":1,"key":"RECALL"},{"floor":9,"key":"REST"},{"floor":11,"key":"REST"},{"data":"bronze:GetLatest","floor":18,"key":"SMITH"},{"floor":26,"key":"REST"},{"data":"bronze:AlphaBuild","floor":35,"key":"SMITH"},{"floor":42,"key":"REST"}],"circlet_count":0,"master_deck":["bronze:Strike","bronze:Strike","bronze:Strike","bronze:Defend","bronze:Defend","bronze:Defend","bronze:Defend","bronze:Replicate","bronze:Goto+1","bronze:DelayedSlice","bronze:GetLatest+1","bronze:FineTuning","bronze:OilSpill","bronze:DigitalCarnage","bronze:Turbo","bronze:Optimize","bronze:BuggyMess","bronze:FineTuning","bronze:AlphaBuild+1","bronze:Frontload","bronze:Return","bronze:MaxOutput","bronze:Repulsor","bronze:MaxOutput+1","bronze:Iterate","bronze:FineTuning","bronze:Break","bronze:Deprecate","bronze:BugBarrage","bronze:ClassDefault+1","bronze:DelayedSlice+1","bronze:Deprecate+1","bronze:HardenedForm","bronze:Boost+1","bronze:BronzeOrb","bronze:BugBarrage","bronze:Backtrace","bronze:Frontload+1","expansioncontent:AwakenDeath","bronze:BurnOut","Doubt","bronze:OilSpill+1"],"relics":["bronze:BronzeCore","EVO:Axolotl","downfall:ShatteredFragment","Tiny Chest","hubris:OldNail","downfall:HeartBlessingRed","Bag of Marbles","White Beast Statue","conspire:RunicOctahedron","Strange Spoon","Ornamental Fan","Smiling Mask","Potion Belt","conspire:InfiniteJournal","hubris:Backtick","Lantern","downfall:HeartBlessingGreen","Toxic Egg 2","conspire:BottledYoYo"],"acts_visited":["Exordium","TheCity","TheBeyond"],"potions_floor_usage":[13,13,15,15,16,16,20,25,28,28,28,33,33,33,37,43,43,50,50],"damage_taken":[{"damage":2,"enemies":"Small Slimes","floor":2,"turns":3},{"damage":0,"enemies":"2 Louse","floor":3,"turns":2},{"damage":3,"enemies":"Jaw Worm","floor":6,"turns":4},{"damage":0,"enemies":"downfall:FleeingMerchant","floor":10,"turns":4},{"damage":2,"enemies":"Gremlin Nob","floor":12,"turns":3},{"damage":16,"enemies":"downfall:LadyInBlue","floor":13,"turns":8},{"damage":5,"enemies":"Exordium Thugs","floor":14,"turns":2},{"damage":5,"enemies":"Gremlin Gang","floor":15,"turns":2},{"damage":46,"enemies":"SI_SHIV_ARCHETYPE","floor":16,"turns":5},{"damage":12,"enemies":"3 Byrds","floor":19,"turns":5},{"damage":7,"enemies":"downfall:FleeingMerchant","floor":20,"turns":4},{"damage":6,"enemies":"Shell Parasite","floor":21,"turns":4},{"damage":17,"enemies":"downfall:FleeingMerchant","floor":22,"turns":3},{"damage":0,"enemies":"conspire:SneckoGhost","floor":25,"turns":6},{"damage":8,"enemies":"Snake Plant","floor":27,"turns":3},{"damage":4,"enemies":"Shelled Parasite and Fungi","floor":28,"turns":3},{"damage":16,"enemies":"conspire:HollyBat","floor":29,"turns":6},{"damage":11,"enemies":"Snake Plant","floor":30,"turns":2},{"damage":0,"enemies":"3 Cultists","floor":32,"turns":3},{"damage":24,"enemies":"WA_ARCHETYPE_CALM","floor":33,"turns":8},{"damage":36,"enemies":"3 Shapes","floor":36,"turns":4},{"damage":6,"enemies":"3 Darklings","floor":37,"turns":7},{"damage":17,"enemies":"Spire Growth","floor":39,"turns":6},{"damage":9,"enemies":"4 Shapes","floor":43,"turns":3},{"damage":0,"enemies":"3 Darklings","floor":47,"turns":1},{"damage":7,"enemies":"Sphere and 2 Shapes","floor":49,"turns":3},{"damage":40,"enemies":"DF_ARCHETYPE_ORBS","floor":50,"turns":4}],"seed_played":"-2621576258106074468","potions_obtained":[{"floor":3,"key":"Guardian:BlockOnCardUsePotion"},{"floor":6,"key":"Slimebound:ThreeZeroPotion"},{"floor":13,"key":"Strength Potion"},{"floor":13,"key":"SkillPotion"},{"floor":13,"key":"DistilledChaos"},{"floor":15,"key":"Fruit Juice"},{"floor":16,"key":"Explosive Potion"},{"floor":19,"key":"champ:CounterPotion"},{"floor":20,"key":"BlessingOfTheForge"},{"floor":21,"key":"Block Potion"},{"floor":22,"key":"Slimebound:ThreeZeroPotion"},{"floor":25,"key":"DistilledChaos"},{"floor":27,"key":"Strength Potion"},{"floor":28,"key":"Explosive Potion"},{"floor":29,"key":"bronze:FreeFunctionsPotion"},{"floor":30,"key":"PowerPotion"},{"floor":32,"key":"BlessingOfTheForge"},{"floor":33,"key":"Weak Potion"},{"floor":36,"key":"ColorlessPotion"},{"floor":37,"key":"hexamod:SoulburnPotion"},{"floor":39,"key":"Ancient Potion"},{"floor":43,"key":"Dexterity Potion"},{"floor":47,"key":"Swift Potion"},{"floor":49,"key":"EssenceOfSteel"}],"is_trial":false,"path_per_floor":["R","M","M","?","?","M","T","T","R","$","R","E","?","M","M","B",null,"R","M","$","M","$","T","T","E","R","M","M","M","M","?","M","B",null,"R","M","M","?","M","T","T","R","M","NS","$","?","M","?","M","B",null],"character_chosen":"THE_AUTOMATON","items_purchased":["bronze:DigitalCarnage","Strange Spoon","bronze:MaxOutput","Ornamental Fan","bronze:Iterate","bronze:FineTuning","bronze:Backtrace","bronze:Frontload+1"],"campfire_rested":4,"item_purchase_floors":[10,20,20,22,22,22,45,45],"current_hp_per_floor":[77,75,75,54,36,33,33,33,56,56,77,75,59,54,49,8,82,82,70,63,57,40,40,40,40,64,56,52,36,25,25,25,1,82,82,46,40,32,15,15,15,39,30,30,30,30,30,82,75,35],"gold":53,"neow_bonus":"TEN_PERCENT_HP_BONUS","is_daily":false,"chose_seed":false,"campfire_upgraded":2,"win_rate":0.0,"timestamp":1611007213,"path_taken":["R","M","M","?","?","?","T","?","R","$","R","E","?","M","M","BOSS","R","M","$","M","$","?","T","E","R","M","?","M","M","?","M","BOSS","R","M","M","?","M","?","T","R","M","NS","$","?","M","?","M","BOSS"],"items_purchased_type":["Card","Relic","Card","Relic","Card","Card","Card","Card"],"build_version":"2020-12-22","purchased_purges":0,"victory":true,"max_hp_per_floor":[77,77,77,77,77,77,77,77,77,77,77,77,77,77,77,82,82,82,82,82,82,82,82,82,82,82,82,82,82,82,82,82,82,82,82,82,82,82,82,82,82,82,82,82,82,82,82,82,82,82],"card_choices":[{"not_picked":["bronze:DelayedGuard","bronze:Safeguard"],"picked":"bronze:DelayedSlice","floor":2},{"not_picked":["bronze:Iterate","bronze:CloningBeam"],"picked":"bronze:GetLatest","floor":3},{"not_picked":["bronze:OilSpill","bronze:Frontload"],"picked":"bronze:FineTuning","floor":6},{"not_picked":["bronze:Turbo","bronze:Philosophize"],"picked":"bronze:OilSpill","floor":10},{"not_picked":["bronze:DigitalCarnage","bronze:ThunderWave"],"picked":"bronze:Turbo","floor":12},{"not_picked":["bronze:Frontload","bronze:MaxOutput"],"picked":"bronze:Optimize","floor":13},{"not_picked":["bronze:Shield","bronze:BurnOut"],"picked":"bronze:BuggyMess","floor":14},{"not_picked":["bronze:OilSpill","bronze:DelayedSlice"],"picked":"bronze:FineTuning","floor":15},{"not_picked":["bronze:Break","bronze:Virus"],"picked":"bronze:AlphaBuild","floor":16},{"not_picked":["bronze:WildBeam+1","bronze:Iterate"],"picked":"bronze:Frontload","floor":19},{"not_picked":["bronze:Overheat","bronze:FineTuning"],"picked":"bronze:Return","floor":20},{"not_picked":["bronze:WildBeam+1","bronze:OilSpill"],"picked":"bronze:Repulsor","floor":21},{"not_picked":["bronze:WhirlingStrike","bronze:BronzeArmor+1"],"picked":"bronze:MaxOutput+1","floor":22},{"not_picked":["bronze:Flail","bronze:Overheat+1"],"picked":"bronze:Break","floor":25},{"not_picked":["bronze:Overheat","bronze:FineTuning"],"picked":"bronze:Deprecate","floor":27},{"not_picked":["bronze:FineTuning","bronze:DelayedSlice"],"picked":"bronze:BugBarrage","floor":28},{"not_picked":["bronze:WildBeam","bronze:ChildClass+1"],"picked":"bronze:ClassDefault+1","floor":29},{"not_picked":["bronze:CloningBeam","bronze:BugBarrage+1"],"picked":"bronze:DelayedSlice+1","floor":30},{"not_picked":["bronze:ThunderWave","bronze:DarkDash+1"],"picked":"bronze:Deprecate+1","floor":32},{"not_picked":["bronze:AlphaBuild","bronze:ThunderWave"],"picked":"bronze:HardenedForm","floor":33},{"not_picked":["bronze:DelayedGuard","bronze:Backtrace+1"],"picked":"bronze:Boost+1","floor":36},{"not_picked":["bronze:WildBeam+1","bronze:Shield+1"],"picked":"bronze:BronzeOrb","floor":37},{"not_picked":["bronze:BugBarrage+1","bronze:ForLoop"],"picked":"bronze:ChildClass+1","floor":39},{"not_picked":["bronze:ForLoop+1","bronze:DarkDash"],"picked":"bronze:BugBarrage","floor":43},{"not_picked":["expansioncontent:PrepareCrush+1","expansioncontent:Chronoboost"],"picked":"expansioncontent:AwakenDeath","floor":46},{"not_picked":["bronze:Turbo+1","bronze:WildBeam"],"picked":"bronze:BurnOut","floor":47},{"not_picked":["bronze:Turbo+1","bronze:Iterate+1"],"picked":"bronze:OilSpill+1","floor":49}],"player_experience":202236,"relics_obtained":[{"floor":7,"key":"hubris:OldNail"},{"floor":12,"key":"Bag of Marbles"},{"floor":13,"key":"White Beast Statue"},{"floor":23,"key":"Smiling Mask"},{"floor":24,"key":"Potion Belt"},{"floor":25,"key":"conspire:InfiniteJournal"},{"floor":40,"key":"Toxic Egg 2"},{"floor":41,"key":"conspire:BottledYoYo"}],"event_choices":[{"damage_healed":0,"gold_gain":0,"player_choice":"Relic ","damage_taken":18,"max_hp_gain":0,"max_hp_loss":0,"event_name":"betterThird:BetterScrap","floor":5,"gold_loss":0,"cards_obtained":["Blasphemy"]}],"is_beta":false,"boss_relics":[{"not_picked":["conspire:SlowCooker","Black Star"],"picked":"conspire:RunicOctahedron"},{"not_picked":["conspire:SeveredTorchhead","hubris:Stopwatch"],"picked":"hubris:Backtick"}],"items_purged_floors":[],"is_endless":false,"potions_floor_spawned":[3,6,14,15,16,19,20,21,22,25,27,28,29,30,32,33,36,37,39,43,47,49],"ascension_level":0}}