{"host":"k8gerrcpv9xe1nxe","time":1611002571,"event":{"mods":["2.2 Compatiblity","AchievementEnabler","BaseMod","Bestiary","Downfall","Minty Spire (QoL Compilation)","Relic Stats","StSLib"],"gold_per_floor":[99,99,99,154,34,34,34,34,19,31,50,70,83,108,123,222,222,222,235,73,84,100,100,100,113,128,140,140,166,566,566,576,678,678,678,693,86,102,117,117,117,75,90,106,106,137,137,151,164,164],"floor_reached":51,"language":"ENG","playtime":2449,"items_purged":["Slimebound:Strike_Slimebound","Slimebound:Strike_Slimebound"],"score":503,"play_id":"349fc519-fd28-4732-9682-08f1e23a0a13","local_time":"20210118154251","is_ascension_mode":false,"campfire_choices":[{"data":"Slimebound:Tackle","floor":1.0,"key":"SMITH"},{"floor":8,"key":"REST"},{"data":"Slimebound:OneTwoCombo","floor":18,"key":"SMITH"},{"data":"Slimebound:MassFeed","floor":23,"key":"SMITH"},{"data":"Slimebound:LeadByExample","floor":28,"key":"SMITH"},{"data":"Slimebound:OneTwoCombo","floor":35,"key":"SMITH"},{"floor":45,"key":"REST"}],"circlet_count":0,"master_deck":["Slimebound:Tackle+1","Slimebound:Defend_Slimebound","Slimebound:Defend_Slimebound","Slimebound:Defend_Slimebound","Slimebound:Split","Slimebound:CorrosiveSpit","Slimebound:SplitBruiser","Slimebound:MegaLick+1","Slimebound:SplitAcid+1","Slimebound:MassFeed+1","Slimebound:LeechingTouch","Slimebound:BestDefense","Slimebound:RejuvenatingLick+1","Slimebound:GrowthPunch","Slimebound:HauntingLick+1","Slimebound:Repurpose+1","Slimebound:OneTwoCombo+1","Slimebound:LeechEnergy","Slimebound:LeadByExample+1","Slimebound:HauntingLick+1","Slimebound:Nibble","Slimebound:GoopSpray+1","Slimebound:FormOfPuddle+1","Slimebound:MassRepurpose+1","Slimebound:PressTheAttack","Slimebound:LivingWall+1","Slimebound:OneTwoCombo+1","Slimebound:AcidTongue+1","expansioncontent:DashGenerateEvil","Slimebound:SplitLeeching+1","Slimebound:LeechEnergy+1","Slimebound:Repurpose+1","Slimebound:Equalize","Slimebound:TongueLash+1","Slimebound:LevelUp+1","Slimebound:ItLooksTasty+1","Slimebound:LivingWall+1"],"relics":["Slimebound:AbsorbEndCombat","downfall:HeartsMalice","Potion Belt","Toxic Egg 2","Slimebound:AggressiveSlimeRelic","Letter Opener","Black Star","Happy Flower","MealTicket","Pen Nib","Bottled Tornado","Old Coin","Eternal Feather","Snecko Eye","Anchor","Lantern","Juzu Bracelet","Regal Pillow","Vajra","Bag of Marbles"],"acts_visited":["TheCity","TheBeyond"],"potions_floor_usage":[26,32,32,37,42],"damage_taken":[{"damage":0.0,"enemies":"Cultist","floor":2.0,"turns":1.0},{"damage":0,"enemies":"Gremlin Nob","floor":4,"turns":1},{"damage":16,"enemies":"downfall:FleeingMerchant","floor":5,"turns":4},{"damage":8,"enemies":"downfall:FleeingMerchant","floor":9,"turns":4},{"damage":6,"enemies":"Jaw Worm","floor":10,"turns":3},{"damage":0,"enemies":"Small Slimes","floor":11,"turns":2},{"damage":0,"enemies":"3 Louse","floor":12,"turns":1},{"damage":11,"enemies":"Large Slime","floor":13,"turns":4},{"damage":36,"enemies":"3 Sentries","floor":14,"turns":10},{"damage":0,"enemies":"Exordium Wildlife","floor":15,"turns":3},{"damage":0,"enemies":"downfall:CharBossIronclad","floor":16,"turns":1},{"damage":1,"enemies":"Chosen","floor":19,"turns":3},{"damage":15,"enemies":"downfall:FleeingMerchant","floor":20,"turns":4},{"damage":5,"enemies":"Shell Parasite","floor":21,"turns":3},{"damage":0,"enemies":"Snake Plant","floor":22,"turns":3},{"damage":16,"enemies":"Snecko","floor":25,"turns":4},{"damage":13,"enemies":"Sentry and Sphere","floor":26,"turns":3},{"damage":3,"enemies":"Snake Plant","floor":27,"turns":2},{"damage":10,"enemies":"Book of Stabbing","floor":29,"turns":3},{"damage":14,"enemies":"Colosseum Nobs","floor":30,"turns":4},{"damage":16,"enemies":"Centurion and Healer","floor":32,"turns":9},{"damage":0,"enemies":"downfall:CharBossWatcher","floor":33,"turns":2},{"damage":21,"enemies":"Orb Walker","floor":36,"turns":3},{"damage":29,"enemies":"downfall:FleeingMerchant","floor":37,"turns":4},{"damage":2,"enemies":"3 Shapes","floor":38,"turns":3},{"damage":23,"enemies":"Sphere and 2 Shapes","floor":39,"turns":6},{"damage":14,"enemies":"downfall:FleeingMerchant","floor":42,"turns":3},{"damage":29,"enemies":"Spire Growth","floor":43,"turns":6},{"damage":0,"enemies":"Jaw Worm Horde","floor":44,"turns":3},{"damage":27,"enemies":"Nemesis","floor":46,"turns":7},{"damage":24,"enemies":"Nemesis","floor":47,"turns":4},{"damage":4,"enemies":"Transient","floor":48,"turns":5},{"damage":0,"enemies":"4 Shapes","floor":49,"turns":1},{"damage":0,"enemies":"downfall:CharBossDefect","floor":50,"turns":2}],"seed_played":"-5604660108015549997","potions_obtained":[{"floor":11,"key":"CultistPotion"},{"floor":12,"key":"ColorlessPotion"},{"floor":13,"key":"Explosive Potion"},{"floor":14,"key":"hexamod:SoulburnPotion"},{"floor":15,"key":"SkillPotion"},{"floor":27,"key":"LiquidBronze"},{"floor":29,"key":"Regen Potion"},{"floor":32,"key":"LiquidBronze"},{"floor":38,"key":"champ:CounterPotion"},{"floor":39,"key":"Regen Potion"},{"floor":43,"key":"FairyPotion"}],"is_trial":false,"path_per_floor":["R","M","?","?","$","?","T","R","$","M","M","M","M","E","M","B",null,"R","M","$","M","M","R","T","M","M","M","R","E","?","?","M","B",null,"R","M","?","M","M","?","T","$","M","M","R","E","?","M","M","B",null],"character_chosen":"SLIMEBOUND","items_purchased":["EntropicBrew","Happy Flower","Anchor","Lantern","expansioncontent:DashGenerateEvil","Slimebound:SplitLeeching+1","Regal Pillow","Slimebound:Repurpose+1","Slimebound:Equalize"],"campfire_rested":2,"item_purchase_floors":[5,20,37,37,37,37,42,42,42],"current_hp_per_floor":[60,60,48,48,34,34,34,52,46,44,47,59,55,26,27,28,84,84,84,69,66,72,72,72,58,48,48,48,41,29,29,40,41,95,95,75,46,51,39,39,39,50,23,36,106,84,67,68,68,68],"gold":164,"neow_bonus":"THREE_ENEMY_KILL","is_daily":false,"chose_seed":false,"campfire_upgraded":5,"win_rate":0.0,"timestamp":1611002571,"path_taken":["R","M","$","?","$","?","T","R","?","M","?","M","M","E","M","BOSS","R","?","$","M","M","R","T","M","M","M","R","E","?","?","M","BOSS","R","M","?","M","M","?","T","$","M","M","R","E","?","M","M","BOSS"],"items_purchased_type":["Potion","Relic","Relic","Relic","Card","Card","Relic","Card","Card"],"build_version":"2020-12-22","purchased_purges":2,"victory":true,"max_hp_per_floor":[60,60,60,60,60,60,60,60,60,63,66,75,81,84,84,84,84,84,84,84,84,87,87,87,87,87,87,87,87,87,87,95,95,95,95,95,95,99,107,107,107,107,107,115,115,115,119,119,119,119],"relic_stats":{"Regal Pillow":15,"Happy Flower":[26],"counters":[33,116],"Snecko Eye":[70,87,72,85],"MealTicket":15,"Eternal Feather":21,"Pen Nib":[6],"Black Star":2,"Juzu Bracelet":0,"Letter Opener":[201],"obtain_stats":[{"Potion Belt":3,"Slimebound:AggressiveSlimeRelic":7,"Lantern":37,"Regal Pillow":42,"Happy Flower":20,"Vajra":46,"downfall:HeartsMalice":0,"Eternal Feather":30,"Pen Nib":29,"Juzu Bracelet":41,"Letter Opener":14,"Bottled Tornado":29,"Old Coin":30,"Anchor":37,"Snecko Eye":34,"MealTicket":24,"Slimebound:AbsorbEndCombat":0,"Black Star":17,"Bag of Marbles":46,"Toxic Egg 2":4},{"Potion Belt":0,"Slimebound:AggressiveSlimeRelic":2,"Lantern":23,"Regal Pillow":26,"Happy Flower":12,"Vajra":29,"downfall:HeartsMalice":0,"Eternal Feather":19,"Pen Nib":18,"Juzu Bracelet":25,"Letter Opener":8,"Bottled Tornado":18,"Old Coin":19,"Anchor":23,"Snecko Eye":21,"MealTicket":14,"Slimebound:AbsorbEndCombat":0,"Black Star":10,"Bag of Marbles":29,"Toxic Egg 2":1},{"Potion Belt":0,"Slimebound:AggressiveSlimeRelic":4,"Lantern":78,"Regal Pillow":89,"Happy Flower":38,"Vajra":105,"downfall:HeartsMalice":0,"Eternal Feather":60,"Pen Nib":56,"Juzu Bracelet":87,"Letter Opener":28,"Bottled Tornado":56,"Old Coin":60,"Anchor":78,"Snecko Eye":71,"MealTicket":44,"Slimebound:AbsorbEndCombat":0,"Black Star":31,"Bag of Marbles":105,"Toxic Egg 2":0}]},"card_choices":[{"not_picked":["Slimebound:Replication","Slimebound:SplitLeeching"],"picked":"Slimebound:SplitBruiser","floor":2.0},{"not_picked":["Slimebound:SamplingLick+1","Slimebound:GoopSpray+1"],"picked":"Slimebound:MegaLick+1","floor":4},{"not_picked":["Slimebound:SlimeBarrage","Slimebound:ProtectTheBoss"],"picked":"Slimebound:SplitAcid+1","floor":5},{"not_picked":["Slimebound:SlimeSpikes+1","Slimebound:HauntingLick+1"],"picked":"Slimebound:MassFeed","floor":9},{"not_picked":["Slimebound:ComboTackle","Slimebound:PressTheAttack"],"picked":"Slimebound:LeechingTouch","floor":10},{"not_picked":["Slimebound:ProtectTheBoss","Slimebound:Chomp"],"picked":"Slimebound:BestDefense","floor":11},{"not_picked":["Slimebound:RollThrough","Slimebound:GoopTackle"],"picked":"Slimebound:RejuvenatingLick+1","floor":12},{"not_picked":["Slimebound:ComboTackle","Slimebound:BestDefense"],"picked":"Slimebound:GrowthPunch","floor":13},{"not_picked":["Slimebound:Gluttony","Slimebound:SplitLeeching+1"],"picked":"Slimebound:HauntingLick+1","floor":14},{"not_picked":["Slimebound:HauntingLick+1","Slimebound:MassFeed"],"picked":"Slimebound:Repurpose+1","floor":15},{"not_picked":["Slimebound:MassRepurpose+1","Slimebound:DouseInSlime+1"],"picked":"Slimebound:OneTwoCombo","floor":16},{"not_picked":["Slimebound:ForwardTackle+1","Slimebound:SplitAcid+1"],"picked":"Slimebound:LeechEnergy","floor":19},{"not_picked":["Slimebound:LeechEnergy+1","Slimebound:WasteNot+1"],"picked":"Slimebound:LeadByExample","floor":20},{"not_picked":["Slimebound:SplitBruiser+1","Slimebound:AcidTongue"],"picked":"Slimebound:HauntingLick+1","floor":21},{"not_picked":["Slimebound:GrowthPunch","Slimebound:SplitMire+1"],"picked":"Slimebound:Nibble","floor":22},{"not_picked":["Slimebound:SplitAcid+1","Slimebound:BestDefense+1"],"picked":"Slimebound:GoopSpray+1","floor":25},{"not_picked":["Slimebound:Chomp","Slimebound:Equalize","Slimebound:SplitMire+1"],"picked":"SKIP","floor":26},{"not_picked":["Slimebound:RollThrough","Slimebound:SplitMire+1"],"picked":"Slimebound:FormOfPuddle+1","floor":27},{"not_picked":["Slimebound:SplitMire+1","Slimebound:RejuvenatingLick+1"],"picked":"Slimebound:MassRepurpose+1","floor":29},{"not_picked":["Slimebound:GoopTackle+1","Slimebound:SlimeBarrage"],"picked":"Slimebound:PressTheAttack","floor":30},{"not_picked":["Slimebound:BestDefense","Slimebound:GoopTackle","Slimebound:RollThrough"],"picked":"SKIP","floor":32},{"not_picked":["Slimebound:RallyTheTroops","Slimebound:DouseInSlime+1"],"picked":"Slimebound:OneTwoCombo","floor":33},{"not_picked":["Slimebound:Grow+1","Slimebound:ViciousTackle+1","Slimebound:FinishingTackle"],"picked":"SKIP","floor":36},{"not_picked":["Slimebound:SamplingLick+1","Slimebound:GoopTackle"],"picked":"Slimebound:AcidTongue+1","floor":37},{"not_picked":["Slimebound:SamplingLick+1","Slimebound:Prepare+1","Slimebound:ItLooksTasty"],"picked":"SKIP","floor":38},{"not_picked":["Slimebound:GrowthPunch+1","Slimebound:Schlurp+1"],"picked":"Slimebound:LeechEnergy+1","floor":39},{"not_picked":["Slimebound:LeechEnergy+1","Slimebound:MegaLick+1","Slimebound:RollThrough"],"picked":"SKIP","floor":42},{"not_picked":["Slimebound:ComboTackle+1","Slimebound:LeadByExample+1"],"picked":"Slimebound:TongueLash+1","floor":43},{"not_picked":["Slimebound:LeechEnergy+1","Slimebound:ItLooksTasty"],"picked":"Slimebound:LevelUp+1","floor":44},{"not_picked":["Slimebound:SlimeBrawl+1","Slimebound:FirmFortitude+1","Slimebound:TongueLash+1"],"picked":"SKIP","floor":46},{"not_picked":["Slimebound:DisruptingSlam+1","Slimebound:LeechEnergy"],"picked":"Slimebound:ItLooksTasty+1","floor":48},{"not_picked":["Slimebound:GoopSpray+1","Slimebound:GrowthPunch"],"picked":"Slimebound:LivingWall+1","floor":49}],"player_experience":140964,"relics_obtained":[{"floor":4,"key":"Toxic Egg 2"},{"floor":7,"key":"Slimebound:AggressiveSlimeRelic"},{"floor":14,"key":"Letter Opener"},{"floor":24,"key":"MealTicket"},{"floor":29,"key":"Pen Nib"},{"floor":29,"key":"Bottled Tornado"},{"floor":30,"key":"Old Coin"},{"floor":30,"key":"Eternal Feather"},{"floor":41,"key":"Juzu Bracelet"},{"floor":46,"key":"Vajra"},{"floor":46,"key":"Bag of Marbles"}],"event_choices":[{"damage_healed":0,"gold_gain":0,"player_choice":"Success","damage_taken":12,"relics_obtained":["Potion Belt"],"max_hp_gain":0,"max_hp_loss":0,"event_name":"Scrap Ooze","floor":3,"gold_loss":0},{"damage_healed":0,"gold_gain":0,"player_choice":"Read","damage_taken":0,"max_hp_gain":0,"max_hp_loss":0,"event_name":"The Library","floor":31,"gold_loss":0,"cards_obtained":["Slimebound:LivingWall"]},{"cards_removed":["Slimebound:Defend_Slimebound"],"damage_healed":0,"gold_gain":0,"player_choice":"Removed Skill","damage_taken":0,"max_hp_gain":0,"max_hp_loss":0,"event_name":"Falling","floor":40,"gold_loss":0}],"is_beta":false,"boss_relics":[{"not_picked":["Sozu","Slimebound:TarBlob"],"picked":"Black Star"},{"not_picked":["Runic Pyramid","Empty Cage"],"picked":"Snecko Eye"}],"items_purged_floors":[37,42],"is_endless":false,"potions_floor_spawned":[11,12,13,14,15,22,25,27,29,32,38,39,43,47],"ascension_level":0}}