{"host":"ga4s3hj9m6nkn6gp","time":1611001348,"event":{"mods":["AchievementEnabler","BaseMod","Bestiary","Colored Powertips","Highlight Path","Minty Spire (QoL Compilation)","Relic Stats","everything is the same but u backflip on backflip"],"gold_per_floor":[117,117,117,137,156,183,183,209,209,174,189,189,220,230,230,230,230],"floor_reached":16,"language":"ENG","playtime":503,"items_purged":[],"score":186,"play_id":"a7a91ff2-d423-45c1-a041-a17bcf03ec9f","local_time":"20210118212228","is_ascension_mode":true,"campfire_choices":[{"data":"Sweeping Beam","floor":7,"key":"SMITH"},{"data":"Zap","floor":15,"key":"SMITH"}],"circlet_count":0,"master_deck":["AscendersBane","Strike_B","Strike_B","Strike_B","Strike_B","Defend_B","Defend_B","Defend_B","Defend_B","Zap+1","Dualcast","Compile Driver","Sweeping Beam+1","Go for the Eyes","Electrodynamics","Redo","Cold Snap","Capacitor"],"relics":["Cracked Core","Symbiotic Virus","Smiling Mask","Eternal Feather","Turnip","Tiny Chest"],"acts_visited":["Exordium"],"potions_floor_usage":[],"damage_taken":[{"damage":3,"enemies":"2 Louse","floor":1,"turns":2},{"damage":8,"enemies":"Small Slimes","floor":4,"turns":3},{"damage":1,"enemies":"Cultist","floor":5,"turns":3},{"damage":35,"enemies":"3 Sentries","floor":6,"turns":8},{"damage":20,"enemies":"Lagavulin","floor":8,"turns":6},{"damage":8,"enemies":"Blue Slaver","floor":11,"turns":2},{"damage":20,"enemies":"3 Sentries","floor":13,"turns":3},{"damage":0,"enemies":"2 Fungi Beasts","floor":14,"turns":2},{"damage":16,"enemies":"The Guardian","floor":16,"turns":4}],"seed_played":"-3143039435773396696","potions_obtained":[{"floor":1,"key":"Swift Potion"},{"floor":8,"key":"SmokeBomb"}],"is_trial":false,"path_per_floor":["M","?","?","M","M","E","R","E","T","?","M","?","E","M","R","B"],"character_chosen":"DEFECT","items_purchased":[],"campfire_rested":0,"item_purchase_floors":[],"current_hp_per_floor":[72,77,77,69,68,33,33,13,13,34,26,26,6,6,15,0,0],"gold":230,"neow_bonus":"TEN_PERCENT_HP_BONUS","is_daily":false,"chose_seed":false,"campfire_upgraded":2,"win_rate":0.0,"timestamp":1611001348,"path_taken":["M","?","?","M","M","E","R","E","T","?","M","?","E","?","R","BOSS"],"items_purchased_type":[],"build_version":"2020-12-22","purchased_purges":0,"victory":false,"max_hp_per_floor":[82,87,87,87,87,87,87,87,87,87,87,87,87,87,87,87,87],"relic_stats":{"counters":[9,33],"Eternal Feather":9,"Tiny Chest":0,"Turnip":[0],"Smiling Mask":0,"obtain_stats":[{"Eternal Feather":9,"Tiny Chest":13,"Turnip":12,"Cracked Core":0,"Symbiotic Virus":6,"Smiling Mask":8},{"Eternal Feather":5,"Tiny Chest":7,"Turnip":6,"Cracked Core":0,"Symbiotic Virus":4,"Smiling Mask":5},{"Eternal Feather":22,"Tiny Chest":27,"Turnip":24,"Cracked Core":0,"Symbiotic Virus":16,"Smiling Mask":22}]},"card_choices":[{"not_picked":["Storm","Turbo"],"picked":"Compile Driver","floor":1},{"not_picked":["Turbo","Force Field"],"picked":"Sweeping Beam","floor":4},{"not_picked":["Storm","Stack","Hologram"],"picked":"SKIP","floor":5},{"not_picked":["Beam Cell","Conserve Battery"],"picked":"Go for the Eyes","floor":6},{"not_picked":["Barrage","Hyperbeam"],"picked":"Electrodynamics","floor":8},{"not_picked":["Hello World","Conserve Battery"],"picked":"Redo","floor":11},{"not_picked":["Rip and Tear","Skim"],"picked":"Cold Snap","floor":13},{"not_picked":["Compile Driver","Sweeping Beam"],"picked":"Capacitor","floor":14}],"player_experience":649991,"relics_obtained":[{"floor":6,"key":"Symbiotic Virus"},{"floor":8,"key":"Smiling Mask"},{"floor":9,"key":"Eternal Feather"},{"floor":13,"key":"Tiny Chest"}],"event_choices":[{"damage_healed":0,"gold_gain":0,"player_choice":"Donut","damage_taken":0,"max_hp_gain":5,"max_hp_loss":0,"event_name":"Big Fish","floor":2,"gold_loss":0},{"damage_healed":0,"gold_gain":0,"player_choice":"Ignored","damage_taken":0,"max_hp_gain":0,"max_hp_loss":0,"event_name":"Liars Game","floor":3,"gold_loss":0},{"damage_healed":21,"gold_gain":0,"player_choice":"Healed","damage_taken":0,"max_hp_gain":0,"max_hp_loss":0,"event_name":"The Cleric","floor":10,"gold_loss":35},{"damage_healed":0,"gold_gain":0,"player_choice":"Gave Potion","damage_taken":0,"relics_obtained":["Turnip"],"max_hp_gain":0,"max_hp_loss":0,"event_name":"WeMeetAgain","floor":12,"gold_loss":0}],"is_beta":false,"boss_relics":[],"items_purged_floors":[],"is_endless":false,"potions_floor_spawned":[1,8],"killed_by":"The Guardian","ascension_level":11}}