{"host":"rolltorest","time":1611012319,"event":{"mods":["BaseMod","Minty Spire (QoL Compilation)","Relic Stats","Slay the Relics Exporter","StSLib"],"gold_per_floor":[116,136,106,123,138,138,165,165,165,177,203,45,45,71,71,147,147,162,162,87,101,26,26,57,67,67,167,198,211,51,85,85,162,162,181,192,467,0,19,47,47,62,62,73,73,106,6,6,6,6,6,6,6,6,39,39],"floor_reached":57,"language":"ENG","playtime":2248,"items_purged":["Regret","Writhe"],"score":3051,"play_id":"0a06a016-8d45-4738-9748-349a4c01c0a5","local_time":"20210118152519","is_ascension_mode":true,"campfire_choices":[{"data":"Fiend Fire","floor":6,"key":"SMITH"},{"data":"Combust","floor":8,"key":"SMITH"},{"data":"Dark Embrace","floor":15,"key":"SMITH"},{"data":"Demon Form","floor":23,"key":"SMITH"},{"data":"Spot Weakness","floor":32,"key":"SMITH"},{"data":"Feel No Pain","floor":41,"key":"SMITH"},{"floor":49,"key":"RECALL"},{"data":"Dual Wield","floor":53,"key":"SMITH"}],"circlet_count":0,"master_deck":["AscendersBane","Bash","Blood for Blood","Fiend Fire+1","Bloodletting","Flame Barrier","Combust+1","Reaper","Blood for Blood","Twin Strike+1","Clothesline","Spot Weakness","Dark Embrace+1","Shockwave","Offering","Headbutt","Battle Trance","Demon Form+1","Spot Weakness+1","Burning Pact","Uppercut","Battle Trance","Corruption","Rupture","Immolate","Master of Strategy","Feel No Pain+1","Dual Wield+1","Offering","Power Through"],"relics":["Pandora\u0027s Box","Lantern","Kunai","Ornamental Fan","Centennial Puzzle","CaptainsWheel","Whetstone","Sozu","Pen Nib","Lizard Tail","Magic Flower","Pocketwatch","Shuriken","Akabeko","ClockworkSouvenir","Blood Vial","Cursed Key","Bronze Scales","Meat on the Bone","Unceasing Top"],"acts_visited":["Exordium","TheCity","TheBeyond","TheEnding"],"potions_floor_usage":[10,24],"damage_taken":[{"damage":3,"enemies":"Cultist","floor":1,"turns":2},{"damage":3,"enemies":"Jaw Worm","floor":2,"turns":3},{"damage":0,"enemies":"2 Louse","floor":4,"turns":3},{"damage":17,"enemies":"Blue Slaver","floor":5,"turns":3},{"damage":36,"enemies":"3 Sentries","floor":7,"turns":5},{"damage":5,"enemies":"Gremlin Gang","floor":10,"turns":2},{"damage":6,"enemies":"Gremlin Nob","floor":11,"turns":2},{"damage":11,"enemies":"Lagavulin","floor":14,"turns":4},{"damage":2,"enemies":"Slime Boss","floor":16,"turns":4},{"damage":10,"enemies":"Spheric Guardian","floor":18,"turns":2},{"damage":9,"enemies":"2 Thieves","floor":21,"turns":1},{"damage":35,"enemies":"Gremlin Leader","floor":24,"turns":3},{"damage":19,"enemies":"Centurion and Healer","floor":25,"turns":3},{"damage":16,"enemies":"Colosseum Slavers","floor":27,"turns":2},{"damage":31,"enemies":"Colosseum Nobs","floor":27,"turns":4},{"damage":51,"enemies":"Book of Stabbing","floor":28,"turns":5},{"damage":0,"enemies":"Cultist and Chosen","floor":29,"turns":2},{"damage":27,"enemies":"Slavers","floor":31,"turns":3},{"damage":39,"enemies":"Automaton","floor":33,"turns":6},{"damage":16,"enemies":"3 Darklings","floor":35,"turns":3},{"damage":16,"enemies":"Orb Walker","floor":36,"turns":3},{"damage":6,"enemies":"Transient","floor":39,"turns":6},{"damage":43,"enemies":"Reptomancer","floor":40,"turns":4},{"damage":21,"enemies":"Maw","floor":42,"turns":6},{"damage":8,"enemies":"Jaw Worm Horde","floor":44,"turns":4},{"damage":18,"enemies":"Giant Head","floor":46,"turns":5},{"damage":73,"enemies":"Awakened One","floor":50,"turns":7},{"damage":45,"enemies":"Time Eater","floor":51,"turns":5},{"damage":27,"enemies":"Shield and Spear","floor":55,"turns":3},{"damage":129,"enemies":"The Heart","floor":56,"turns":7}],"seed_played":"8299243117647707592","potions_obtained":[{"floor":3,"key":"SneckoOil"},{"floor":3,"key":"Energy Potion"},{"floor":4,"key":"ColorlessPotion"},{"floor":10,"key":"Ancient Potion"}],"is_trial":false,"path_per_floor":["M","M","?","M","M","R","E","R","T","M","E","$","?","E","R","B",null,"M","?","?","M","$","R","E","M","T","?","E","M","$","E","R","B",null,"M","M","?","$","M","E","R","M","T","M","T","E","$","?","R","B","B",null,"R","$","E","B",null],"character_chosen":"IRONCLAD","items_purchased":["Centennial Puzzle","Burning Pact","ClockworkSouvenir","Immolate","Master of Strategy"],"campfire_rested":0,"item_purchase_floors":[12,22,30,38,38],"current_hp_per_floor":[71,72,72,72,62,62,40,40,40,35,29,29,29,28,28,26,63,53,53,53,44,44,44,21,22,22,68,75,75,75,75,75,75,75,75,75,75,75,75,74,74,75,75,75,75,75,75,75,75,75,75,75,75,75,72,52],"gold":39,"neow_bonus":"BOSS_RELIC","is_daily":false,"chose_seed":false,"campfire_upgraded":7,"win_rate":0.0,"timestamp":1611012319,"path_taken":["M","M","?","M","?","R","E","R","T","M","E","$","?","E","R","BOSS","M","?","?","M","$","R","E","M","T","?","E","M","?","E","R","BOSS","M","?","?","$","?","E","R","M","T","M","?","E","$","?","R","BOSS","BOSS","R","$","E","BOSS"],"items_purchased_type":["Relic","Card","Relic","Card","Card"],"build_version":"2020-12-18","purchased_purges":2,"victory":true,"max_hp_per_floor":[75,75,75,75,75,75,75,75,75,75,75,75,75,75,75,75,75,75,75,75,75,75,75,75,75,75,75,75,75,75,75,75,75,75,75,75,75,75,75,75,75,75,75,75,75,75,75,75,75,75,75,75,75,75,75,75],"relic_stats":{"counters":[30,112],"Magic Flower":[118],"Pen Nib":[15],"Whetstone":["Twin Strike","Twin Strike"],"Cursed Key":1,"Sozu":7,"Blood Vial":4,"Centennial Puzzle":[66],"Lizard Tail":56,"Ornamental Fan":[112],"Shuriken":[22],"Bronze Scales":[162],"Pandora\u0027s Box":["Blood for Blood","Fiend Fire","Bloodletting","Flame Barrier","Combust","Reaper","Blood for Blood","Twin Strike","Twin Strike"],"Kunai":[29],"obtain_stats":[{"Lantern":7,"Magic Flower":26,"Pen Nib":19,"Whetstone":14,"Cursed Key":34,"Burning Blood":0,"Akabeko":28,"ClockworkSouvenir":30,"Sozu":17,"Blood Vial":31,"Centennial Puzzle":12,"CaptainsWheel":13,"Lizard Tail":24,"Ornamental Fan":11,"Shuriken":27,"Bronze Scales":40,"Pandora\u0027s Box":0,"Kunai":9,"Unceasing Top":55,"Pocketwatch":27,"Meat on the Bone":46},{"Lantern":5,"Magic Flower":13,"Pen Nib":10,"Whetstone":8,"Cursed Key":19,"Burning Blood":0,"Akabeko":16,"ClockworkSouvenir":17,"Sozu":9,"Blood Vial":18,"Centennial Puzzle":7,"CaptainsWheel":7,"Lizard Tail":12,"Ornamental Fan":7,"Shuriken":15,"Bronze Scales":23,"Pandora\u0027s Box":0,"Kunai":5,"Unceasing Top":29,"Pocketwatch":15,"Meat on the Bone":26},{"Lantern":16,"Magic Flower":37,"Pen Nib":30,"Whetstone":24,"Cursed Key":59,"Burning Blood":0,"Akabeko":48,"ClockworkSouvenir":50,"Sozu":28,"Blood Vial":53,"Centennial Puzzle":20,"CaptainsWheel":20,"Lizard Tail":34,"Ornamental Fan":20,"Shuriken":43,"Bronze Scales":75,"Pandora\u0027s Box":0,"Kunai":16,"Unceasing Top":105,"Pocketwatch":43,"Meat on the Bone":90}],"Unceasing Top":[0],"Pocketwatch":[46],"Meat on the Bone":18},"card_choices":[{"not_picked":["Clash","True Grit"],"picked":"Clothesline","floor":1},{"not_picked":["Flame Barrier","Sword Boomerang"],"picked":"Spot Weakness","floor":2},{"not_picked":["Entrench","Headbutt"],"picked":"Dark Embrace","floor":4},{"not_picked":["Searing Blow","Shrug It Off"],"picked":"Shockwave","floor":5},{"not_picked":["Clash","Body Slam"],"picked":"Offering","floor":7},{"not_picked":["Thunderclap","Pommel Strike"],"picked":"Headbutt","floor":10},{"not_picked":["Havoc","Twin Strike","Clothesline"],"picked":"SKIP","floor":11},{"not_picked":["Wild Strike","Cleave"],"picked":"Battle Trance","floor":14},{"not_picked":["Offering","Berserk"],"picked":"Demon Form","floor":16},{"not_picked":["True Grit","Bloodletting+1"],"picked":"Spot Weakness","floor":18},{"not_picked":["Twin Strike","Headbutt","Armaments"],"picked":"SKIP","floor":21},{"not_picked":["Cleave+1","Thunderclap","Shockwave"],"picked":"SKIP","floor":24},{"not_picked":["True Grit","Anger+1","Perfected Strike"],"picked":"SKIP","floor":25},{"not_picked":["Sword Boomerang","Sentinel"],"picked":"Uppercut","floor":28},{"not_picked":["Double Tap","Flame Barrier"],"picked":"Battle Trance","floor":29},{"not_picked":["Searing Blow","Reckless Charge","Evolve"],"picked":"SKIP","floor":31},{"not_picked":["Fiend Fire","Berserk"],"picked":"Corruption","floor":33},{"not_picked":["Wild Strike","Blood for Blood","Perfected Strike"],"picked":"SKIP","floor":35},{"not_picked":["Cleave","Headbutt"],"picked":"Rupture","floor":36},{"not_picked":["Pummel","Hemokinesis"],"picked":"Feel No Pain","floor":39},{"not_picked":["Clash","Dark Embrace","Sword Boomerang"],"picked":"SKIP","floor":40},{"not_picked":["Infernal Blade","Combust"],"picked":"Dual Wield","floor":42},{"not_picked":["True Grit","Iron Wave"],"picked":"Offering","floor":44},{"not_picked":["Thunderclap","Perfected Strike+1"],"picked":"Power Through","floor":46},{"not_picked":["Clothesline+1","Wild Strike","Anger"],"picked":"SKIP","floor":55}],"player_experience":1732322,"relics_obtained":[{"floor":7,"key":"Lantern"},{"floor":9,"key":"Kunai"},{"floor":11,"key":"Ornamental Fan"},{"floor":14,"key":"Whetstone"},{"floor":24,"key":"Lizard Tail"},{"floor":26,"key":"Magic Flower"},{"floor":27,"key":"Pocketwatch"},{"floor":27,"key":"Shuriken"},{"floor":28,"key":"Akabeko"},{"floor":31,"key":"Blood Vial"},{"floor":40,"key":"Bronze Scales"},{"floor":46,"key":"Meat on the Bone"},{"floor":55,"key":"Unceasing Top"}],"event_choices":[{"damage_healed":0,"gold_gain":0,"player_choice":"Bought 2 Potions","damage_taken":0,"max_hp_gain":0,"max_hp_loss":0,"event_name":"The Woman in Blue","floor":3,"gold_loss":0},{"damage_healed":0,"gold_gain":0,"player_choice":"Searched \u00271\u0027 times","damage_taken":0,"relics_obtained":["CaptainsWheel"],"max_hp_gain":0,"max_hp_loss":0,"event_name":"Dead Adventurer","floor":13,"gold_loss":0},{"damage_healed":0,"gold_gain":0,"player_choice":"Opened","damage_taken":0,"relics_obtained":["Pen Nib"],"max_hp_gain":0,"max_hp_loss":0,"event_name":"The Mausoleum","floor":19,"gold_loss":0,"cards_obtained":["Writhe"]},{"cards_removed":["Writhe"],"damage_healed":0,"gold_gain":0,"player_choice":"Gave Gold","damage_taken":0,"max_hp_gain":0,"max_hp_loss":0,"event_name":"Beggar","floor":20,"gold_loss":75},{"damage_healed":0,"gold_gain":0,"player_choice":"Fight","damage_taken":0,"max_hp_gain":0,"max_hp_loss":0,"event_name":"Colosseum","floor":27,"gold_loss":0},{"damage_healed":0,"gold_gain":0,"player_choice":"Fought Nobs","damage_taken":0,"max_hp_gain":0,"max_hp_loss":0,"event_name":"Colosseum","floor":27,"gold_loss":0},{"damage_healed":0,"gold_gain":275,"player_choice":"Desecrate","damage_taken":0,"max_hp_gain":0,"max_hp_loss":0,"event_name":"Golden Shrine","floor":37,"gold_loss":0,"cards_obtained":["Regret"]},{"cards_removed":["Twin Strike"],"damage_healed":0,"gold_gain":0,"player_choice":"Removed Attack","damage_taken":0,"max_hp_gain":0,"max_hp_loss":0,"event_name":"Falling","floor":48,"gold_loss":0}],"is_beta":true,"boss_relics":[{"not_picked":["Empty Cage","SlaversCollar"],"picked":"Sozu"},{"not_picked":["Mark of Pain","Runic Cube"],"picked":"Cursed Key"}],"items_purged_floors":[38,47],"is_endless":false,"potions_floor_spawned":[4,5,10,11,14,16,21,25,27,28,33,39,44,46],"ascension_level":20}}