{"host":"q9718omregw4er46","time":1611005142,"event":{"mods":["BaseMod","Bestiary","Colored Powertips","Minty Spire (QoL Compilation)","Quick Restart","Relic Stats"],"gold_per_floor":[113,30,30,50,70,70,96,72,72,85,99,99,132,142,142,218,218,193,2,2,20,70,70,70],"floor_reached":23,"language":"ENG","playtime":604,"items_purged":[],"score":402,"play_id":"07103af2-1c8d-421a-a19e-b1830d9ce3a8","local_time":"20210119022542","is_ascension_mode":true,"campfire_choices":[{"data":"Bash","floor":6.0,"key":"SMITH"},{"data":"Rampage","floor":12.0,"key":"SMITH"},{"data":"Double Tap","floor":15.0,"key":"SMITH"}],"circlet_count":0,"master_deck":["AscendersBane","Strike_R","Strike_R","Strike_R","Strike_R","Strike_R","Defend_R","Defend_R","Defend_R","Defend_R","Bash+1","Hemokinesis","Rampage+1","Metallicize","Pommel Strike","Pummel","Shrug It Off","Double Tap+1","Demon Form","Fire Breathing","True Grit"],"relics":["Burning Blood","NeowsBlessing","Tiny Chest","Boot","Mummified Hand","Anchor","Black Star","Akabeko"],"acts_visited":["Exordium","TheCity"],"potions_floor_usage":[21],"damage_taken":[{"damage":0.0,"enemies":"2 Louse","floor":1.0,"turns":1.0},{"damage":0.0,"enemies":"Cultist","floor":4.0,"turns":1.0},{"damage":0.0,"enemies":"Small Slimes","floor":5.0,"turns":1.0},{"damage":30.0,"enemies":"Gremlin Nob","floor":7.0,"turns":4.0},{"damage":0.0,"enemies":"3 Louse","floor":10.0,"turns":4.0},{"damage":3.0,"enemies":"Blue Slaver","floor":11.0,"turns":3.0},{"damage":30.0,"enemies":"3 Sentries","floor":13.0,"turns":11.0},{"damage":0.0,"enemies":"Looter","floor":14.0,"turns":3.0},{"damage":20.0,"enemies":"The Guardian","floor":16.0,"turns":9.0},{"damage":33.0,"enemies":"2 Thieves","floor":18.0,"turns":4.0},{"damage":10,"enemies":"Shell Parasite","floor":21,"turns":3},{"damage":57,"enemies":"Gremlin Leader","floor":23,"turns":2}],"seed_played":"-7484621487985918003","potions_obtained":[{"floor":1.0,"key":"Weak Potion"},{"floor":5.0,"key":"CultistPotion"},{"floor":11.0,"key":"GamblersBrew"},{"floor":13.0,"key":"Block Potion"},{"floor":16.0,"key":"BlessingOfTheForge"}],"is_trial":false,"path_per_floor":["M","$","?","M","M","R","E","$","T","M","M","R","E","M","R","B",null,"M","$","?","M","?","E"],"character_chosen":"IRONCLAD","items_purchased":["Rampage","Shrug It Off","Akabeko","True Grit"],"campfire_rested":0,"item_purchase_floors":[2,8,19,19],"current_hp_per_floor":[74,74,74,75,75,75,51,51,51,57,60,60,36,42,42,28,63,36,36,51,47,47,0,0],"gold":70,"neow_bonus":"THREE_ENEMY_KILL","is_daily":false,"chose_seed":false,"campfire_upgraded":3,"win_rate":0.0,"timestamp":1611005142,"path_taken":["M","$","?","?","M","R","E","$","T","M","M","R","E","M","R","BOSS","M","$","?","M","?","E"],"items_purchased_type":["Card","Card","Relic","Card"],"build_version":"2020-12-22","purchased_purges":0,"victory":false,"max_hp_per_floor":[75,75,75,75,75,75,75,75,75,75,75,75,75,75,75,75,75,75,75,75,75,75,75,75],"relic_stats":{"counters":[12,46],"Mummified Hand":[7],"Tiny Chest":0,"Black Star":0,"Boot":[73],"obtain_stats":[{"Anchor":13,"NeowsBlessing":0,"Mummified Hand":9,"Tiny Chest":3,"Black Star":17,"Boot":7,"Burning Blood":0,"Akabeko":19},{"Anchor":7,"NeowsBlessing":0,"Mummified Hand":4,"Tiny Chest":1,"Black Star":9,"Boot":4,"Burning Blood":0,"Akabeko":10},{"Anchor":25,"NeowsBlessing":0,"Mummified Hand":7,"Tiny Chest":1,"Black Star":37,"Boot":7,"Burning Blood":0,"Akabeko":41}],"Burning Blood":55},"card_choices":[{"not_picked":["Headbutt","Heavy Blade"],"picked":"Hemokinesis","floor":1.0},{"not_picked":["Havoc","True Grit"],"picked":"Metallicize","floor":4.0},{"not_picked":["Flex","Sword Boomerang"],"picked":"Pommel Strike","floor":5.0},{"not_picked":["Thunderclap","Anger"],"picked":"Pummel","floor":7.0},{"not_picked":["Armaments","Iron Wave","Second Wind"],"picked":"SKIP","floor":10.0},{"not_picked":["Reckless Charge","Bloodletting","Rage"],"picked":"SKIP","floor":11.0},{"not_picked":["Reckless Charge","Bloodletting","Rage"],"picked":"SKIP","floor":11.0},{"not_picked":["Headbutt","Battle Trance"],"picked":"Double Tap","floor":13.0},{"not_picked":["Reckless Charge","Armaments","Clash"],"picked":"SKIP","floor":14.0},{"not_picked":["Limit Break","Impervious"],"picked":"Demon Form","floor":16.0},{"not_picked":["Warcry","Infernal Blade"],"picked":"Fire Breathing","floor":18.0},{"not_picked":["Flex+1","Clash","Power Through"],"picked":"SKIP","floor":21}],"player_experience":1232085,"relics_obtained":[{"floor":7.0,"key":"Boot"},{"floor":9.0,"key":"Mummified Hand"},{"floor":13.0,"key":"Anchor"}],"event_choices":[{"damage_healed":0.0,"max_hp_gain":0.0,"max_hp_loss":0.0,"gold_gain":0.0,"event_name":"WeMeetAgain","player_choice":"Gave Potion","floor":3.0,"gold_loss":0.0,"damage_taken":0.0,"relics_obtained":["Tiny Chest"]},{"damage_healed":15,"gold_gain":0,"player_choice":"Heal","damage_taken":0,"max_hp_gain":0,"max_hp_loss":0,"event_name":"The Library","floor":20,"gold_loss":0},{"damage_healed":0,"gold_gain":50,"player_choice":"Stole From Cult","damage_taken":0,"max_hp_gain":0,"max_hp_loss":0,"event_name":"Nest","floor":22,"gold_loss":0}],"is_beta":false,"boss_relics":[{"not_picked":["Runic Pyramid","Black Blood"],"picked":"Black Star"}],"items_purged_floors":[],"is_endless":false,"potions_floor_spawned":[1,5,11,13,16],"killed_by":"Gremlin Leader","ascension_level":20}}