{"host":"pmmuxs046gii331m","time":1611000015,"event":{"mods":["AchievementEnabler","BaseMod","Colored Powertips","Downfall","Gold Saver","Minty Spire (QoL Compilation)","Permanent Neow","Quick Restart","StSLib"],"gold_per_floor":[1372,1382,1048,1048,1062,1162,1162,1179,1199,1209,941,1005,1017,1027,1044,1139,1139,1139,1061,1111,1124,1174,1174,1174,1239,1258,1158,1174,1184,1184,970,988,1092,1092,1092,1105,1138,1238,1362,1462,1462,1462,1482,1311,631,645,645,661,676,676,676],"floor_reached":50,"language":"ENG","playtime":7857,"items_purged":["bronze:Strike","bronze:Defend","bronze:Defend","bronze:Defend","bronze:SpaghettiCode","Bite","Bite"],"score":565,"play_id":"d1e3b8bc-6578-4d1a-a42f-c7538f40700b","local_time":"20210118150015","is_ascension_mode":false,"campfire_choices":[{"data":"bronze:Replicate","floor":1.0,"key":"SMITH"},{"data":"bronze:BronzeArmor","floor":18.0,"key":"SMITH"},{"data":"bronze:AlphaBuild","floor":23.0,"key":"SMITH"},{"data":"bronze:BronzeOrb","floor":27.0,"key":"SMITH"},{"floor":30.0,"key":"REST"},{"data":"bronze:ChosenStrike","floor":35,"key":"SMITH"},{"data":"bronze:Branch","floor":42,"key":"SMITH"},{"data":"bronze:CleanCode","floor":47,"key":"SMITH"}],"circlet_count":0,"master_deck":["bronze:Replicate+1","bronze:Goto+1","bronze:Branch+1","bronze:AlphaBuild+1","bronze:ChosenStrike+1","bronze:BronzeArmor+1","bronze:HyperBeam","bronze:WhirlingStrike","bronze:BronzeOrb+1","bronze:FineTuning+1","bronze:Iterate+1","bronze:SpaghettiCode+1","bronze:ItsAFeature+1","Bite","Bite","Bite","bronze:DigitalCarnage+1","bronze:Fortify+1","CurseOfTheBell","bronze:CleanCode+1"],"relics":["bronze:BronzeCore","Orichalcum","Membership Card","Incense Burner","downfall:CloakOfManyFaces","CultistMask","FaceOfCleric","NlothsMask","GremlinMask","SsserpentHead","Happy Flower","Kunai","Astrolabe","downfall:HeartBlessingBlue","Pantograph","Calling Bell","Lantern","Meat on the Bone","Torii","Toy Ornithopter","Thread and Needle","FossilizedHelix","Letter Opener","Dead Branch","The Courier","Ginger","Potion Belt","Lee\u0027s Waffle","Peace Pipe","Mummified Hand","War Paint","Singing Bowl"],"acts_visited":["Exordium","TheCity","TheBeyond"],"potions_floor_usage":[37,37,40,40,46,48,50,50,50],"damage_taken":[{"damage":0.0,"enemies":"2 Louse","floor":2.0,"turns":3.0},{"damage":0.0,"enemies":"downfall:FleeingMerchant","floor":3.0,"turns":4.0},{"damage":3.0,"enemies":"Jaw Worm","floor":5.0,"turns":3.0},{"damage":9.0,"enemies":"downfall:FaceTrader","floor":6.0,"turns":6.0},{"damage":0.0,"enemies":"Cultist","floor":8.0,"turns":3.0},{"damage":7.0,"enemies":"Red Slaver","floor":9.0,"turns":2.0},{"damage":0.0,"enemies":"Exordium Wildlife","floor":10.0,"turns":2.0},{"damage":0.0,"enemies":"downfall:FleeingMerchant","floor":11.0,"turns":4.0},{"damage":4.0,"enemies":"Exordium Thugs","floor":12.0,"turns":5.0},{"damage":1.0,"enemies":"3 Louse","floor":13.0,"turns":2.0},{"damage":0.0,"enemies":"Blue Slaver","floor":14.0,"turns":3.0},{"damage":7.0,"enemies":"Exordium Wildlife","floor":15.0,"turns":2.0},{"damage":21.0,"enemies":"DF_ARCHETYPE_STREAMLINE","floor":16.0,"turns":9.0},{"damage":7.0,"enemies":"downfall:FleeingMerchant","floor":19.0,"turns":4.0},{"damage":12.0,"enemies":"Shell Parasite","floor":21.0,"turns":4.0},{"damage":19.0,"enemies":"3 Byrds","floor":25.0,"turns":4.0},{"damage":20.0,"enemies":"Sentry and Sphere","floor":26.0,"turns":4.0},{"damage":27.0,"enemies":"Snake Plant","floor":28.0,"turns":3.0},{"damage":5.0,"enemies":"Cultist and Chosen","floor":29.0,"turns":4.0},{"damage":0.0,"enemies":"downfall:FleeingMerchant","floor":31.0,"turns":4.0},{"damage":0.0,"enemies":"Snecko","floor":32.0,"turns":2.0},{"damage":48.0,"enemies":"SI_MIRROR_ARCHETYPE","floor":33.0,"turns":7.0},{"damage":27,"enemies":"3 Shapes","floor":36,"turns":4},{"damage":0,"enemies":"downfall:FleeingMerchant","floor":37,"turns":2},{"damage":68,"enemies":"2 Orb Walkers","floor":38,"turns":6},{"damage":0,"enemies":"2 Orb Walkers","floor":40,"turns":6},{"damage":25,"enemies":"3 Darklings","floor":43,"turns":5},{"damage":17,"enemies":"Sphere and 2 Shapes","floor":46,"turns":4},{"damage":0,"enemies":"Maw","floor":48,"turns":6},{"damage":0,"enemies":"4 Shapes","floor":49,"turns":5},{"damage":260,"enemies":"IC_BLOCK_ARCHETYPE","floor":50,"turns":7}],"seed_played":"8278951424882456816","potions_obtained":[{"floor":6.0,"key":"SpeedPotion"},{"floor":9.0,"key":"Block Potion"},{"floor":13.0,"key":"Energy Potion"},{"floor":14.0,"key":"sneckomod:MuddlingPotion"},{"floor":15.0,"key":"BlessingOfTheForge"},{"floor":16.0,"key":"Swift Potion"},{"floor":28.0,"key":"Energy Potion"},{"floor":29.0,"key":"bronze:CleanCodePotion"},{"floor":32.0,"key":"SteroidPotion"},{"floor":36,"key":"LiquidMemories"},{"floor":38,"key":"PowerPotion"},{"floor":43,"key":"FairyPotion"},{"floor":46,"key":"Strength Potion"},{"floor":48,"key":"ColorlessPotion"}],"is_trial":false,"path_per_floor":["R","M","$","?","M","?","T","M","M","M","$","M","M","M","M","B",null,"R","$","?","M","?","R","T","M","M","R","M","M","R","$","M","B",null,"R","M","?","?","T","?","T","R","M","$","$","M","R","M","M","B"],"character_chosen":"THE_AUTOMATON","items_purchased":["Membership Card","Blood Vial","Fire Potion","bronze:ChosenStrike","Happy Flower","Kunai","Pantograph","Toy Ornithopter","SpeedPotion","EssenceOfSteel","Thread and Needle","Ginger","Potion Belt","Fire Potion","EssenceOfSteel","Energy Potion","Lee\u0027s Waffle","Peace Pipe","Mummified Hand","War Paint","Singing Bowl"],"campfire_rested":1,"item_purchase_floors":[3,3,3,3,11,11,31,37,37,37,37,44,45,45,45,45,45,45,45,45,45],"current_hp_per_floor":[70,70,70,45,44,37,37,40,36,39,42,41,43,46,42,24,79,79,73,73,62,47,47,47,29,18,28,10,16,46,49,52,32,103,103,81,82,33,33,75,75,75,65,65,115,105,105,115,122,0,0],"gold":676,"neow_bonus":"RANDOM_COMMON_RELIC","is_daily":false,"chose_seed":false,"campfire_upgraded":7,"win_rate":0.0,"timestamp":1611000015,"path_taken":["R","M","$","?","M","?","T","M","M","M","$","?","M","M","M","BOSS","R","$","?","M","?","R","T","?","M","R","M","M","R","$","M","BOSS","R","M","?","?","?","?","T","R","M","?","$","M","R","M","M","BOSS"],"items_purchased_type":["Relic","Relic","Potion","Card","Relic","Relic","Relic","Relic","Potion","Potion","Relic","Relic","Relic","Potion","Potion","Potion","Relic","Relic","Relic","Relic","Relic"],"build_version":"2020-12-22","purchased_purges":7,"victory":false,"max_hp_per_floor":[70,70,70,70,70,70,70,71,72,73,74,75,76,77,78,79,79,79,80,80,81,86,86,86,87,88,98,99,100,100,101,102,103,103,103,104,105,106,106,107,107,107,108,108,115,118,118,121,124,124,124],"card_choices":[{"not_picked":["bronze:Invalidate","bronze:WildBeam"],"picked":"bronze:Branch","floor":2.0},{"not_picked":["bronze:Frontload","bronze:Deprecate"],"picked":"bronze:AlphaBuild","floor":3.0},{"not_picked":["bronze:BuggyMess","bronze:OilSpill"],"picked":"bronze:BronzeArmor","floor":5.0},{"not_picked":["bronze:Return","bronze:Deprecate"],"picked":"bronze:HyperBeam","floor":6.0},{"not_picked":["bronze:Philosophize","bronze:Shell"],"picked":"bronze:WhirlingStrike","floor":8.0},{"not_picked":["bronze:Deprecate","bronze:CutThrough","bronze:BugBarrage"],"picked":"SKIP","floor":9.0},{"not_picked":["bronze:BitShift","bronze:MaxOutput","bronze:Turbo"],"picked":"SKIP","floor":10.0},{"not_picked":["bronze:Deprecate","bronze:FineTuning","bronze:WildBeam"],"picked":"SKIP","floor":11.0},{"not_picked":["bronze:Frontload","bronze:Turbo"],"picked":"bronze:BronzeOrb","floor":12.0},{"not_picked":["bronze:BuggyMess","bronze:Allocate","bronze:Deprecate"],"picked":"SKIP","floor":13.0},{"not_picked":["bronze:FindAndReplace","bronze:FineTuning","bronze:Overheat"],"picked":"SKIP","floor":14.0},{"not_picked":["bronze:WildBeam","bronze:Branch"],"picked":"bronze:FineTuning","floor":15.0},{"not_picked":["bronze:Break","bronze:Verify"],"picked":"bronze:SpaghettiCode","floor":16.0},{"not_picked":["bronze:BugBarrage","bronze:NullPointer","bronze:HyperBeam"],"picked":"SKIP","floor":19.0},{"not_picked":["bronze:WildBeam","bronze:Deprecate+1"],"picked":"bronze:DigitalCarnage+1","floor":21.0},{"not_picked":["bronze:Iterate+1","bronze:Deprecate"],"picked":"bronze:Fortify+1","floor":25.0},{"not_picked":["bronze:FineTuning+1","bronze:Shell+1","bronze:Shield+1"],"picked":"SKIP","floor":26.0},{"not_picked":["bronze:Shield","bronze:Overheat+1","bronze:Return"],"picked":"SKIP","floor":28.0},{"not_picked":["bronze:BugBarrage","bronze:Safeguard+1","bronze:Branch"],"picked":"SKIP","floor":29.0},{"not_picked":["bronze:CutThrough+1","bronze:BronzeArmor","bronze:ForLoop+1"],"picked":"SKIP","floor":31.0},{"not_picked":["bronze:NullPointer","bronze:Shield","bronze:BugBarrage"],"picked":"SKIP","floor":32.0},{"not_picked":["bronze:Overheat+1","bronze:Deprecate","bronze:Branch"],"picked":"SKIP","floor":36},{"not_picked":["bronze:DelayedSlice+1","bronze:WhirlingStrike+1","bronze:ForceShield+1"],"picked":"SKIP","floor":37},{"not_picked":["bronze:Deprecate+1","bronze:ClassDefault"],"picked":"bronze:CleanCode","floor":43},{"not_picked":["bronze:Branch","bronze:Shield","bronze:Frontload+1"],"picked":"Singing Bowl","floor":46},{"not_picked":["bronze:OilSpill+1","bronze:DelayedSlice+1","bronze:Invalidate+1"],"picked":"Singing Bowl","floor":48},{"not_picked":["bronze:ClassDefault+1","bronze:BitShift","bronze:Frontload"],"picked":"Singing Bowl","floor":49}],"player_experience":324313,"relics_obtained":[{"floor":6.0,"key":"downfall:CloakOfManyFaces"},{"floor":34,"key":"Lantern"},{"floor":34,"key":"Meat on the Bone"},{"floor":34,"key":"Torii"},{"floor":38,"key":"FossilizedHelix"},{"floor":39,"key":"Letter Opener"},{"floor":40,"key":"Dead Branch"},{"floor":41,"key":"The Courier"}],"event_choices":[{"damage_healed":0.0,"max_hp_gain":0.0,"max_hp_loss":0.0,"gold_gain":0.0,"event_name":"Scrap Ooze","player_choice":"Success","floor":4.0,"gold_loss":0.0,"damage_taken":25.0,"relics_obtained":["Incense Burner"]},{"damage_healed":0.0,"max_hp_gain":0.0,"max_hp_loss":0.0,"gold_gain":0.0,"event_name":"Vampires","player_choice":"Became a vampire (Vial)","floor":20.0,"relics_lost":["Blood Vial"],"gold_loss":0.0,"damage_taken":0.0,"cards_obtained":["Bite","Bite","Bite","Bite","Bite"]},{"damage_healed":0,"gold_gain":0,"player_choice":"Fight","damage_taken":0,"max_hp_gain":0,"max_hp_loss":0,"event_name":"Mysterious Sphere","floor":38,"gold_loss":0}],"is_beta":false,"boss_relics":[{"not_picked":["Pandora\u0027s Box","Velvet Choker"],"picked":"Astrolabe"},{"not_picked":["Runic Dome","Runic Pyramid"],"picked":"Calling Bell"}],"items_purged_floors":[3,11,19,31,37,44,45],"is_endless":false,"potions_floor_spawned":[6,9,13,14,15,16,28,29,32,36,38,43,46,48],"killed_by":"IC_BLOCK_ARCHETYPE","ascension_level":0}}