{"host":"2yhbarjh4s9lrrzt","time":1611007407,"event":{"mods":["BaseMod","Better Third Choice","Minty Spire (QoL Compilation)","Replay The Spire","StSLib"],"gold_per_floor":[211,253,267,7,17,17,32,32,32,43,43,43],"floor_reached":11,"language":"ENG","playtime":718,"items_purged":[],"score":65,"play_id":"cd9ff849-7545-41e9-82b5-9a0cfdb88f9b","local_time":"20210118170327","is_ascension_mode":false,"campfire_choices":[{"floor":6,"key":"RECALL"}],"circlet_count":0,"master_deck":["Strike_P","Strike_P","Strike_P","Strike_P","Defend_P","Defend_P","Defend_P","Defend_P","Eruption","Vigilance","TalkToTheHand","ReplayTheSpireMod:Splinters","LikeWater","Wallop","WindmillStrike","MentalFortress","Perseverance","Crescendo","Feed","Vault"],"relics":["PureWater","Tiny Chest","Dream Catcher","Potion Belt"],"acts_visited":["Exordium"],"potions_floor_usage":[11,11,11,11],"damage_taken":[{"damage":2,"enemies":"2 Louse","floor":1,"turns":4},{"damage":0,"enemies":"Jaw Worm","floor":3,"turns":5},{"damage":10,"enemies":"Small Slimes","floor":5,"turns":5},{"damage":15,"enemies":"Red Slaver","floor":7,"turns":4},{"damage":4,"enemies":"Looter","floor":10,"turns":4},{"damage":43,"enemies":"3 Sentries","floor":11,"turns":11}],"seed_played":"3204945143995405315","potions_obtained":[{"floor":1,"key":"Death Potion"},{"floor":2,"key":"Adrenaline Potion"},{"floor":2,"key":"Reflective Coating"},{"floor":10,"key":"SkillPotion"}],"is_trial":false,"path_per_floor":["M","?","M","$","M","R","M","?","T","M","E"],"character_chosen":"WATCHER","items_purchased":["Dream Catcher","WindmillStrike","MentalFortress"],"campfire_rested":0,"item_purchase_floors":[4,4,4],"current_hp_per_floor":[70,70,70,70,60,60,45,43,43,42,0,0],"gold":43,"neow_bonus":"HUNDRED_GOLD","is_daily":false,"chose_seed":false,"campfire_upgraded":0,"win_rate":0.0,"timestamp":1611007407,"path_taken":["M","?","M","$","M","R","M","?","T","M","E"],"items_purchased_type":["Relic","Card","Card"],"build_version":"2020-12-22","purchased_purges":0,"victory":false,"max_hp_per_floor":[72,72,72,72,72,72,72,72,72,75,75,75],"card_choices":[{"not_picked":["Pray","Halt"],"picked":"TalkToTheHand","floor":1},{"not_picked":["EmptyMind","FlyingSleeves"],"picked":"LikeWater","floor":2},{"not_picked":["ThirdEye","Replay:AtTheReady"],"picked":"Wallop","floor":3},{"not_picked":["FlurryOfBlows","Wireheading"],"picked":"Perseverance","floor":5},{"not_picked":["Halt","CutThroughFate"],"picked":"Crescendo","floor":7},{"not_picked":["CutThroughFate","Consecrate"],"picked":"Vault","floor":10}],"player_experience":222480,"relics_obtained":[{"floor":2,"key":"Tiny Chest"},{"floor":9,"key":"Potion Belt"}],"event_choices":[{"damage_healed":0,"gold_gain":0,"player_choice":"Card ","damage_taken":2,"max_hp_gain":0,"max_hp_loss":0,"event_name":"betterThird:BetterScrap","floor":8,"gold_loss":0,"cards_obtained":["Feed"]}],"is_beta":false,"boss_relics":[],"items_purged_floors":[],"is_endless":false,"potions_floor_spawned":[1,5,10],"killed_by":"3 Sentries","ascension_level":0}}