{"host":"8c7ixdz8x9d2d2wv","time":1611009578,"event":{"mods":["AYAYA","BaseMod","Better Altar","Better Sensory Stone","Better-Laid Plans","BetterRewards","Colored Map","Colored Powertips","Curses Come First","Dark Map","Defuse TimeMaze Blight","Emptier Cage","Highlight Path","Minty Spire (QoL Compilation)","Quick Restart","Rare Cards Sparkle","Relic Sorter","Shop Mod","StSLib","Transform Curses","Uncapped"],"gold_per_floor":[118,130,146,157,0,0,100,100,100,100,115,115,115,115,115,235,235,255,255,11,36,51,51,63,63],"floor_reached":24,"language":"ENG","playtime":1143,"items_purged":["Strike_G","Defend_G"],"score":284,"play_id":"44d8a489-58b6-4c90-a958-0d7bc14d903e","local_time":"20210118233938","is_ascension_mode":false,"campfire_choices":[{"floor":6,"key":"DIG"},{"floor":8,"key":"DIG"},{"floor":10,"key":"DIG"},{"floor":15,"key":"DIG"},{"floor":23,"key":"DIG"}],"circlet_count":0,"master_deck":["Strike_G","Strike_G","Strike_G","Strike_G","Defend_G","Defend_G","Defend_G","Defend_G","Survivor","Neutralize","Sadistic Nature","Deflect","Deflect","Catalyst","Dodge and Roll"],"relics":["Ring of the Snake","Juzu Bracelet","MerchantsRug","Thread and Needle","Shovel","Boot","The Specimen","StoneCalendar","Letter Opener","Golden Idol","Shuriken","MawBank"],"acts_visited":["Exordium","TheCity"],"potions_floor_usage":[11],"damage_taken":[{"damage":0,"enemies":"Cultist","floor":1,"turns":4},{"damage":0,"enemies":"2 Louse","floor":2,"turns":3},{"damage":0,"enemies":"Small Slimes","floor":3,"turns":5},{"damage":0,"enemies":"3 Louse","floor":4,"turns":5},{"damage":0,"enemies":"Large Slime","floor":11,"turns":7},{"damage":16,"enemies":"The Guardian","floor":16,"turns":14},{"damage":23,"enemies":"Chosen","floor":18,"turns":7},{"damage":13,"enemies":"3 Byrds","floor":21,"turns":7},{"damage":49,"enemies":"Gremlin Leader","floor":24,"turns":6}],"seed_played":"-7238129416659555315","potions_obtained":[{"floor":1,"key":"PowerPotion"}],"is_trial":false,"path_per_floor":["M","M","M","M","$","R","?","R","T","R","M","T","?","?","R","B",null,"M","?","$","M","$","R","E"],"character_chosen":"THE_SILENT","items_purchased":["MerchantsRug","Thread and Needle","Lee\u0027s Waffle","Sadistic Nature","Juzu Bracelet","Orrery","Catalyst","Dodge and Roll"],"campfire_rested":0,"item_purchase_floors":[0,0,0,0,5,20,20,20],"current_hp_per_floor":[77,77,77,77,77,77,77,77,77,77,77,77,58,58,58,42,77,54,54,54,41,41,41,0,0],"gold":63,"neow_bonus":"","is_daily":false,"chose_seed":false,"campfire_upgraded":0,"win_rate":0.0,"timestamp":1611009578,"path_taken":["M","M","?","M","$","R","?","R","T","R","M","?","?","?","R","BOSS","M","?","$","M","$","R","E"],"items_purchased_type":["Relic","Relic","Relic","Card","Relic","Relic","Card","Card"],"build_version":"2020-12-22","purchased_purges":2,"victory":false,"max_hp_per_floor":[77,77,77,77,77,77,77,77,77,77,77,77,77,77,77,77,77,77,77,77,77,77,77,77,77],"card_choices":[{"not_picked":["Riddle With Holes","Quick Slash"],"picked":"Deflect","floor":1},{"not_picked":["Prepared","Choke"],"picked":"Deflect","floor":2},{"not_picked":["PiercingWail","Deadly Poison","Sucker Punch"],"picked":"SKIP","floor":3},{"not_picked":["Choke","Deadly Poison","Flying Knee"],"picked":"SKIP","floor":4},{"not_picked":["Poisoned Stab","Outmaneuver","Dagger Spray"],"picked":"SKIP","floor":11},{"not_picked":["Flying Knee","Choke+1","Deflect"],"picked":"SKIP","floor":18},{"not_picked":["Escape Plan","Flying Knee","Underhanded Strike"],"picked":"SKIP","floor":21}],"player_experience":651801,"relics_obtained":[{"floor":6,"key":"Boot"},{"floor":8,"key":"Art of War"},{"floor":9,"key":"The Specimen"},{"floor":10,"key":"StoneCalendar"},{"floor":12,"key":"Letter Opener"},{"floor":15,"key":"Shuriken"},{"floor":23,"key":"MawBank"}],"event_choices":[{"damage_healed":0,"gold_gain":100,"player_choice":"Pray","damage_taken":0,"max_hp_gain":0,"max_hp_loss":0,"event_name":"Golden Shrine","floor":7,"gold_loss":0},{"damage_healed":0,"gold_gain":0,"player_choice":"Take Damage","damage_taken":19,"relics_obtained":["Golden Idol"],"max_hp_gain":0,"max_hp_loss":0,"event_name":"Golden Idol","floor":13,"gold_loss":0},{"damage_healed":0,"gold_gain":0,"player_choice":"Ignored","damage_taken":0,"max_hp_gain":0,"max_hp_loss":0,"event_name":"Liars Game","floor":14,"gold_loss":0},{"damage_healed":0,"gold_gain":0,"player_choice":"Ignored","damage_taken":0,"max_hp_gain":0,"max_hp_loss":0,"event_name":"Ghosts","floor":19,"gold_loss":0}],"is_beta":false,"boss_relics":[{"not_picked":["Runic Dome","Calling Bell","Ectoplasm"]}],"items_purged_floors":[0,22],"is_endless":false,"potions_floor_spawned":[1],"killed_by":"Gremlin Leader","ascension_level":0}}