{"host":"qrbkigq52dd42dk0","time":1611009839,"event":{"mods":["AchievementEnabler","BaseMod","Colored Map","Colored Powertips","Minty Spire (QoL Compilation)","Quick Restart","StSLib","SuperFastMode","The IronCluck"],"gold_per_floor":[111,111,111,111,36,36,56,82,82,98,123,133,308,320,320,320,320],"floor_reached":16,"language":"ENG","playtime":309,"items_purged":["Strike_R"],"score":223,"play_id":"1124bc4e-0f53-4941-bfad-787a074a817e","local_time":"20210118234359","is_ascension_mode":true,"campfire_choices":[{"data":"Bash","floor":6,"key":"SMITH"},{"floor":15,"key":"REST"}],"circlet_count":0,"master_deck":["AscendersBane","Strike_R","Strike_R+1","Strike_R","Defend_R","Defend_R","Defend_R","Defend_R","Bash+1","Shrug It Off","Body Slam+1","Uppercut","Doubt","Rage"],"relics":["Burning Blood","NeowsBlessing","Prayer Wheel","Strawberry","Ginger","Whetstone"],"acts_visited":["Exordium"],"potions_floor_usage":[14],"damage_taken":[{"damage":0,"enemies":"2 Louse","floor":1,"turns":1},{"damage":0,"enemies":"Jaw Worm","floor":7,"turns":1},{"damage":0,"enemies":"3 Sentries","floor":8,"turns":2},{"damage":1,"enemies":"Small Slimes","floor":10,"turns":4},{"damage":65,"enemies":"Lagavulin","floor":11,"turns":8},{"damage":4,"enemies":"Looter","floor":12,"turns":3},{"damage":4,"enemies":"Red Slaver","floor":14,"turns":4},{"damage":52,"enemies":"Hexaghost","floor":16,"turns":9}],"seed_played":"6443298307148208641","potions_obtained":[{"floor":1,"key":"DuplicationPotion"},{"floor":10,"key":"GamblersBrew"}],"is_trial":false,"path_per_floor":["M","?","$","?","$","R","M","E","T","M","E","M","?","M","R","B"],"character_chosen":"IRONCLAD","items_purchased":[],"campfire_rested":1,"item_purchase_floors":[],"current_hp_per_floor":[78,78,78,53,53,53,59,72,72,77,18,20,20,22,48,0,0],"gold":320,"neow_bonus":"THREE_ENEMY_KILL","is_daily":false,"chose_seed":false,"campfire_upgraded":1,"win_rate":0.0,"timestamp":1611009839,"path_taken":["M","?","$","?","$","R","M","E","T","M","E","?","?","M","R","BOSS"],"items_purchased_type":[],"build_version":"2020-12-22","purchased_purges":1,"victory":false,"max_hp_per_floor":[80,80,80,80,80,80,80,87,87,87,87,87,87,87,87,87,87],"card_choices":[{"not_picked":["Metallicize","Warcry","Havoc"],"picked":"SKIP","floor":1},{"not_picked":["Flex","True Grit"],"picked":"Shrug It Off","floor":7},{"not_picked":["Headbutt","Perfected Strike","Heavy Blade"],"picked":"SKIP","floor":7},{"not_picked":["Evolve","Heavy Blade","Anger"],"picked":"SKIP","floor":8},{"not_picked":["Twin Strike","Heavy Blade"],"picked":"Body Slam","floor":10},{"not_picked":["Disarm","Wild Strike","Thunderclap"],"picked":"SKIP","floor":10},{"not_picked":["Offering","Shockwave","Thunderclap"],"picked":"SKIP","floor":11},{"not_picked":["Infernal Blade","Clash"],"picked":"Uppercut","floor":12},{"not_picked":["Warcry","Anger","Feel No Pain"],"picked":"SKIP","floor":12},{"not_picked":["Fire Breathing","Twin Strike"],"picked":"Rage","floor":14},{"not_picked":["Sentinel","Havoc","Pommel Strike"],"picked":"SKIP","floor":14}],"player_experience":194289,"relics_obtained":[{"floor":8,"key":"Strawberry"},{"floor":9,"key":"Ginger"},{"floor":11,"key":"Whetstone"}],"event_choices":[{"cards_removed":["Strike_R"],"damage_healed":0,"gold_gain":0,"player_choice":"Forget","damage_taken":0,"max_hp_gain":0,"max_hp_loss":0,"event_name":"Living Wall","floor":2,"gold_loss":0},{"damage_healed":0,"gold_gain":0,"player_choice":"Success","damage_taken":25,"relics_obtained":["Prayer Wheel"],"max_hp_gain":0,"max_hp_loss":0,"event_name":"Scrap Ooze","floor":4,"gold_loss":0},{"damage_healed":0,"gold_gain":175,"player_choice":"AGREE","damage_taken":0,"max_hp_gain":0,"max_hp_loss":0,"event_name":"Liars Game","floor":13,"gold_loss":0,"cards_obtained":["Doubt"]}],"is_beta":false,"boss_relics":[],"items_purged_floors":[5],"is_endless":false,"potions_floor_spawned":[1,10],"killed_by":"Hexaghost","ascension_level":13}}