{"host":"f5mjulaw5aqlqmd7","time":1611007338,"event":{"mods":["Act Like it!","BaseMod","Colored Map","GifTheSpireLib","Hallownest","Minty Spire (QoL Compilation)","StSLib"],"gold_per_floor":[113,113,38,56,9,9,44,44,44,69,69,90,109,41,41,41,41],"floor_reached":16,"language":"ENG","playtime":971,"items_purged":["Injury"],"score":100,"play_id":"e345c204-e26a-456d-9b26-1d760f73a515","local_time":"20210118170218","is_ascension_mode":false,"campfire_choices":[{"data":"Dagger Spray","floor":6,"key":"SMITH"},{"floor":8,"key":"REST"},{"data":"Deadly Poison","floor":15,"key":"SMITH"}],"circlet_count":0,"master_deck":["Strike_G","Strike_G","Strike_G","Strike_G","Defend_G","Defend_G","Defend_G","Defend_G","Defend_G","Survivor","Neutralize","Flying Knee","Quick Slash","Dagger Spray+1","Outmaneuver","Deflect","Deadly Poison+1","Outmaneuver","Die Die Die"],"relics":["Ring of the Snake","Happy Flower","Golden Idol","Potion Belt","Tough Bandages"],"acts_visited":["Exordium"],"potions_floor_usage":[],"damage_taken":[{"damage":2,"enemies":"Jaw Worm","floor":1,"turns":5},{"damage":0,"enemies":"Small Slimes","floor":4,"turns":3},{"damage":31,"enemies":"3 Sentries","floor":7,"turns":6},{"damage":6,"enemies":"Cultist","floor":10,"turns":3},{"damage":0,"enemies":"Exordium Wildlife","floor":12,"turns":2},{"damage":0,"enemies":"Gremlin Gang","floor":13,"turns":2},{"damage":45,"enemies":"Hexaghost","floor":16,"turns":11}],"seed_played":"2485446655436719480","potions_obtained":[{"floor":1,"key":"PowerPotion"},{"floor":4,"key":"Regen Potion"},{"floor":7,"key":"GamblersBrew"}],"is_trial":false,"path_per_floor":["M","?","$","M","$","R","E","R","T","M","?","M","M","$","R","B"],"character_chosen":"THE_SILENT","items_purchased":["Dagger Spray","Die Die Die"],"campfire_rested":1,"item_purchase_floors":[5,14],"current_hp_per_floor":[68,68,68,68,68,68,37,58,58,52,45,45,45,45,45,0,0],"gold":41,"neow_bonus":"RANDOM_COMMON_RELIC","is_daily":false,"chose_seed":false,"campfire_upgraded":2,"win_rate":0.0,"timestamp":1611007338,"path_taken":["M","?","$","M","$","R","E","R","T","M","?","M","M","?","R","BOSS"],"items_purchased_type":["Card","Card"],"build_version":"2020-12-22","purchased_purges":1,"victory":false,"max_hp_per_floor":[70,70,70,70,70,70,70,70,70,70,70,70,70,70,70,70,70],"card_choices":[{"not_picked":["Dash","Predator"],"picked":"Flying Knee","floor":1},{"not_picked":["Heel Hook","Flechettes"],"picked":"Quick Slash","floor":4},{"not_picked":["Bane","Acrobatics"],"picked":"Outmaneuver","floor":7},{"not_picked":["Dagger Spray","Dagger Throw"],"picked":"Deflect","floor":10},{"not_picked":["Outmaneuver","Dagger Spray"],"picked":"Deadly Poison","floor":12},{"not_picked":["Masterful Stab","Expertise"],"picked":"Outmaneuver","floor":13}],"player_experience":17356,"relics_obtained":[{"floor":7,"key":"Potion Belt"},{"floor":9,"key":"Tough Bandages"}],"event_choices":[{"damage_healed":0,"gold_gain":0,"player_choice":"Take Wound","damage_taken":0,"relics_obtained":["Golden Idol"],"max_hp_gain":0,"max_hp_loss":0,"event_name":"Golden Idol","floor":2,"gold_loss":0,"cards_obtained":["Injury"]},{"cards_removed":["Strike_G"],"damage_healed":0,"gold_gain":0,"player_choice":"Card Removal","damage_taken":7,"max_hp_gain":0,"max_hp_loss":0,"event_name":"Golden Wing","floor":11,"gold_loss":0}],"is_beta":false,"boss_relics":[],"items_purged_floors":[3],"is_endless":false,"potions_floor_spawned":[1,4,7],"killed_by":"Hexaghost","ascension_level":0}}