{"host":"pno9h1fupbyz205f","time":1611005326,"event":{"mods":["Aspiration","BaseMod","Better Altar","Better Match","Better Note","Better Sensory Stone","Better Skull","Better Third Choice","Colored Map","Colored Powertips","Hermit","Highlight Path","Hubris","Infinite Spire","Jedi Mod","Mad Scientist","Marisa????????","Minty Spire (QoL Compilation)","Permanent Neow","Potionbrewer","Prisma Mod","Replay The Spire","Robot Space Explorer","Shop Mod","Spicy Shops","StSLib","Td1madao Mod","The Blackbeard","The Gatherer","The Hierophant","The Marked","The Poker Player","The Runesmith","The Servant 0.9.4","The Spell Scribe","The Vixen","thorton","vexMod"],"gold_per_floor":[360,377,39,57,71,88,88,119,119,134,134,134,134],"floor_reached":12,"language":"ENG","playtime":496,"items_purged":["infinitespire:Pacifist"],"score":82,"play_id":"bbda79ef-3502-4371-9c50-e10b3d46a6ce","local_time":"20210118132846","is_ascension_mode":false,"campfire_choices":[{"data":"hermit:Determination","floor":7,"key":"SMITH"}],"circlet_count":0,"master_deck":["hermit:Strike_Hermit","hermit:Strike_Hermit","hermit:Strike_Hermit","hermit:Strike_Hermit","hermit:Defend_Hermit","hermit:Defend_Hermit","hermit:Defend_Hermit","hermit:Snapshot","hermit:Covet","hermit:Dive","hermit:CursedWeapon","hermit:Determination+1","hermit:Shortfuse","hermit:Vantage"],"relics":["hermit:Momento","Blue Doll","aspiration:Nostalgia","PokerPlayerMod:DeckCase","Centennial Puzzle","Runesmith:AutoHammer"],"acts_visited":["Exordium"],"potions_floor_usage":[1,8,12],"damage_taken":[{"damage":13,"enemies":"Jaw Worm","floor":1,"turns":3},{"damage":0,"enemies":"Cultist","floor":2,"turns":3},{"damage":2,"enemies":"2 Louse","floor":4,"turns":2},{"damage":5,"enemies":"Looter","floor":5,"turns":3},{"damage":10,"enemies":"Blue Slaver","floor":6,"turns":5},{"damage":26,"enemies":"3 Sentries","floor":8,"turns":9},{"damage":18,"enemies":"Exordium Wildlife","floor":10,"turns":5},{"damage":7,"enemies":"Lagavulin","floor":12,"turns":2}],"seed_played":"6093028025194729536","potions_obtained":[{"floor":1,"key":"Fruit Juice"},{"floor":6,"key":"potionbrewer:DiscountPotion"},{"floor":8,"key":"SteroidPotion"}],"is_trial":false,"path_per_floor":["M","M","$","M","M","M","R","E","T","M","?","E"],"character_chosen":"HERMIT","items_purchased":["hermit:Dive","Blue Doll","aspiration:Nostalgia"],"campfire_rested":0,"item_purchase_floors":[3,3,3],"current_hp_per_floor":[67,67,67,65,60,50,50,24,24,6,6,0,0],"gold":134,"neow_bonus":"TWO_FIFTY_GOLD","is_daily":false,"chose_seed":false,"campfire_upgraded":1,"win_rate":0.0,"timestamp":1611005326,"path_taken":["M","M","$","M","M","M","R","E","T","M","?","E"],"items_purchased_type":["Card","Relic","Relic"],"build_version":"2020-12-22","purchased_purges":1,"victory":false,"max_hp_per_floor":[80,80,80,80,80,80,80,80,80,80,80,80,80],"card_choices":[{"not_picked":["hermit:SprayPray","hermit:Desperado","hermit:LowProfile"],"picked":"SKIP","floor":1},{"not_picked":["hermit:LuckOfTheDraw","hermit:Spite","hermit:ItchyTrigger"],"picked":"SKIP","floor":2},{"not_picked":["hermit:Ricochet","hermit:TrackingShot","hermit:Combo"],"picked":"SKIP","floor":4},{"not_picked":["hermit:ItchyTrigger","hermit:BodyArmor"],"picked":"hermit:CursedWeapon","floor":5},{"not_picked":["hermit:Manifest","hermit:Midnight"],"picked":"hermit:Determination","floor":6},{"not_picked":["hermit:TrackingShot","hermit:Midnight"],"picked":"hermit:Shortfuse","floor":8},{"not_picked":["hermit:HoleUp","hermit:Feint"],"picked":"hermit:Vantage","floor":10}],"player_experience":201260,"relics_obtained":[{"floor":8,"key":"Centennial Puzzle"},{"floor":9,"key":"Runesmith:AutoHammer"}],"event_choices":[{"cards_removed":["hermit:Defend_Hermit"],"damage_healed":0,"gold_gain":0,"player_choice":"Offered Basic","damage_taken":0,"max_hp_gain":0,"max_hp_loss":0,"event_name":"Bonfire Elementals","floor":11,"gold_loss":0}],"is_beta":false,"boss_relics":[],"items_purged_floors":[3],"is_endless":false,"potions_floor_spawned":[1,6,8],"killed_by":"Lagavulin","ascension_level":0}}