{"host":"q9718omregw4er46","time":1611003221,"event":{"mods":["BaseMod","Bestiary","Colored Powertips","Minty Spire (QoL Compilation)","Quick Restart","Relic Stats"],"gold_per_floor":[365,379,379,398,2,36,36,65,65,96,109,109,127,158,158,235,235,245,255,255,15,15,15],"floor_reached":22,"language":"ENG","playtime":954,"items_purged":["Strike_B","Writhe"],"score":428,"play_id":"34e68e3f-2029-430c-a891-223f7368819f","local_time":"20210119015341","is_ascension_mode":true,"campfire_choices":[{"data":"Seek","floor":7.0,"key":"SMITH"},{"floor":12.0,"key":"REST"},{"data":"Capacitor","floor":15.0,"key":"SMITH"}],"circlet_count":0,"master_deck":["AscendersBane","Strike_B","Strike_B","Strike_B","Defend_B","Defend_B","Defend_B","Defend_B","Zap","Dualcast","Cold Snap","FTL","Core Surge","Seek+1","Ball Lightning","Self Repair","Loop","Compile Driver","Chill+1","Capacitor+1","Amplify+1","White Noise+1","Hologram+1"],"relics":["Cracked Core","Orrery","Potion Belt","Nunchaku","Kunai","Toxic Egg 2","Oddly Smooth Stone","Mercury Hourglass","Inserter","Tiny Chest","Membership Card"],"acts_visited":["Exordium","TheCity"],"potions_floor_usage":[],"damage_taken":[{"damage":0.0,"enemies":"Small Slimes","floor":1.0,"turns":3.0},{"damage":0.0,"enemies":"2 Louse","floor":2.0,"turns":2.0},{"damage":0.0,"enemies":"Cultist","floor":4.0,"turns":3.0},{"damage":20.0,"enemies":"Gremlin Nob","floor":6.0,"turns":4.0},{"damage":30.0,"enemies":"Lagavulin","floor":8.0,"turns":7.0},{"damage":10.0,"enemies":"3 Sentries","floor":10.0,"turns":7.0},{"damage":7.0,"enemies":"2 Fungi Beasts","floor":11.0,"turns":3.0},{"damage":4.0,"enemies":"Exordium Thugs","floor":13.0,"turns":4.0},{"damage":1.0,"enemies":"Gremlin Nob","floor":14.0,"turns":3.0},{"damage":28.0,"enemies":"The Guardian","floor":16.0,"turns":12.0},{"damage":29,"enemies":"2 Thieves","floor":18,"turns":5},{"damage":12,"enemies":"Chosen","floor":19,"turns":5},{"damage":29,"enemies":"Centurion and Healer","floor":22,"turns":12}],"seed_played":"-8523227671760507944","potions_obtained":[{"floor":1.0,"key":"Swift Potion"},{"floor":6.0,"key":"Strength Potion"},{"floor":8.0,"key":"Swift Potion"},{"floor":11.0,"key":"PowerPotion"},{"floor":13.0,"key":"DistilledChaos"},{"floor":18,"key":"Strength Potion"}],"is_trial":false,"path_per_floor":["M","M","?","M","$","E","R","E","T","E","M","R","M","E","R","B",null,"M","M","?","$","M"],"character_chosen":"DEFECT","items_purchased":["Orrery","Potion Belt","Membership Card","Fire Potion"],"campfire_rested":1,"item_purchase_floors":[5,5,21,21],"current_hp_per_floor":[64,64,69,69,69,56,56,33,33,30,23,43,39,45,45,24,58,36,24,24,24,0,0],"gold":15,"neow_bonus":"TWO_FIFTY_GOLD","is_daily":false,"chose_seed":false,"campfire_upgraded":2,"win_rate":0.0,"timestamp":1611003221,"path_taken":["M","M","?","M","$","E","R","E","T","E","M","R","M","E","R","BOSS","M","M","?","$","M"],"items_purchased_type":["Relic","Relic","Relic","Potion"],"build_version":"2020-12-22","purchased_purges":2,"victory":false,"max_hp_per_floor":[64,64,69,69,69,69,69,69,69,69,69,69,69,69,69,69,69,69,69,69,69,69,69],"relic_stats":{"Nunchaku":[10],"Inserter":[9],"counters":[13,69],"Tiny Chest":0,"Kunai":[17],"obtain_stats":[{"Potion Belt":5,"Nunchaku":6,"Inserter":17,"Orrery":5,"Oddly Smooth Stone":10,"Tiny Chest":20,"Kunai":8,"Membership Card":21,"Toxic Egg 2":9,"Cracked Core":0,"Mercury Hourglass":14},{"Potion Belt":3,"Nunchaku":4,"Inserter":10,"Orrery":3,"Oddly Smooth Stone":6,"Tiny Chest":12,"Kunai":5,"Membership Card":12,"Toxic Egg 2":5,"Cracked Core":0,"Mercury Hourglass":9},{"Potion Belt":8,"Nunchaku":12,"Inserter":48,"Orrery":8,"Oddly Smooth Stone":26,"Tiny Chest":57,"Kunai":19,"Membership Card":57,"Toxic Egg 2":19,"Cracked Core":0,"Mercury Hourglass":36}],"Mercury Hourglass":[118]},"card_choices":[{"not_picked":["Rip and Tear","Compile Driver"],"picked":"Cold Snap","floor":1.0},{"not_picked":["Stack","Steam"],"picked":"FTL","floor":2.0},{"not_picked":["Stack","Steam Power"],"picked":"Core Surge","floor":4.0},{"not_picked":["Leap","Turbo"],"picked":"Seek","floor":5.0},{"not_picked":["Rip and Tear","Coolheaded"],"picked":"Ball Lightning","floor":5.0},{"not_picked":["Hyperbeam","Rip and Tear"],"picked":"Self Repair","floor":5.0},{"not_picked":["Ball Lightning","Go for the Eyes"],"picked":"Loop","floor":5.0},{"not_picked":["Stack","Amplify"],"picked":"Compile Driver","floor":6.0},{"not_picked":["Compile Driver","Sweeping Beam","Hologram"],"picked":"SKIP","floor":8.0},{"not_picked":["Cold Snap","Streamline","Turbo+1"],"picked":"SKIP","floor":10.0},{"not_picked":["Conserve Battery+1","All For One"],"picked":"Chill+1","floor":11.0},{"not_picked":["Stack+1","Compile Driver","Heatsinks"],"picked":"SKIP","floor":13.0},{"not_picked":["Streamline","Redo+1"],"picked":"Capacitor","floor":14.0},{"not_picked":["Fission+1","Buffer"],"picked":"Amplify+1","floor":16.0},{"not_picked":["Hologram+1","Force Field+1"],"picked":"White Noise+1","floor":18},{"not_picked":["Steam+1","Scrape"],"picked":"Hologram+1","floor":19}],"player_experience":1229906,"relics_obtained":[{"floor":6.0,"key":"Nunchaku"},{"floor":8.0,"key":"Kunai"},{"floor":9.0,"key":"Toxic Egg 2"},{"floor":10.0,"key":"Oddly Smooth Stone"},{"floor":14.0,"key":"Mercury Hourglass"}],"event_choices":[{"damage_healed":0.0,"max_hp_gain":5.0,"max_hp_loss":0.0,"gold_gain":0.0,"event_name":"Big Fish","player_choice":"Donut","floor":3.0,"gold_loss":0.0,"damage_taken":0.0},{"damage_healed":0,"gold_gain":0,"player_choice":"Opened","damage_taken":0,"relics_obtained":["Tiny Chest"],"max_hp_gain":0,"max_hp_loss":0,"event_name":"The Mausoleum","floor":20,"gold_loss":0,"cards_obtained":["Writhe"]}],"is_beta":false,"boss_relics":[{"not_picked":["Sozu","Ectoplasm"],"picked":"Inserter"}],"items_purged_floors":[5,21],"is_endless":false,"potions_floor_spawned":[1,6,8,11,13,18],"killed_by":"Centurion and Healer","ascension_level":20}}