{"host":"pno9h1fupbyz205f","time":1611000927,"event":{"mods":["Aspiration","BaseMod","Better Altar","Better Match","Better Note","Better Sensory Stone","Better Skull","Better Third Choice","Colored Map","Colored Powertips","Hermit","Highlight Path","Hubris","Infinite Spire","Jedi Mod","Mad Scientist","Marisa????????","Minty Spire (QoL Compilation)","Permanent Neow","Potionbrewer","Prisma Mod","Replay The Spire","Robot Space Explorer","Shop Mod","Spicy Shops","StSLib","Td1madao Mod","The Blackbeard","The Gatherer","The Hierophant","The Marked","The Poker Player","The Runesmith","The Servant 0.9.4","The Spell Scribe","The Vixen","thorton","vexMod"],"gold_per_floor":[112,112,123,123,123,123,123,144,169,80,80,105,105,140,140,260,260,283,69,69,69,69,69,69,110,110,46,46,46,46,86,86,232,232,253,47,131,131,92,92,92,138,138,138,471,446,446,471,471,640,640,751,820,231,231,279,279,279,279,302,323,323,29,53,53,53,128,128,121,121,121,121,121,121,121,147,158,158,158,177,177,177],"floor_reached":82,"language":"ENG","playtime":3321,"items_purged":["theScribe:ArcaneBarrier","theScribe:RecklessResponse","theScribe:Divination"],"score":1392,"play_id":"51a72a79-5d9a-4cf8-a5e8-8a704a5c7b69","local_time":"20210118121527","daily_mods":["Draft","Heirloom","Time Dilation","Flight"],"is_ascension_mode":false,"campfire_choices":[{"data":"theScribe:CapacitanceScroll","floor":6,"key":"SMITH"},{"data":"theScribe:Clarity","floor":7,"key":"SMITH"},{"data":"theScribe:WeirdBlast","floor":11,"key":"SMITH"},{"data":"theScribe:WeirdBlast","floor":15,"key":"SMITH"},{"data":"ReplayTheSpireMod:Faulty Equipment","floor":23,"key":"SMITH"},{"data":"theScribe:StaticCage","floor":24,"key":"SMITH"},{"floor":32,"key":"REST"},{"data":"theScribe:FalseLife","floor":40,"key":"SMITH"},{"data":"theScribe:Insight","floor":41,"key":"SMITH"},{"data":"theScribe:FlowLikeWater","floor":44,"key":"SMITH"},{"data":"Pot Of Greed","floor":57,"key":"SMITH"},{"data":"Pot Of Greed","floor":58,"key":"SMITH"},{"data":"Secret Weapon","floor":59,"key":"SMITH"},{"data":"theScribe:Thunder","floor":62,"key":"SMITH"},{"data":"theScribe:RecurringRime","floor":66,"key":"SMITH"},{"data":"theScribe:ForkedBolt","floor":74,"key":"SMITH"},{"data":"theScribe:AmplifyingSpellstone","floor":76,"key":"SMITH"}],"circlet_count":0,"master_deck":["theScribe:FocusingBlow","theScribe:MirrorImage","theScribe:MirrorImage","theScribe:CapacitanceScroll+1","theScribe:FlowLikeWater+1","theScribe:Thunder+1","theScribe:QuickStudy+1","theScribe:Insight+1","theScribe:Clarity+1","theScribe:SanguineSurge+1","theScribe:FocusingBlow","theScribe:FrostvenomToxin","theScribe:Thunder+1","theScribe:AmplifyingSpellstone+1","theScribe:ScrollOfChaining+1","CurseOfTheBell","theScribe:AmplifyingSpellstone+1","theScribe:StaticCage+1","hubris:DuctTapeCard","theScribe:SacrificeRitual+1","hubris:DuctTapeCard","theScribe:Overexert+1","theScribe:Insight+1","theScribe:LiquidumScroll+1","theScribe:FalseLife+1","theScribe:RecurringRime+1","theScribe:Escalation","Pot Of Greed+1","Pot Of Greed+1","Pot Of Greed+1","Secret Weapon+1","theScribe:Thunder+1","theScribe:BlankScroll","theScribe:BlankScroll","theScribe:ForkedBolt+1","Insight","hubris:DuctTapeCard"],"relics":["Ring of the Snake","jedi:purplefairy","Blue Doll","infinitespire:Cubic Diamond","Juzu Bracelet","Replay:Bandana","Ornamental Fan","Du-Vu Doll","Lantern","hubris:DuctTape","vexMod:ConsolationPrize","aspiration:DSix","Sozu","ChewingGum","BargainBundle","Happy Flower","Tiny Chest","Molten Egg 2","hubris:Icosahedron","Replay:Drink Me","Matryoshka","MerchantsRug","Grinning Jar","theScribe:StormScale","ClockworkSouvenir","hubris:Teleporter","Centennial Puzzle","Potion Belt","Omamori","Runesmith:AutoHammer","aspiration:VileToxins","aspiration:HiddenCompartment","ReplayTheSpireMod:Shallot","Philosopher\u0027s Stone","aspiration:RitualStick","MutagenicStrength","Replay:Ringing Soul","ReplayFunnel","aspiration:HatOfInfinitePower","Lizard Tail","Bag of Marbles"],"acts_visited":["Exordium","TheCity","TheBeyond","Exordium","TheCity"],"potions_floor_usage":[14,25,27],"damage_taken":[{"damage":0,"enemies":"Small Slimes","floor":1,"turns":2},{"damage":1,"enemies":"Cultist","floor":3,"turns":3},{"damage":0,"enemies":"Jaw Worm","floor":8,"turns":2},{"damage":11,"enemies":"3 Louse","floor":12,"turns":3},{"damage":0,"enemies":"Replay:BlueRogue","floor":14,"turns":1},{"damage":43,"enemies":"Slime Boss","floor":16,"turns":9},{"damage":3,"enemies":"Shell Parasite","floor":18,"turns":3},{"damage":33,"enemies":"Nightmare","floor":25,"turns":7},{"damage":15,"enemies":"Spheric Guardian","floor":27,"turns":4},{"damage":9,"enemies":"Snake Plant","floor":31,"turns":3},{"damage":13,"enemies":"Collector","floor":33,"turns":5},{"damage":0,"enemies":"Orb Walker","floor":35,"turns":1},{"damage":5,"enemies":"Giant Head","floor":42,"turns":6},{"damage":0,"enemies":"3 Shapes","floor":48,"turns":1},{"damage":56,"enemies":"Donu and Deca","floor":50,"turns":9},{"damage":0,"enemies":"Jaw Worm","floor":52,"turns":1},{"damage":0,"enemies":"3 Sentries","floor":56,"turns":2},{"damage":0,"enemies":"Lagavulin","floor":61,"turns":1},{"damage":0,"enemies":"The Guardian","floor":67,"turns":2},{"damage":0,"enemies":"2 Thieves","floor":69,"turns":2},{"damage":0,"enemies":"Book of Stabbing","floor":78,"turns":2},{"damage":0,"enemies":"Nightmare","floor":81,"turns":2},{"damage":0,"enemies":"Shell Parasite","floor":82,"turns":1}],"seed_played":"-5304337868179980131","potions_obtained":[{"floor":1,"key":"Energy Potion"},{"floor":3,"key":"potionbrewer:QuicksilverPotion"},{"floor":18,"key":"Elixir"},{"floor":25,"key":"EssenceOfSteel"}],"is_trial":true,"path_per_floor":["M","?","M","?","?","R","R","M","T","$","R","M","?","E","R","B",null,"M","$","?","?","?","R","R","NM","T","M","?","?","AVR","M","R_BF","B",null,"M","$","?","?","$","R","R","E","T","R","?","?","?","M","R_BF","B",null,"M","T","$","?","?","R","R","R","T","E","R","$","T","T","R","B",null,"M","?","?","?","R","T","R","T","E","?","AVR","NM","M"],"character_chosen":"THE_SCRIBE","items_purchased":["theScribe:FrostvenomToxin","Lantern","theScribe:StaticCage","BargainBundle","theScribe:LiquidumScroll+1","theScribe:FalseLife","MerchantsRug","Grinning Jar","theScribe:StormScale","ClockworkSouvenir","Secret Weapon","Runesmith:AutoHammer","theScribe:BlankScroll"],"campfire_rested":1,"item_purchase_floors":[10,19,19,36,36,39,54,54,54,54,54,63,63],"current_hp_per_floor":[75,75,74,56,56,61,66,66,66,66,71,60,60,60,65,22,75,72,72,72,72,72,80,80,47,47,32,32,40,40,31,55,42,80,80,80,60,60,60,65,70,65,65,70,70,70,70,70,80,24,60,60,60,60,48,48,58,60,60,60,60,60,60,60,60,60,60,60,60,60,48,48,49,49,59,59,60,63,63,63,63,63],"gold":177,"neow_bonus":"","is_daily":false,"chose_seed":false,"campfire_upgraded":16,"win_rate":0.0,"timestamp":1611000927,"path_taken":["M","?","?","?","?","R","R","M","T","$","R","?","?","E","R","BOSS","M","$","?","?","?","R","R","NM","T","M","?","?","AVR","M","R_BF","BOSS","M","$","?","?","?","R","R","E","T","R","?","?","?","M","R_BF","BOSS","M","?","$","?","?","R","R","R","T","E","R","$","?","?","R","BOSS","M","?","?","?","R","?","R","T","E","?","AVR","NM","M"],"items_purchased_type":["Card","Relic","Card","Relic","Card","Card","Relic","Relic","Relic","Relic","Card","Relic","Card"],"build_version":"2020-12-22","purchased_purges":3,"victory":false,"max_hp_per_floor":[75,75,75,75,75,75,75,75,75,75,75,75,75,75,75,75,75,75,75,75,75,75,80,80,80,80,80,80,80,80,80,80,80,80,80,80,80,80,80,80,80,80,80,80,80,80,80,80,80,80,60,60,60,60,60,60,60,60,60,60,60,60,60,60,60,60,60,60,60,60,60,60,60,60,60,60,60,63,63,63,63,63],"card_choices":[{"not_picked":["theScribe:LightningBolt","theScribe:BarrierOfLight"],"picked":"theScribe:WeirdBlast","floor":0},{"not_picked":["theScribe:PiercingBolts","theScribe:ScindoSpellstone"],"picked":"theScribe:GlaciesSpellstone","floor":0},{"not_picked":["theScribe:ThrownScroll","theScribe:ArcaneArcing"],"picked":"theScribe:FocusingBlow","floor":0},{"not_picked":["theScribe:RecklessResponse","theScribe:StaticCage"],"picked":"theScribe:MirrorImage","floor":0},{"not_picked":["theScribe:GatherComponents","theScribe:ToxicSpellstone"],"picked":"theScribe:MirrorImage","floor":0},{"not_picked":["theScribe:ToxicSpellstone","theScribe:Incendio"],"picked":"theScribe:WeirdBlast","floor":0},{"not_picked":["theScribe:ThrownScroll","theScribe:Meditate"],"picked":"theScribe:RecklessResponse","floor":0},{"not_picked":["theScribe:ThrownScroll","theScribe:Incendio"],"picked":"theScribe:CapacitanceScroll","floor":0},{"not_picked":["theScribe:MagicMissiles","theScribe:BluntWeapons"],"picked":"theScribe:FlowLikeWater","floor":0},{"not_picked":["theScribe:Incendio","theScribe:BluntWeapons"],"picked":"theScribe:ArcaneBarrier","floor":0},{"not_picked":["theScribe:AmplifyingSpellstone","theScribe:MirrorImage"],"picked":"theScribe:TelumSpellstone","floor":0},{"not_picked":["theScribe:TelumSpellstone","theScribe:AmplifyingSpellstone"],"picked":"theScribe:Thunder","floor":0},{"not_picked":["theScribe:FrostvenomToxin","theScribe:ThrownScroll"],"picked":"theScribe:QuickStudy","floor":0},{"not_picked":["theScribe:BluntWeapons","theScribe:ToxicSpellstone"],"picked":"theScribe:Insight","floor":0},{"not_picked":["theScribe:GatherComponents","theScribe:Incendio"],"picked":"theScribe:Frost","floor":0},{"not_picked":["theScribe:ThrownScroll","theScribe:FlowLikeWater"],"picked":"theScribe:Clarity","floor":1},{"not_picked":["theScribe:Clarity","theScribe:MagicMissiles"],"picked":"theScribe:SanguineSurge","floor":3},{"not_picked":["theScribe:LightningBlade","theScribe:LightningBolt"],"picked":"theScribe:FocusingBlow","floor":8},{"not_picked":["theScribe:GlacialGuard","theScribe:TelumSpellstone"],"picked":"theScribe:Thunder","floor":12},{"not_picked":["theScribe:MagicMissiles","theScribe:ThrownScroll"],"picked":"theScribe:AmplifyingSpellstone","floor":14},{"not_picked":["theScribe:Maelstrom","theScribe:BloodMagicks"],"picked":"theScribe:ScrollOfChaining","floor":16},{"not_picked":["Writhe","jedi:BattleThirst"],"picked":"CurseOfTheBell","floor":17},{"not_picked":["Pain","hubris:Wrath"],"picked":"ReplayTheSpireMod:IOU","floor":17},{"not_picked":["Writhe","jedi:frostbite"],"picked":"ReplayTheSpireMod:Faulty Equipment","floor":17},{"not_picked":["theScribe:RecklessResponse","theScribe:FrostvenomToxin"],"picked":"theScribe:AmplifyingSpellstone+1","floor":18},{"not_picked":["theScribe:Divination+1","theScribe:BarrierOfLight","theScribe:ArcaneBarrier"],"picked":"SKIP","floor":25},{"not_picked":["theScribe:AmplifyingSpellstone","theScribe:Divination"],"picked":"theScribe:SacrificeRitual+1","floor":27},{"not_picked":["theScribe:AmplifyingSpellstone","theScribe:FrostvenomToxin"],"picked":"theScribe:Divination","floor":31},{"not_picked":["theScribe:FocusedBolt","theScribe:Conflagrate"],"picked":"theScribe:Overexert","floor":33},{"not_picked":["theScribe:InvigoratingStrike","theScribe:ArcaneBarrier"],"picked":"theScribe:Insight","floor":35},{"not_picked":["theScribe:LightningBolt+1","theScribe:InvigoratingStrike","theScribe:TelumSpellstone"],"picked":"SKIP","floor":42},{"not_picked":["theScribe:FocusingBlow+1","theScribe:LiquidumScroll+1"],"picked":"theScribe:RecurringRime","floor":48},{"not_picked":["theScribe:Echo","theScribe:Ghost_Realm"],"picked":"theScribe:Escalation","floor":50},{"not_picked":["theScribe:MirrorImage","theScribe:TelumSpellstone+1","theScribe:ScrollOfPoison"],"picked":"SKIP","floor":52},{"not_picked":["theScribe:ArcaneBarrier","theScribe:GatherComponents"],"picked":"theScribe:Thunder+1","floor":56},{"not_picked":["theScribe:PriceOfKnowledge","theScribe:TelumSpellstone+1","theScribe:AbsoluteZero"],"picked":"SKIP","floor":61},{"not_picked":["theScribe:RecurringRime","theScribe:CatalyticCatastrophe"],"picked":"theScribe:ForkedBolt","floor":67},{"not_picked":["theScribe:ArcaneBarrier","theScribe:BlankScroll","theScribe:WeirdToxin"],"picked":"SKIP","floor":69},{"not_picked":["theScribe:Overcharge+1","theScribe:Frost","theScribe:WeirdShield+1"],"picked":"SKIP","floor":78},{"not_picked":["theScribe:RecklessResponse","theScribe:FrostvenomToxin","theScribe:TelumSpellstone+1"],"picked":"SKIP","floor":81}],"player_experience":194186,"relics_obtained":[{"floor":9,"key":"Blue Doll"},{"floor":14,"key":"Juzu Bracelet"},{"floor":25,"key":"Pocketwatch"},{"floor":26,"key":"vexMod:ConsolationPrize"},{"floor":42,"key":"Happy Flower"},{"floor":43,"key":"Tiny Chest"},{"floor":53,"key":"Matryoshka"},{"floor":60,"key":"Centennial Puzzle"},{"floor":60,"key":"Potion Belt"},{"floor":61,"key":"Omamori"},{"floor":64,"key":"aspiration:VileToxins"},{"floor":64,"key":"aspiration:HiddenCompartment"},{"floor":65,"key":"ReplayTheSpireMod:Shallot"},{"floor":75,"key":"Replay:Ringing Soul"},{"floor":77,"key":"ReplayFunnel"},{"floor":78,"key":"aspiration:HatOfInfinitePower"},{"floor":81,"key":"Bag of Marbles"}],"event_choices":[{"damage_healed":0,"gold_gain":0,"player_choice":"Upgraded","damage_taken":0,"max_hp_gain":0,"max_hp_loss":0,"event_name":"Upgrade Shrine","floor":2,"gold_loss":0,"cards_upgraded":["theScribe:Insight"]},{"damage_healed":0,"gold_gain":0,"player_choice":"Take Damage","damage_taken":18,"relics_obtained":["Golden Idol"],"max_hp_gain":0,"max_hp_loss":0,"event_name":"Golden Idol","floor":4,"gold_loss":0},{"damage_healed":0,"gold_gain":0,"player_choice":"Upgraded","damage_taken":0,"max_hp_gain":0,"max_hp_loss":0,"event_name":"Upgrade Shrine","floor":20,"gold_loss":0,"cards_upgraded":["theScribe:ScrollOfChaining"]},{"cards_removed":["theScribe:Insight"],"damage_healed":0,"gold_gain":0,"player_choice":"Give","damage_taken":0,"max_hp_gain":0,"max_hp_loss":0,"event_name":"betterNote:BetterNote","floor":21,"gold_loss":0,"cards_obtained":["theScribe:SacrificeRitual"]},{"damage_healed":0,"gold_gain":0,"player_choice":"Gave Potion","damage_taken":0,"relics_obtained":["hubris:DuctTape"],"max_hp_gain":0,"max_hp_loss":0,"event_name":"WeMeetAgain","floor":22,"gold_loss":0},{"damage_healed":0,"gold_gain":0,"player_choice":"Copied","damage_taken":0,"max_hp_gain":0,"max_hp_loss":0,"event_name":"Duplicator","floor":28,"gold_loss":0,"cards_obtained":["hubris:DuctTapeCard"]},{"damage_healed":0,"gold_gain":333,"player_choice":"Gave Idol","damage_taken":0,"max_hp_gain":0,"max_hp_loss":0,"event_name":"The Moai Head","floor":45,"relics_lost":["Golden Idol"],"gold_loss":0},{"damage_healed":60,"gold_gain":0,"player_choice":"Upgrade","damage_taken":12,"max_hp_gain":0,"max_hp_loss":60,"event_name":"betterThird:BetterShining","floor":55,"gold_loss":0,"cards_upgraded":["theScribe:Thunder","Pot Of Greed"]},{"damage_healed":0,"gold_gain":0,"player_choice":"Searched \u00272\u0027 times","damage_taken":0,"relics_obtained":["hubris:Teleporter"],"max_hp_gain":0,"max_hp_loss":0,"event_name":"Dead Adventurer","floor":56,"gold_loss":0},{"damage_healed":0,"gold_gain":0,"player_choice":"Insight","damage_taken":0,"max_hp_gain":0,"max_hp_loss":0,"event_name":"betterThird:BetterWriting","floor":71,"gold_loss":0,"cards_obtained":["Insight"]},{"damage_healed":0,"gold_gain":0,"player_choice":"Inject Mutagens","damage_taken":0,"relics_obtained":["MutagenicStrength"],"max_hp_gain":0,"max_hp_loss":0,"event_name":"Drug Dealer","floor":73,"gold_loss":0},{"damage_healed":0,"gold_gain":0,"player_choice":"Copied","damage_taken":0,"max_hp_gain":0,"max_hp_loss":0,"event_name":"Duplicator","floor":79,"gold_loss":0,"cards_obtained":["hubris:DuctTapeCard"]}],"is_beta":false,"boss_relics":[{"not_picked":["vexMod:MegatonBomb","vexMod:CursedCompass"],"picked":"Replay:Ancient Bell"},{"not_picked":["Potion Belt","aspiration:VileToxins"],"picked":"Replay:Bandana"},{"not_picked":["hubris:MobiusCoin","infinitespire:CheckeredPen"],"picked":"Ornamental Fan"},{"not_picked":["Turnip","Durian"],"picked":"Du-Vu Doll"},{"not_picked":["ReplayTheSpireMod:DimensionalGlitch","Runic Dome"],"picked":"ChewingGum"},{"not_picked":["Philosopher\u0027s Stone","vexMod:RockOfEvil"],"picked":"Replay:Drink Me"},{"not_picked":["vexMod:EndlessSickness","Cursed Key"],"picked":"Philosopher\u0027s Stone"}],"items_purged_floors":[10,30,36],"is_endless":true,"potions_floor_spawned":[1,3,18,25,42,48,52,56,78,81],"killed_by":"Shell Parasite","ascension_level":0}}