{"host":"fkig9nrckec4xsh0","time":1611002352,"event":{"mods":["BaseMod","Colored Map","Minty Spire (QoL Compilation)","Quick Restart","Replay The Spire","StSLib"],"gold_per_floor":[19,19,19,19,35,61,81,81,127,152,162,162],"floor_reached":11,"language":"ENG","playtime":390,"items_purged":[],"score":99,"play_id":"a76fc470-72e9-4d23-a8a5-be88bb1b4100","local_time":"20210118153912","is_ascension_mode":true,"campfire_choices":[{"data":"Prepared","floor":8,"key":"SMITH"}],"circlet_count":0,"master_deck":["Strike_G","Strike_G","Strike_G","Strike_G","Strike_G","Defend_G","Defend_G","Defend_G","Defend_G","Survivor","Neutralize","Bouncing Flask","Pain","Prepared+1","Blade Dance","Reflex"],"relics":["Tingsha","Sizzling Blood","WarpedTongs","Regal Pillow","Replay:Bandana","Bronze Scales"],"acts_visited":["Exordium"],"potions_floor_usage":[11],"damage_taken":[{"damage":5,"enemies":"2 Louse","floor":1,"turns":2},{"damage":18,"enemies":"Small Slimes","floor":5,"turns":3},{"damage":21,"enemies":"Replay:BlueRogue","floor":6,"turns":5},{"damage":2,"enemies":"Cultist","floor":7,"turns":3},{"damage":35,"enemies":"3 Sentries","floor":11,"turns":8}],"seed_played":"7237931792786515412","potions_obtained":[{"floor":1,"key":"FearPotion"},{"floor":6,"key":"Weak Potion"}],"is_trial":false,"path_per_floor":["M","?","?","?","M","E","M","R","T","T","E"],"character_chosen":"THE_SILENT","items_purchased":[],"campfire_rested":0,"item_purchase_floors":[],"current_hp_per_floor":[58,58,62,62,48,31,33,33,33,33,0,0],"gold":162,"neow_bonus":"ONE_RARE_RELIC","is_daily":false,"chose_seed":false,"campfire_upgraded":1,"win_rate":0.0,"timestamp":1611002352,"path_taken":["M","?","?","?","?","E","M","R","T","?","E"],"items_purchased_type":[],"build_version":"2020-12-22","purchased_purges":0,"victory":false,"max_hp_per_floor":[70,70,74,74,74,74,74,74,74,74,74,74],"card_choices":[{"not_picked":["PiercingWail","Blade Dance"],"picked":"Bouncing Flask","floor":1},{"not_picked":["Predator","Escape Plan"],"picked":"Prepared","floor":5},{"not_picked":["PiercingWail","Cloak And Dagger"],"picked":"Blade Dance","floor":6},{"not_picked":["Dagger Throw","All Out Attack"],"picked":"Reflex","floor":7}],"player_experience":356517,"relics_obtained":[{"floor":6,"key":"Regal Pillow"},{"floor":9,"key":"Replay:Bandana"},{"floor":10,"key":"Bronze Scales"}],"event_choices":[{"damage_healed":0,"gold_gain":0,"player_choice":"Rummage","damage_taken":0,"relics_obtained":["WarpedTongs"],"max_hp_gain":0,"max_hp_loss":0,"event_name":"Accursed Blacksmith","floor":4,"gold_loss":0,"cards_obtained":["Pain"]}],"is_beta":false,"boss_relics":[],"items_purged_floors":[],"is_endless":false,"potions_floor_spawned":[1,6],"killed_by":"3 Sentries","ascension_level":8}}