{"host":"rhakyh2m1vy6smuu","time":1611001349,"event":{"mods":["BaseMod","Downfall","Minty Spire (QoL Compilation)","StSLib","The Hierophant"],"gold_per_floor":[99,117,128,140,140,168,241,258,258,271,275,275,275,16,30,30,30],"floor_reached":16,"language":"ENG","playtime":1243,"items_purged":[],"score":151,"play_id":"da9cc27e-5150-4e47-909c-250938c3a08a","local_time":"20210118132229","is_ascension_mode":true,"campfire_choices":[{"data":"sneckomod:TailWhip","floor":1,"key":"SMITH"},{"data":"sneckomod:UnknownClassRED","floor":9,"key":"SMITH"},{"data":"sneckomod:UnknownRarePower","floor":12,"key":"SMITH"}],"circlet_count":0,"master_deck":["sneckomod:Strike","sneckomod:Defend","sneckomod:Defend","sneckomod:Defend","sneckomod:TailWhip+1","sneckomod:SnekBite","sneckomod:Unknown","sneckomod:Unknown","sneckomod:UnknownBlock","sneckomod:UnknownRarePower+1","sneckomod:UnknownVulnerable","sneckomod:UnknownClassPURPLE+1","sneckomod:UnknownStrength+1","sneckomod:SoulRoll+1","sneckomod:QuickBite","sneckomod:UnknownBlock+1","Second Wind+1"],"relics":["Sozu","Akabeko","Toxic Egg 2","StrikeDummy","Mummified Hand"],"acts_visited":["Exordium"],"potions_floor_usage":[],"damage_taken":[{"damage":0,"enemies":"Cultist","floor":2,"turns":3},{"damage":6,"enemies":"Small Slimes","floor":3,"turns":3},{"damage":3,"enemies":"2 Louse","floor":4,"turns":3},{"damage":30,"enemies":"Lagavulin","floor":6,"turns":4},{"damage":0,"enemies":"Red Slaver","floor":8,"turns":1},{"damage":0,"enemies":"Blue Slaver","floor":10,"turns":2},{"damage":12,"enemies":"Gremlin Nob","floor":11,"turns":3},{"damage":0,"enemies":"downfall:FleeingMerchant","floor":14,"turns":4},{"damage":0,"enemies":"3 Louse","floor":15,"turns":2},{"damage":44,"enemies":"WA_ARCHETYPE_RETAIN","floor":16,"turns":5}],"seed_played":"-4327509955272136157","potions_obtained":[],"is_trial":false,"path_per_floor":["R","M","M","M","?","E","T","M","R","M","E","R","?","$","M","B"],"character_chosen":"THE_SNECKO","items_purchased":["Mummified Hand"],"campfire_rested":0,"item_purchase_floors":[14],"current_hp_per_floor":[81,81,75,72,72,42,42,42,42,42,30,30,30,30,30,0,0],"gold":30,"neow_bonus":"BOSS_RELIC","is_daily":false,"chose_seed":false,"campfire_upgraded":3,"win_rate":0.0,"timestamp":1611001349,"path_taken":["R","M","M","?","?","E","T","M","R","M","E","R","?","$","M","BOSS"],"items_purchased_type":["Relic"],"build_version":"2020-12-22","purchased_purges":0,"victory":false,"max_hp_per_floor":[90,90,90,90,90,90,90,90,90,90,90,90,90,90,90,90,90],"card_choices":[{"not_picked":["sneckomod:RainOfDice","sneckomod:UnknownClassGUARDIAN"],"picked":"sneckomod:UnknownBlock","floor":2},{"not_picked":["sneckomod:Nope","sneckomod:DiceCrush"],"picked":"sneckomod:UnknownRarePower","floor":3},{"not_picked":["sneckomod:UnknownClassSLIMEBOUND","sneckomod:UnknownClassTHE_CHAMP_GRAY"],"picked":"sneckomod:UnknownClassRED","floor":4},{"not_picked":["sneckomod:Unknown1Cost","sneckomod:UnknownClassHEXA_GHOST_PURPLE"],"picked":"sneckomod:UnknownVulnerable","floor":6},{"not_picked":["sneckomod:SoulDraw+1","sneckomod:UnknownClassSLIMEBOUND+1"],"picked":"sneckomod:UnknownClassPURPLE+1","floor":8},{"not_picked":["sneckomod:DiceBlock+1","sneckomod:SoulExchange+1"],"picked":"sneckomod:UnknownStrength+1","floor":10},{"not_picked":["sneckomod:SoulExchange+1","sneckomod:UnknownClassHIEROPHANT_GOLD_COLOR+1"],"picked":"sneckomod:SoulRoll+1","floor":11},{"not_picked":["sneckomod:UnknownClassPURPLE+1","sneckomod:UnendingSupply"],"picked":"sneckomod:UnknownBlock+1","floor":14},{"not_picked":["sneckomod:IronFang","sneckomod:UnknownClassPURPLE+1"],"picked":"sneckomod:Memorize+1","floor":15}],"player_experience":1612586,"relics_obtained":[{"floor":6,"key":"Akabeko"},{"floor":7,"key":"Toxic Egg 2"},{"floor":11,"key":"StrikeDummy"}],"event_choices":[],"is_beta":false,"boss_relics":[],"items_purged_floors":[],"is_endless":false,"potions_floor_spawned":[2,6,10,15],"killed_by":"WA_ARCHETYPE_RETAIN","ascension_level":7}}