{"host":"3iouabftir4t7z56","time":1611000180,"event":{"mods":["2.2 Compatiblity","Act Like it!","BaseMod","Colored Map","Hallownest","Minty Spire (QoL Compilation)","StSLib","The Bug Knight","The Cursed"],"gold_per_floor":[118,131,149,167,182,211,211,223,248,248,248,16,33,33,33,33,33],"floor_reached":16,"language":"ENG","playtime":1559,"items_purged":[],"score":104,"play_id":"6e894777-7471-4ddf-a21b-4e1c05b12f08","local_time":"20210118210300","is_ascension_mode":false,"campfire_choices":[{"data":"HollowMod:MonarchWings","floor":7,"key":"SMITH"},{"data":"HollowMod:FocusHealStart","floor":11,"key":"SMITH"},{"data":"HollowMod:ShadowDash","floor":15,"key":"SMITH"}],"circlet_count":0,"master_deck":["HollowMod:NailStrikeStart","HollowMod:NailStrikeStart","HollowMod:NailStrikeStart","HollowMod:QuickDashStart","HollowMod:QuickDashStart","HollowMod:QuickDashStart","HollowMod:QuickDashStart","HollowMod:FocusHealStart+1","HollowMod:PogoStrike","HollowMod:LifebloodCocoon","HollowMod:CloakDash","HollowMod:MantisMark","HollowMod:WraithStrike","HollowMod:MonarchWings+1","HollowMod:DescendingDark+1","HollowMod:GreatSlash+1","HollowMod:theNailsmith","HollowMod:MonarchWings","HollowMod:VengefulVoid+1","HollowMod:ShadowDash+1"],"relics":["HollowMod:VesselMask","Molten Egg 2","Lee\u0027s Waffle"],"acts_visited":["Hallownest:Greenpath"],"potions_floor_usage":[4,8,16],"damage_taken":[{"damage":3,"enemies":"Hallownest:monsterHuskGuard","floor":1,"turns":8},{"damage":1,"enemies":"Hallownest:monsterHuskWarrior","floor":2,"turns":4},{"damage":0,"enemies":"Hallownest:2_Tiktiks_and_1_Crawlid","floor":3,"turns":3},{"damage":0,"enemies":"Hallownest:Guard_and_Warrior","floor":4,"turns":6},{"damage":3,"enemies":"Hallownest:MossCreep_and_Mosskin","floor":5,"turns":6},{"damage":88,"enemies":"Hallownest:eliteCrystalGuardian","floor":6,"turns":9},{"damage":9,"enemies":"Hallownest:1_Ooma_and_2_Uuma","floor":8,"turns":4},{"damage":26,"enemies":"Hallownest:2_Tiktiks_1_Baldur_1_Crawlid","floor":13,"turns":6},{"damage":75,"enemies":"Hallownest:BossBrokenVessel","floor":16,"turns":10}],"seed_played":"7293903898682464494","potions_obtained":[{"floor":2,"key":"FairyPotion"},{"floor":3,"key":"Energy Potion"},{"floor":6,"key":"Strength Potion"},{"floor":13,"key":"BlessingOfTheForge"}],"is_trial":false,"path_per_floor":["M","M","M","M","M","E","R","M","T","?","R","$","M","?","R","B"],"character_chosen":"THE_BUGKNIGHT","items_purchased":["Lee\u0027s Waffle","HollowMod:MonarchWings","HollowMod:VengefulVoid+1"],"campfire_rested":0,"item_purchase_floors":[12,12,12],"current_hp_per_floor":[72,75,75,75,72,22,22,13,13,13,13,82,62,62,62,0,0],"gold":33,"neow_bonus":"THREE_CARDS","is_daily":false,"chose_seed":false,"campfire_upgraded":3,"win_rate":0.0,"timestamp":1611000180,"path_taken":["M","?","M","?","M","E","R","M","T","?","R","?","M","?","R","BOSS"],"items_purchased_type":["Relic","Card","Card"],"build_version":"2020-12-22","purchased_purges":0,"victory":false,"max_hp_per_floor":[75,75,75,75,75,75,75,75,75,75,75,82,82,82,82,82,82],"card_choices":[{"not_picked":["HollowMod:CloakDash","HollowMod:NewJinnsSoul"],"picked":"HollowMod:LifebloodCocoon","floor":0},{"not_picked":["HollowMod:HeavyBlow","HollowMod:SoulSplash"],"picked":"HollowMod:CloakDash","floor":1},{"not_picked":["HollowMod:NewJinnsSoul","HollowMod:DescendingDark"],"picked":"HollowMod:MantisMark","floor":2},{"not_picked":["HollowMod:SoulSplash","HollowMod:ChannelNail","HollowMod:MothsMistake"],"picked":"SKIP","floor":3},{"not_picked":["HollowMod:Hiveblood","HollowMod:DescendingDark"],"picked":"HollowMod:WraithStrike","floor":4},{"not_picked":["HollowMod:LuriensSpire","HollowMod:SharpenedShadows"],"picked":"HollowMod:MonarchWings","floor":5},{"not_picked":["HollowMod:HowlingWraiths+1","HollowMod:SoulVessel"],"picked":"HollowMod:DescendingDark+1","floor":6},{"not_picked":["HollowMod:SiblingsShadow","HollowMod:SoulStrike+1"],"picked":"HollowMod:GreatSlash+1","floor":8},{"not_picked":["HollowMod:LifebloodCocoon","HollowMod:HeavyBlow+1"],"picked":"HollowMod:ShadowDash","floor":13}],"player_experience":647146,"relics_obtained":[{"floor":6,"key":"Molten Egg 2"}],"event_choices":[],"is_beta":false,"boss_relics":[],"items_purged_floors":[],"is_endless":false,"potions_floor_spawned":[2,3,6,13],"killed_by":"Hallownest:BossBrokenVessel","ascension_level":0}}