{"host":"igi9xpgoc000gxf5","time":1611005213,"event":{"mods":["BaseMod","Colored Powertips","Downfall","Googly Eyes","Minty Spire (QoL Compilation)","StSLib"],"gold_per_floor":[99,109,119,119,35,35,58,58,19,33,33,47,47,32,52,156,156,156,174,105,120,137,237,237,237,250,250,250],"floor_reached":27,"language":"ENG","playtime":1294,"items_purged":[],"score":203,"play_id":"6a1e41d6-1b59-493e-aa23-df3f0b75a589","local_time":"20210118222653","is_ascension_mode":false,"campfire_choices":[{"data":"bronze:Break","floor":1,"key":"SMITH"},{"data":"bronze:MaxOutput","floor":8,"key":"SMITH"},{"data":"bronze:Mutator","floor":18,"key":"SMITH"},{"floor":25,"key":"REST"}],"circlet_count":0,"master_deck":["bronze:Strike","bronze:Strike","bronze:Strike","bronze:Defend","bronze:Defend","bronze:Defend","bronze:Defend","bronze:Replicate","bronze:Goto","bronze:Break+1","bronze:DigitalCarnage","bronze:WhirlingStrike","bronze:Turbo","bronze:MaxOutput+1","bronze:GetLatest","bronze:FineTuning","bronze:Iterate","bronze:Flail","bronze:BuggyMess","bronze:FineTuning","bronze:Mutator+1","bronze:Deprecate+1","bronze:Iterate","bronze:BugBarrage","bronze:Branch+1","bronze:Allocate+1","bronze:Goto","bronze:Shield","bronze:Shell","bronze:SpaghettiCode","Good Instincts","Pain","bronze:WildBeam","bronze:Iterate"],"relics":["bronze:BronzeCore","Vajra","Toy Ornithopter","Strawberry","Black Star","downfall:GremlinSack","Bottled Tornado"],"acts_visited":["Exordium","TheCity"],"potions_floor_usage":[16,20,27],"damage_taken":[{"damage":2,"enemies":"Small Slimes","floor":2,"turns":3},{"damage":0,"enemies":"Cultist","floor":3,"turns":2},{"damage":10,"enemies":"downfall:FleeingMerchant","floor":5,"turns":4},{"damage":0,"enemies":"downfall:FleeingMerchant","floor":9,"turns":4},{"damage":0,"enemies":"2 Louse","floor":10,"turns":2},{"damage":0,"enemies":"2 Fungi Beasts","floor":12,"turns":2},{"damage":0,"enemies":"downfall:FleeingMerchant","floor":14,"turns":4},{"damage":6,"enemies":"3 Louse","floor":15,"turns":2},{"damage":24,"enemies":"WA_ARCHETYPE_RETAIN","floor":16,"turns":4},{"damage":0,"enemies":"Spheric Guardian","floor":19,"turns":1},{"damage":10,"enemies":"downfall:FleeingMerchant","floor":20,"turns":4},{"damage":17,"enemies":"3 Byrds","floor":21,"turns":6},{"damage":9,"enemies":"Centurion and Healer","floor":22,"turns":4},{"damage":13,"enemies":"Centurion and Healer","floor":23,"turns":3},{"damage":8,"enemies":"3 Cultists","floor":26,"turns":4},{"damage":48,"enemies":"Shelled Parasite and Fungi","floor":27,"turns":5}],"seed_played":"5049571006800140908","potions_obtained":[{"floor":2,"key":"DistilledChaos"},{"floor":4,"key":"DistilledChaos"},{"floor":4,"key":"ColorlessPotion"},{"floor":12,"key":"sneckomod:MuddlingPotion"},{"floor":15,"key":"DuplicationPotion"},{"floor":16,"key":"PowerPotion"},{"floor":22,"key":"ColorlessPotion"}],"is_trial":false,"path_per_floor":["R","M","M","?","$","T","T","R","$","M","?","M","?","$","M","B",null,"R","M","$","M","M","?","T","R","M","M"],"character_chosen":"THE_AUTOMATON","items_purchased":["bronze:MaxOutput","bronze:FineTuning","bronze:BugBarrage"],"campfire_rested":1,"item_purchase_floors":[5,9,20],"current_hp_per_floor":[70,68,68,68,58,58,58,58,58,58,65,65,65,65,59,40,77,77,77,67,50,41,28,28,51,43,0,0],"gold":250,"neow_bonus":"ONE_RANDOM_RARE_CARD","is_daily":false,"chose_seed":false,"campfire_upgraded":3,"win_rate":0.0,"timestamp":1611005213,"path_taken":["R","M","M","?","$","?","T","R","$","M","?","M","?","?","M","BOSS","R","M","$","M","M","?","T","R","?","M"],"items_purchased_type":["Card","Card","Card"],"build_version":"2020-12-22","purchased_purges":0,"victory":false,"max_hp_per_floor":[70,70,70,70,70,70,70,70,70,70,77,77,77,77,77,77,77,77,77,77,77,77,77,77,77,77,77,77],"card_choices":[{"not_picked":["bronze:Safeguard","bronze:FollowUp"],"picked":"bronze:DigitalCarnage","floor":2},{"not_picked":["bronze:Shield","bronze:Shell"],"picked":"bronze:WhirlingStrike","floor":3},{"not_picked":["bronze:Branch","bronze:WildBeam"],"picked":"bronze:Turbo","floor":5},{"not_picked":["bronze:Branch","bronze:Turbo"],"picked":"bronze:GetLatest","floor":9},{"not_picked":["bronze:Overload","bronze:Invalidate"],"picked":"bronze:Iterate","floor":10},{"not_picked":["bronze:CutThrough","bronze:DigitalCarnage"],"picked":"bronze:Flail","floor":12},{"not_picked":["bronze:Virus","bronze:BronzeArmor"],"picked":"bronze:BuggyMess","floor":14},{"not_picked":["bronze:CutThrough","bronze:Iterate"],"picked":"bronze:FineTuning","floor":15},{"not_picked":["bronze:AlphaBuild","bronze:SpaghettiCode"],"picked":"bronze:Mutator","floor":16},{"not_picked":["bronze:ChosenStrike","bronze:Boost"],"picked":"bronze:Deprecate+1","floor":19},{"not_picked":["bronze:OilSpill+1","bronze:BronzeOrb"],"picked":"bronze:Iterate","floor":20},{"not_picked":["bronze:Optimize","bronze:Invalidate"],"picked":"bronze:Branch+1","floor":21},{"not_picked":["bronze:Flail","bronze:Overheat+1"],"picked":"bronze:Allocate+1","floor":22},{"not_picked":["bronze:Iterate+1","bronze:OilSpill"],"picked":"bronze:WildBeam","floor":23},{"not_picked":["bronze:AlphaBuild","bronze:ClassDefault+1"],"picked":"bronze:Iterate","floor":26}],"player_experience":943885,"relics_obtained":[{"floor":6,"key":"Vajra"},{"floor":7,"key":"Toy Ornithopter"},{"floor":23,"key":"downfall:GremlinSack"},{"floor":24,"key":"Bottled Tornado"}],"event_choices":[{"damage_healed":0,"gold_gain":0,"player_choice":"Got Potions","damage_taken":0,"max_hp_gain":0,"max_hp_loss":0,"event_name":"Lab","floor":4,"gold_loss":0}],"is_beta":false,"boss_relics":[{"not_picked":["Runic Dome","Velvet Choker"],"picked":"Black Star"}],"items_purged_floors":[],"is_endless":false,"potions_floor_spawned":[2,12,15,16,22],"killed_by":"Shelled Parasite and Fungi","ascension_level":0}}