{"host":"6a92uynocv4elkyp","time":1611013248,"event":{"mods":["AchievementEnabler","BaseMod","Infinite Spire","Minty Spire (QoL Compilation)","Quick Restart","StSLib"],"gold_per_floor":[159,159,159,207,252,327,429,507,533,533,533,585,678,115,115,343,343,415,52,2,34,44,44],"floor_reached":22,"language":"ENG","playtime":1128,"items_purged":[],"score":570,"play_id":"b2adab7c-0ed5-4bf7-829a-e0135095efaf","local_time":"20210119004048","daily_mods":["SealedDeck","Blue Cards","Purple Cards","Heirloom","Flight","DeadlyEvents","Elite Swarm","Midas"],"is_ascension_mode":true,"campfire_choices":[{"floor":10,"key":"REST"},{"floor":11,"key":"REST"},{"floor":15,"key":"REST"}],"circlet_count":0,"master_deck":["AscendersBane","BowlingBash","Protect","Coolheaded+1","InnerPeace+1","Consecrate","Go for the Eyes","Go for the Eyes","Scrape","TalkToTheHand","TalkToTheHand","CutThroughFate","DevaForm","CutThroughFate","Alpha","Echo Form","DevaForm","Vault","LikeWater","FollowUp","Wish","Static Discharge","LikeWater","Ball Lightning"],"relics":["PureWater","Ginger","infinitespire:CheckeredPen","Akabeko","Mummified Hand","War Paint","Vajra","infinitespire:Satchel","infinitespire:Midas Blood","Bottled Tornado","HandDrill","SlaversCollar","Girya"],"acts_visited":["Exordium","TheCity"],"potions_floor_usage":[6,7,22],"damage_taken":[{"damage":0,"enemies":"Jaw Worm","floor":1,"turns":2},{"damage":0,"enemies":"Small Slimes","floor":4,"turns":2},{"damage":0,"enemies":"2 Louse","floor":5,"turns":2},{"damage":10,"enemies":"3 Sentries","floor":6,"turns":5},{"damage":12,"enemies":"Lagavulin","floor":7,"turns":5},{"damage":21,"enemies":"3 Sentries","floor":8,"turns":5},{"damage":0,"enemies":"Lagavulin","floor":13,"turns":4},{"damage":0,"enemies":"Slime Boss","floor":16,"turns":6},{"damage":15,"enemies":"Shell Parasite","floor":18,"turns":2},{"damage":1,"enemies":"Spheric Guardian","floor":21,"turns":4},{"damage":60,"enemies":"Slavers","floor":22,"turns":3}],"seed_played":"-2801331181313502460","potions_obtained":[{"floor":4,"key":"Block Potion"},{"floor":6,"key":"SpeedPotion"},{"floor":8,"key":"SkillPotion"},{"floor":13,"key":"SpeedPotion"}],"is_trial":true,"path_per_floor":["M","?","?","M","M","E","E","E","T","R","R","T","E","$","R","B",null,"M","$","?","M","E"],"character_chosen":"WATCHER","items_purchased":["LikeWater","Bottled Tornado","FollowUp","HandDrill","Girya","LikeWater"],"campfire_rested":3,"item_purchase_floors":[14,14,14,14,19,19],"current_hp_per_floor":[61,50,55,55,55,45,33,12,12,33,54,54,54,54,73,73,73,58,58,58,57,0,0],"gold":44,"neow_bonus":"","is_daily":false,"chose_seed":false,"campfire_upgraded":0,"win_rate":0.0,"timestamp":1611013248,"path_taken":["M","?","?","?","M","E","E","?","T","R","R","?","E","$","R","BOSS","M","$","?","?","?"],"items_purchased_type":["Card","Relic","Card","Relic","Relic","Card"],"build_version":"2020-12-22","purchased_purges":0,"victory":false,"max_hp_per_floor":[68,68,73,73,73,73,73,73,73,73,73,73,73,73,73,73,73,73,73,73,73,73,73],"card_choices":[{"not_picked":["Rebound","Stack"],"picked":"CutThroughFate","floor":1},{"not_picked":["FlyingSleeves","Consecrate"],"picked":"DevaForm","floor":4},{"not_picked":["InnerPeace","WheelKick"],"picked":"CutThroughFate","floor":5},{"not_picked":["Buffer","Amplify"],"picked":"Alpha","floor":6},{"not_picked":["DevaForm","Judgement"],"picked":"Echo Form","floor":7},{"not_picked":["Ragnarok","Hyperbeam"],"picked":"DevaForm","floor":8},{"not_picked":["LessonLearned","Scrawl"],"picked":"Vault","floor":13},{"not_picked":["Blasphemy","LessonLearned"],"picked":"Wish","floor":16},{"not_picked":["Consume","Stack+1"],"picked":"Static Discharge","floor":18},{"not_picked":["Vengeance","Redo"],"picked":"Ball Lightning","floor":21}],"player_experience":110179,"relics_obtained":[{"floor":6,"key":"Akabeko"},{"floor":7,"key":"Mummified Hand"},{"floor":8,"key":"War Paint"},{"floor":9,"key":"Vajra"},{"floor":12,"key":"infinitespire:Satchel"},{"floor":13,"key":"infinitespire:Midas Blood"}],"event_choices":[{"damage_healed":0,"gold_gain":0,"player_choice":"Success","damage_taken":11,"relics_obtained":["infinitespire:CheckeredPen"],"max_hp_gain":0,"max_hp_loss":0,"event_name":"Scrap Ooze","floor":2,"gold_loss":0},{"damage_healed":0,"gold_gain":0,"player_choice":"Donut","damage_taken":0,"max_hp_gain":5,"max_hp_loss":0,"event_name":"Big Fish","floor":3,"gold_loss":0},{"damage_healed":0,"gold_gain":0,"player_choice":"Bet on Murderer","damage_taken":0,"max_hp_gain":0,"max_hp_loss":0,"event_name":"The Joust","floor":20,"gold_loss":50}],"is_beta":false,"boss_relics":[{"not_picked":["Sozu","Snecko Eye"],"picked":"SlaversCollar"}],"items_purged_floors":[],"is_endless":false,"potions_floor_spawned":[4,6,8,13],"killed_by":"Slavers","ascension_level":20}}