{"host":"67w4bo1ws77yotej","time":1611000051,"event":{"mods":["AchievementEnabler","Arknights The Spire","Aspiration","BaseMod","Beaked The Cultist","BetterRewards","Colored Map","Conspire","Downfall","Ekko","Energized Spire","Friendly Minions","Gremlin Mod","Halation","Hero for Fun","Hubris","Infinite Spire","Kiyohime????","Minty Spire (QoL Compilation)","READ ME - Guardian Mod","READ ME - Snecko Mod","Spicy Shops","StSLib","The Forsaken","The Jungle","The Wild Card","TheHero","vexMod"],"gold_per_floor":[110,75,75,89,104,104,139,154,178,56,81,81,112,112,112,214,214,228,228,228,242,258,291,291,323,346,379,406,406,406,421,421,520,470,483,530,530,306,323,323,358,358,384,415,415,433,468,568,568,568],"floor_reached":51,"language":"ENG","playtime":2839,"items_purged":["KiyohimeMod:Track","Shame"],"score":1129,"play_id":"1b3a1d00-1cbb-4553-8b8e-e252eada9865","local_time":"20210118210051","is_ascension_mode":true,"campfire_choices":[{"data":"KiyohimeMod:Shapeshift","floor":6,"key":"SMITH"},{"data":"KiyohimeMod:ImaginaryNumberMagecraft","floor":15,"key":"SMITH"},{"data":"KiyohimeMod:Servant_Osakabehime","floor":24,"key":"SMITH"},{"data":"KiyohimeMod:CastleOfTheSun","floor":32,"key":"SMITH"},{"data":"KiyohimeMod:CastleOfTheSun","floor":40,"key":"SMITH"},{"floor":49,"key":"REST"},{"data":"infinitespire:NeuralNetwork","floor":49,"key":"SMITH"}],"circlet_count":0,"master_deck":["KiyohimeMod:Strike","KiyohimeMod:Strike","KiyohimeMod:Strike","KiyohimeMod:Strike","KiyohimeMod:Defend","KiyohimeMod:Defend","KiyohimeMod:Defend","KiyohimeMod:Shapeshift+1","KiyohimeMod:BlueBlackKey","KiyohimeMod:SteelTraining","KiyohimeMod:AndSoTheShipConquers","KiyohimeMod:BlueBlackKey","KiyohimeMod:AndSoTheShipConquers","KiyohimeMod:ImaginaryNumberMagecraft+1","KiyohimeMod:RealityMarble","KiyohimeMod:Preemptive","KiyohimeMod:RedBlackKey+1","KiyohimeMod:Fragarach","KiyohimeMod:BlueBlackKey+1","KiyohimeMod:BlueBlackKey+1","KiyohimeMod:CastleOfTheSun+1","KiyohimeMod:Berserker+1","KiyohimeMod:DragonVein","KiyohimeMod:RedBlackKey+1","KiyohimeMod:Strike","KiyohimeMod:HotSpringOfTheMoon","KiyohimeMod:Preemptive+1","KiyohimeMod:WaterTurn+1","KiyohimeMod:CastleOfTheSun+1","KiyohimeMod:BeElegant","KiyohimeMod:DivineConstruct","KiyohimeMod:RedBlackKey+1","KiyohimeMod:SteelTraining+1","infinitespire:NeuralNetwork+1","KiyohimeMod:FirstPremonition"],"relics":["KiyohimeMod:FireDragon","TheAbacus","Torii","MealTicket","halation:PromiseList","halation:PinkSoulGem","vexMod:InvisibilityCloak","Smiling Mask","conspire:TreasureMap","hubris:TinFlute","vexMod:MemoryStick","hubris:Icosahedron","KiyohimeMod:Bond","theForsaken:HumbleEgg","PreservedInsect","conspire:BottledYoYo","halation:AfternoonTea","aspiration:Lifesprig","infinitespire:Lucky Rock","hubris:Towel","energizedSpire:HugeHouse","halation:QuantumPhysicsTextbook","infinitespire:Beetle Shell","Juzu Bracelet","HornCleat","Anchor","infinitespire:Magic Flask","vexMod:CardConverter"],"acts_visited":["Exordium","TheCity","TheBeyond"],"potions_floor_usage":[8,23,48,48,50],"damage_taken":[{"damage":1,"enemies":"Jaw Worm","floor":1,"turns":3},{"damage":0,"enemies":"2 Louse","floor":4,"turns":3},{"damage":0,"enemies":"Small Slimes","floor":5,"turns":4},{"damage":12,"enemies":"Lagavulin","floor":7,"turns":9},{"damage":0,"enemies":"Looter","floor":8,"turns":3},{"damage":9,"enemies":"Gremlin Nob","floor":11,"turns":5},{"damage":1,"enemies":"Lagavulin","floor":13,"turns":7},{"damage":0,"enemies":"Slime Boss","floor":16,"turns":5},{"damage":0,"enemies":"3 Byrds","floor":18,"turns":2},{"damage":0,"enemies":"Shell Parasite","floor":21,"turns":1},{"damage":0,"enemies":"Centurion and Healer","floor":22,"turns":2},{"damage":1,"enemies":"Slavers","floor":23,"turns":2},{"damage":0,"enemies":"Book of Stabbing","floor":25,"turns":1},{"damage":0,"enemies":"Gremlin Leader","floor":27,"turns":2},{"damage":0,"enemies":"Snake Plant","floor":31,"turns":1},{"damage":1,"enemies":"Collector","floor":33,"turns":4},{"damage":0,"enemies":"Orb Walker","floor":35,"turns":2},{"damage":0,"enemies":"2 Orb Walkers","floor":36,"turns":3},{"damage":0,"enemies":"3 Darklings","floor":39,"turns":2},{"damage":0,"enemies":"beaked:SuperParasite","floor":41,"turns":2},{"damage":0,"enemies":"Nemesis","floor":44,"turns":2},{"damage":0,"enemies":"Spire Growth","floor":46,"turns":2},{"damage":0,"enemies":"Giant Head","floor":47,"turns":3},{"damage":0,"enemies":"infinitespire:Three Voidlings","floor":48,"turns":2},{"damage":25,"enemies":"Nightmare_Alpha","floor":48,"turns":4},{"damage":36,"enemies":"Awakened One","floor":50,"turns":4}],"seed_played":"1857127226063376413","potions_obtained":[{"floor":1,"key":"LiquidBronze"},{"floor":5,"key":"DuplicationPotion"},{"floor":8,"key":"SkillPotion"},{"floor":16,"key":"sneckomod:MuddlingPotion"},{"floor":18,"key":"PowerPotion"},{"floor":33,"key":"FearPotion"},{"floor":35,"key":"Explosive Potion"}],"is_trial":false,"path_per_floor":["M","?","?","M","M","R","E","M","T","$","E","?","E","?","R","B",null,"M","?","?","M","M","E","R","E","T","E","T","?","?","M","R","B",null,"M","?","?","$","M","R","E","?","T","E","?","M","E","?","R","B",null],"character_chosen":"Kiyohime","items_purchased":["KiyohimeMod:BlueBlackKey","TheAbacus","MealTicket","halation:PromiseList","conspire:TreasureMap","KiyohimeMod:WaterTurn+1","infinitespire:Beetle Shell","BlessingOfTheForge"],"campfire_rested":1,"item_purchase_floors":[0,0,0,0,10,38,38,38],"current_hp_per_floor":[35,50,50,50,50,50,38,38,38,53,44,44,43,43,43,43,60,60,60,60,60,60,59,59,59,59,59,59,59,59,59,59,58,55,55,55,55,55,55,55,55,55,55,55,55,55,55,32,49,21],"gold":568,"neow_bonus":"","is_daily":false,"chose_seed":false,"campfire_upgraded":6,"win_rate":0.0,"timestamp":1611000051,"path_taken":["M","?","?","M","M","R","E","M","T","$","E","?","E","?","R","BOSS","M","?","?","M","?","E","R","E","T","E","?","?","?","M","R","BOSS","M","?","?","$","M","R","E","?","T","E","?","M","E","?","R","BOSS"],"items_purchased_type":["Card","Relic","Relic","Relic","Relic","Card","Relic","Potion"],"build_version":"2020-12-22","purchased_purges":2,"victory":true,"max_hp_per_floor":[60,60,60,60,60,60,60,60,60,60,60,60,60,60,60,60,60,60,60,60,60,60,60,60,60,60,60,60,60,60,60,60,60,55,55,55,55,55,55,55,55,55,55,55,55,55,55,57,57,57],"card_choices":[{"not_picked":["KiyohimeMod:Berserker","KiyohimeMod:WaterTurn"],"picked":"KiyohimeMod:SteelTraining","floor":1},{"not_picked":["KiyohimeMod:FirstPremonition","KiyohimeMod:CelestialInvertedMoon"],"picked":"KiyohimeMod:AndSoTheShipConquers","floor":4},{"not_picked":["KiyohimeMod:CommandCard_Arts","KiyohimeMod:FormalCraft"],"picked":"KiyohimeMod:BlueBlackKey","floor":5},{"not_picked":["KiyohimeMod:Berserker","KiyohimeMod:AgainstMagic"],"picked":"KiyohimeMod:AndSoTheShipConquers","floor":7},{"not_picked":["KiyohimeMod:SteelTraining","KiyohimeMod:Berserker","KiyohimeMod:FormalCraft"],"picked":"SKIP","floor":8},{"not_picked":["KiyohimeMod:FormalCraft","KiyohimeMod:WaterTurn"],"picked":"KiyohimeMod:ImaginaryNumberMagecraft","floor":11},{"not_picked":["KiyohimeMod:FormalCraft","KiyohimeMod:RealityMarble"],"picked":"KiyohimeMod:Preemptive","floor":13},{"not_picked":["KiyohimeMod:ImaginaryNumberMagecraft","KiyohimeMod:Barrier"],"picked":"KiyohimeMod:Servant_Osakabehime","floor":16},{"not_picked":["KiyohimeMod:Berserker","KiyohimeMod:WaterTurn"],"picked":"KiyohimeMod:RedBlackKey+1","floor":18},{"not_picked":["KiyohimeMod:Tenacious+1","KiyohimeMod:EatSoul+1"],"picked":"KiyohimeMod:BlueBlackKey+1","floor":21},{"not_picked":["KiyohimeMod:Berserker+1","KiyohimeMod:EatSoul+1"],"picked":"KiyohimeMod:BlueBlackKey+1","floor":22},{"not_picked":["KiyohimeMod:AgainstMagic+1","KiyohimeMod:BeastOfBillows"],"picked":"KiyohimeMod:CastleOfTheSun","floor":23},{"not_picked":["KiyohimeMod:Grimoire","KiyohimeMod:WaterTurn+1","KiyohimeMod:FormalCraft"],"picked":"SKIP","floor":25},{"not_picked":["KiyohimeMod:LimitedZeroOver","KiyohimeMod:AndSoTheShipConquers+1"],"picked":"KiyohimeMod:Berserker+1","floor":27},{"not_picked":["KiyohimeMod:SteelTraining+1","KiyohimeMod:AndSoTheShipConquers+1"],"picked":"KiyohimeMod:RedBlackKey+1","floor":31},{"not_picked":["KiyohimeMod:CommandCard_Buster+1","KiyohimeMod:Tenacious"],"picked":"KiyohimeMod:Preemptive+1","floor":35},{"not_picked":["infinitespire:Gouge","infinitespire:Execution"],"picked":"infinitespire:SealOfDarkness+","floor":37},{"not_picked":["KiyohimeMod:Preemptive+1","KiyohimeMod:AndSoTheShipConquers+1"],"picked":"KiyohimeMod:CastleOfTheSun","floor":39},{"not_picked":["KiyohimeMod:FirstPremonition+1","KiyohimeMod:Berserker+1"],"picked":"KiyohimeMod:BeElegant","floor":41},{"not_picked":["KiyohimeMod:ImaginaryAround","KiyohimeMod:WaterTurn+1"],"picked":"KiyohimeMod:RedBlackKey+1","floor":44},{"not_picked":["KiyohimeMod:BeElegant+1","KiyohimeMod:HotSpringOfTheMoon+1","KiyohimeMod:WaterTurn+1"],"picked":"SKIP","floor":46},{"not_picked":["KiyohimeMod:CommandCard_Buster","KiyohimeMod:CelestialInvertedMoon"],"picked":"KiyohimeMod:SteelTraining+1","floor":47},{"not_picked":["infinitespire:DeathsTouch","infinitespire:SevenWalls"],"picked":"infinitespire:NeuralNetwork","floor":48},{"not_picked":["KiyohimeMod:HotSpringOfTheMoon","KiyohimeMod:WaterTurn+1"],"picked":"KiyohimeMod:FirstPremonition","floor":48}],"player_experience":189977,"relics_obtained":[{"floor":7,"key":"vexMod:InvisibilityCloak"},{"floor":9,"key":"Smiling Mask"},{"floor":11,"key":"hubris:TinFlute"},{"floor":13,"key":"vexMod:MemoryStick"},{"floor":23,"key":"PreservedInsect"},{"floor":25,"key":"conspire:BottledYoYo"},{"floor":26,"key":"halation:AfternoonTea"},{"floor":27,"key":"aspiration:Lifesprig"},{"floor":28,"key":"infinitespire:Lucky Rock"},{"floor":36,"key":"halation:QuantumPhysicsTextbook"},{"floor":41,"key":"Juzu Bracelet"},{"floor":43,"key":"HornCleat"},{"floor":44,"key":"Anchor"},{"floor":47,"key":"infinitespire:Magic Flask"},{"floor":48,"key":"vexMod:CardConverter"}],"event_choices":[{"damage_healed":15,"gold_gain":0,"player_choice":"Healed","damage_taken":0,"max_hp_gain":0,"max_hp_loss":0,"event_name":"The Cleric","floor":2,"gold_loss":35},{"damage_healed":0,"gold_gain":0,"cards_transformed":["KiyohimeMod:FlameKiss"],"player_choice":"Change","damage_taken":0,"max_hp_gain":0,"max_hp_loss":0,"event_name":"Living Wall","floor":12,"gold_loss":0,"cards_obtained":["KiyohimeMod:RealityMarble"]},{"damage_healed":0,"gold_gain":0,"player_choice":"Opened","damage_taken":0,"relics_obtained":["theForsaken:HumbleEgg"],"max_hp_gain":0,"max_hp_loss":0,"event_name":"The Mausoleum","floor":19,"gold_loss":0},{"damage_healed":0,"gold_gain":0,"cards_transformed":["KiyohimeMod:Defend"],"player_choice":"Transformed","damage_taken":0,"max_hp_gain":0,"max_hp_loss":0,"event_name":"Transmorgrifier","floor":20,"gold_loss":0,"cards_obtained":["KiyohimeMod:Fragarach"]},{"damage_healed":0,"gold_gain":0,"player_choice":"Read","damage_taken":0,"max_hp_gain":0,"max_hp_loss":0,"event_name":"The Library","floor":30,"gold_loss":0,"cards_obtained":["KiyohimeMod:DragonVein"]},{"damage_healed":0,"gold_gain":0,"player_choice":"Fight","damage_taken":0,"max_hp_gain":0,"max_hp_loss":0,"event_name":"Mysterious Sphere","floor":36,"gold_loss":0},{"damage_healed":0,"gold_gain":0,"player_choice":"1 cards matched","damage_taken":0,"max_hp_gain":0,"max_hp_loss":0,"event_name":"Match and Keep!","floor":42,"gold_loss":0,"cards_obtained":["KiyohimeMod:DivineConstruct"]},{"cards_removed":["hubris:Despair"],"damage_healed":0,"gold_gain":0,"player_choice":"Purged","damage_taken":0,"max_hp_gain":0,"max_hp_loss":0,"event_name":"Purifier","floor":45,"gold_loss":0}],"is_beta":false,"boss_relics":[{"not_picked":["aspiration:SilentSkillbook","hubris:CrackedHourglass"],"picked":"KiyohimeMod:Bond"},{"not_picked":["bronze:MakeshiftBattery","Runic Dome"],"picked":"energizedSpire:HugeHouse"}],"items_purged_floors":[10,38],"is_endless":false,"potions_floor_spawned":[1,5,8,16,18,22,33,35,39,44,48],"ascension_level":1}}