{"host":"szp1d6dso4pv7ddl","time":1611008646,"event":{"mods":["AchievementEnabler","Alarm Clock","BaseMod","Bestiary","Block Reminder","Colored Map","Colored Powertips","Curses Come First","Dark Map","Displayed Cursed Tome","Highlight Path","Minty Spire (QoL Compilation)","Permanent Neow","Quick Restart","Relic Sorter","Relic Stats","StSLib","Synergy Search"],"gold_per_floor":[109,9,24,39,114,114,139,30,84,104,104,123,123,73,73,176,176,186,34,53,64,64,64,64,64,116,116,116,116,116,48,48,48,48],"floor_reached":33,"language":"ENG","playtime":1457,"items_purged":["Doubt","Strike_B"],"score":399,"play_id":"bad43a1c-9f2e-40e2-af59-20706f4fe5f2","local_time":"20210118142406","is_ascension_mode":true,"campfire_choices":[{"data":"Melter","floor":6,"key":"SMITH"},{"floor":11,"key":"REST"},{"data":"Scrape","floor":15,"key":"SMITH"},{"data":"Buffer","floor":23,"key":"SMITH"},{"floor":25,"key":"REST"},{"floor":32,"key":"REST"}],"circlet_count":0,"master_deck":["AscendersBane","Defend_B","Defend_B","Defend_B","Zap","Hello World","Ball Lightning","Melter+1","Gash","Scrape+1","Self Repair","Beam Cell","Buffer+1","FTL","Conserve Battery","Bite","Bite","Bite","Bite","Bite","Injury","Doubt","Scrape"],"relics":["Cracked Core","Juzu Bracelet","Strawberry","Busted Crown","Blue Candle","Bag of Marbles"],"acts_visited":["Exordium","TheCity"],"potions_floor_usage":[12],"damage_taken":[{"damage":6,"enemies":"Cultist","floor":1,"turns":3},{"damage":0,"enemies":"2 Louse","floor":3,"turns":1},{"damage":12,"enemies":"Small Slimes","floor":4,"turns":2},{"damage":25,"enemies":"3 Sentries","floor":7,"turns":6},{"damage":10,"enemies":"2 Fungi Beasts","floor":10,"turns":3},{"damage":10,"enemies":"3 Louse","floor":12,"turns":3},{"damage":36,"enemies":"Hexaghost","floor":16,"turns":8},{"damage":7,"enemies":"Chosen","floor":18,"turns":4},{"damage":22,"enemies":"3 Byrds","floor":20,"turns":5},{"damage":48,"enemies":"3 Cultists","floor":21,"turns":6},{"damage":40,"enemies":"Colosseum Slavers","floor":29,"turns":4},{"damage":60,"enemies":"Champ","floor":33,"turns":7}],"seed_played":"-8751274916774095242","potions_obtained":[{"floor":4,"key":"GamblersBrew"},{"floor":10,"key":"Regen Potion"},{"floor":20,"key":"GamblersBrew"},{"floor":21,"key":"LiquidMemories"}],"is_trial":false,"path_per_floor":["M","$","M","M","?","R","E","$","T","M","R","M","?","?","R","B",null,"M","$","M","M","?","R","?","R","T","$","?","?","?","$","R","B"],"character_chosen":"DEFECT","items_purchased":["Gash","Scrape","Self Repair","Conserve Battery","Scrape"],"campfire_rested":3,"item_purchase_floors":[2,8,8,19,31],"current_hp_per_floor":[62,62,62,50,39,39,14,14,14,13,35,43,50,50,50,23,67,69,69,56,17,17,17,17,41,41,41,41,18,18,18,42,0,0],"gold":48,"neow_bonus":"TRANSFORM_TWO_CARDS","is_daily":false,"chose_seed":false,"campfire_upgraded":3,"win_rate":0.0,"timestamp":1611008646,"path_taken":["M","$","M","M","?","R","E","$","T","M","R","M","?","?","R","BOSS","M","$","M","M","?","R","?","R","T","$","?","?","?","$","R","BOSS"],"items_purchased_type":["Card","Card","Card","Card","Card"],"build_version":"2020-12-22","purchased_purges":2,"victory":false,"max_hp_per_floor":[75,75,75,75,75,75,75,75,75,75,75,75,82,82,82,82,82,82,82,82,82,82,82,82,82,82,82,82,82,82,82,82,82,82],"relic_stats":{"Busted Crown":6,"counters":[12,52],"Blue Candle":[2],"Juzu Bracelet":1,"obtain_stats":[{"Blood Vial":9,"Busted Crown":17,"Strawberry":13,"Blue Candle":22,"Juzu Bracelet":7,"Bag of Marbles":26,"Cracked Core":0},{"Blood Vial":4,"Busted Crown":7,"Strawberry":6,"Blue Candle":10,"Juzu Bracelet":4,"Bag of Marbles":10,"Cracked Core":0},{"Blood Vial":12,"Busted Crown":26,"Strawberry":18,"Blue Candle":41,"Juzu Bracelet":12,"Bag of Marbles":41,"Cracked Core":0}]},"card_choices":[{"not_picked":["Compile Driver","Coolheaded"],"picked":"Melter","floor":1},{"not_picked":["Loop","Tempest","Leap"],"picked":"SKIP","floor":3},{"not_picked":["Leap","Stack","Turbo"],"picked":"SKIP","floor":4},{"not_picked":["Turbo","Conserve Battery","Auto Shields"],"picked":"SKIP","floor":7},{"not_picked":["Cold Snap","Undo"],"picked":"Beam Cell","floor":10},{"not_picked":["Turbo","Fusion","Ball Lightning"],"picked":"SKIP","floor":12},{"not_picked":["Core Surge","Creative AI"],"picked":"Buffer","floor":16},{"not_picked":[],"picked":"FTL","floor":18},{"not_picked":["Stack"],"picked":"SKIP","floor":20},{"not_picked":["Self Repair"],"picked":"SKIP","floor":21}],"player_experience":1219050,"relics_obtained":[{"floor":7,"key":"Juzu Bracelet"},{"floor":9,"key":"Blood Vial"},{"floor":26,"key":"Bag of Marbles"}],"event_choices":[{"damage_healed":0,"gold_gain":75,"player_choice":"Gather Gold","damage_taken":11,"max_hp_gain":0,"max_hp_loss":0,"event_name":"World of Goop","floor":5,"gold_loss":0},{"damage_healed":0,"gold_gain":0,"player_choice":"Gave Potion","damage_taken":0,"relics_obtained":["Strawberry"],"max_hp_gain":0,"max_hp_loss":0,"event_name":"WeMeetAgain","floor":13,"gold_loss":0},{"cards_removed":["Dualcast"],"damage_healed":0,"gold_gain":0,"player_choice":"Card Removal","damage_taken":0,"max_hp_gain":0,"max_hp_loss":0,"event_name":"The Cleric","floor":14,"gold_loss":50},{"damage_healed":0,"gold_gain":0,"player_choice":"Stole Relic","damage_taken":0,"relics_obtained":["Blue Candle"],"max_hp_gain":0,"max_hp_loss":0,"event_name":"Addict","floor":22,"gold_loss":0,"cards_obtained":["Shame"]},{"damage_healed":0,"gold_gain":0,"player_choice":"Smashed Altar","damage_taken":0,"max_hp_gain":0,"max_hp_loss":0,"event_name":"Forgotten Altar","floor":24,"gold_loss":0,"cards_obtained":["Decay"]},{"damage_healed":0,"gold_gain":0,"player_choice":"Became a vampire (Vial)","damage_taken":0,"max_hp_gain":0,"max_hp_loss":0,"event_name":"Vampires","floor":28,"relics_lost":["Blood Vial"],"gold_loss":0,"cards_obtained":["Bite","Bite","Bite","Bite","Bite"]},{"damage_healed":0,"gold_gain":0,"player_choice":"Fight","damage_taken":0,"max_hp_gain":0,"max_hp_loss":0,"event_name":"Colosseum","floor":29,"gold_loss":0},{"damage_healed":0,"gold_gain":0,"player_choice":"Fled From Nobs","damage_taken":0,"max_hp_gain":0,"max_hp_loss":0,"event_name":"Colosseum","floor":29,"gold_loss":0},{"damage_healed":0,"gold_gain":0,"cards_transformed":["Decay","Shame"],"player_choice":"Became Test Subject","damage_taken":0,"max_hp_gain":0,"max_hp_loss":0,"event_name":"Drug Dealer","floor":30,"gold_loss":0,"cards_obtained":["Injury","Doubt"]}],"is_beta":false,"boss_relics":[{"not_picked":["Runic Dome","FrozenCore"],"picked":"Busted Crown"}],"items_purged_floors":[2,19],"is_endless":false,"potions_floor_spawned":[4,10,20,21],"killed_by":"Champ","ascension_level":11}}