{"host":"szp1d6dso4pv7ddl","time":1611003179,"event":{"mods":["AchievementEnabler","Alarm Clock","BaseMod","Bestiary","Block Reminder","Colored Map","Colored Powertips","Curses Come First","Dark Map","Displayed Cursed Tome","Highlight Path","Minty Spire (QoL Compilation)","Permanent Neow","Quick Restart","Relic Sorter","Relic Stats","StSLib","Synergy Search"],"gold_per_floor":[115,135,25,25,44,44,59,23,76,110,110,125,140,151,151,248,248,231,250,270,119,134,134,134,134],"floor_reached":24,"language":"ENG","playtime":1236,"items_purged":["Strike_B"],"score":313,"play_id":"b82f91a4-0d4e-4d02-ac85-ae39816423ed","local_time":"20210118125259","is_ascension_mode":true,"campfire_choices":[{"data":"Loop","floor":6.0,"key":"SMITH"},{"floor":11.0,"key":"REST"},{"floor":15.0,"key":"REST"},{"data":"Loop","floor":23,"key":"SMITH"}],"circlet_count":0,"master_deck":["AscendersBane","Strike_B","Strike_B","Defend_B","Defend_B","Defend_B","Zap","Dualcast","Melter","Coolheaded","Barrage","Loop+1","Loop+1","Reinforced Body","Doom and Gloom","Ball Lightning","Glacier","Capacitor","Chill","Electrodynamics","Coolheaded","Darkness+1","Capacitor"],"relics":["Cracked Core","Potion Belt","Vajra","Nuclear Battery"],"acts_visited":["TheCity"],"potions_floor_usage":[24],"damage_taken":[{"damage":4.0,"enemies":"Cultist","floor":1.0,"turns":3.0},{"damage":1.0,"enemies":"2 Louse","floor":2.0,"turns":2.0},{"damage":5.0,"enemies":"Jaw Worm","floor":5.0,"turns":3.0},{"damage":14.0,"enemies":"3 Louse","floor":7.0,"turns":3.0},{"damage":32.0,"enemies":"Gremlin Nob","floor":10.0,"turns":4.0},{"damage":0.0,"enemies":"Blue Slaver","floor":12.0,"turns":4.0},{"damage":26.0,"enemies":"Exordium Thugs","floor":13.0,"turns":4.0},{"damage":9.0,"enemies":"3 Louse","floor":14.0,"turns":4.0},{"damage":7.0,"enemies":"The Guardian","floor":16.0,"turns":10.0},{"damage":20.0,"enemies":"2 Thieves","floor":18.0,"turns":4.0},{"damage":0,"enemies":"Spheric Guardian","floor":19,"turns":3},{"damage":1,"enemies":"Centurion and Healer","floor":20,"turns":7},{"damage":8,"enemies":"Chosen and Byrds","floor":22,"turns":4},{"damage":32,"enemies":"Slavers","floor":24,"turns":4}],"seed_played":"4025547346257253714","potions_obtained":[{"floor":2.0,"key":"LiquidBronze"},{"floor":7.0,"key":"DuplicationPotion"},{"floor":10.0,"key":"Ancient Potion"},{"floor":12.0,"key":"Energy Potion"},{"floor":18.0,"key":"Explosive Potion"}],"is_trial":false,"path_per_floor":["M","M","$","?","M","R","M","$","T","E","R","M","M","M","R","B",null,"M","M","M","$","M","R","E"],"character_chosen":"DEFECT","items_purchased":["Loop","Reinforced Body","Glacier","Capacitor"],"campfire_rested":2,"item_purchase_floors":[3,3,8,21],"current_hp_per_floor":[64,63,63,68,63,63,49,49,49,17,38,38,12,3,24,17,59,39,39,38,38,30,30,0,0],"gold":134,"neow_bonus":"TRANSFORM_TWO_CARDS","is_daily":false,"chose_seed":false,"campfire_upgraded":2,"win_rate":0.0,"timestamp":1611003179,"path_taken":["M","M","$","?","M","R","M","$","T","E","R","M","M","M","R","BOSS","M","M","M","$","M","R","E"],"items_purchased_type":["Card","Card","Card","Card"],"build_version":"2020-12-22","purchased_purges":1,"victory":false,"max_hp_per_floor":[68,68,68,73,73,73,73,73,73,73,73,73,73,73,73,73,73,73,73,73,73,73,73,73,73],"relic_stats":{"counters":[11,51],"obtain_stats":[{"Potion Belt":9,"Vajra":10,"Cracked Core":0,"Nuclear Battery":17},{"Potion Belt":1,"Vajra":2,"Cracked Core":0,"Nuclear Battery":6},{"Potion Belt":3,"Vajra":7,"Cracked Core":0,"Nuclear Battery":29}]},"card_choices":[{"not_picked":["Streamline","Leap"],"picked":"Barrage","floor":1.0},{"not_picked":["Skim","Auto Shields"],"picked":"Loop","floor":2.0},{"not_picked":["Steam","Force Field"],"picked":"Doom and Gloom","floor":5.0},{"not_picked":["Auto Shields","Redo"],"picked":"Ball Lightning","floor":7.0},{"not_picked":["Aggregate","Core Surge"],"picked":"Capacitor","floor":10.0},{"not_picked":["Rebound","Recycle","Aggregate"],"picked":"SKIP","floor":12.0},{"not_picked":["White Noise","Gash"],"picked":"Chill","floor":13.0},{"not_picked":["Conserve Battery","Heatsinks","Static Discharge"],"picked":"SKIP","floor":14.0},{"not_picked":["Fission","All For One"],"picked":"Electrodynamics","floor":16.0},{"not_picked":["Rip and Tear","Cold Snap"],"picked":"Coolheaded","floor":18.0},{"not_picked":["Tempest","Leap","Conserve Battery"],"picked":"SKIP","floor":19},{"not_picked":["Auto Shields","Coolheaded+1"],"picked":"Darkness+1","floor":20},{"not_picked":["Coolheaded","Rebound+1","Steam+1"],"picked":"SKIP","floor":22}],"player_experience":1217814,"relics_obtained":[{"floor":9.0,"key":"Potion Belt"},{"floor":10.0,"key":"Vajra"}],"event_choices":[{"damage_healed":0.0,"max_hp_gain":5.0,"max_hp_loss":0.0,"gold_gain":0.0,"event_name":"Big Fish","player_choice":"Donut","floor":4.0,"gold_loss":0.0,"damage_taken":0.0}],"is_beta":false,"boss_relics":[{"not_picked":["Philosopher\u0027s Stone","Calling Bell"],"picked":"Nuclear Battery"}],"items_purged_floors":[21],"is_endless":false,"potions_floor_spawned":[2,7,10,12,18],"killed_by":"Slavers","ascension_level":11}}