{"host":"appz8zkad29u9482","time":1611003145,"event":{"mods":["2.2 Compatiblity","Act Like it!","Aspiration","BaseMod","Beaked The Cultist","Better Altar","Better Match","Better Note","Better Skull","Better Third Choice","BetterRewards","CapriCore","Conspire","Disable Question Mark Monsters","Energized Spire","Gensokyo","GifTheSpireLib","Gold Saver","Halation","Hermit","Hubris","Infinite Spire","Jedi Mod","Marisa????????","Minty Spire (QoL Compilation)","Permanent Neow","Reimu??????","Replay The Spire","Spicy Shops","StSLib","Strawberry Spire","Stuff the Spire","The Administrix","The Alterego","The Bug Knight","The Construct","The Cursed","The Florist","The Hierophant","The Immortal","The Servant 0.9.4","yUi"],"gold_per_floor":[347,364,118,118,138,138,149,149,149,159,159,188,188,215,215,318,318,329,341,341,356,367,367,386,60,113,113,113],"floor_reached":27,"language":"ENG","playtime":1066,"items_purged":[],"score":248,"play_id":"d6932853-b50b-4d4d-88bf-ddf7c6492389","local_time":"20210118105225","is_ascension_mode":true,"campfire_choices":[{"data":"StuffTheSpire:Synthwave","floor":6,"key":"SMITH"},{"data":"Loop","floor":8,"key":"SMITH"},{"data":"Defragment","floor":15,"key":"SMITH"},{"floor":23,"key":"REST"}],"circlet_count":0,"master_deck":["Strike_B","Strike_B","Strike_B","Defend_B","Defend_B","Defend_B","Defend_B","Zap","Dualcast+1","Stack","Loop+1","StuffTheSpire:Synthwave+1","Ball Lightning","Thunder Strike","Steam","Defragment+1","Amplify","Steam","jedi:blockon","Heatsinks+1","ReplayTheSpireMod:Calculation Training+1","hubris:EnhanceAbility"],"relics":["Cracked Core","conspire:TopHat","halation:EternalFortune","halation:PromiseList","Replay:Towering Pillar of Hats","Nunchaku","energizedSpire:OldTV","jedi:crownofsimplicity","Anchor"],"acts_visited":["Exordium","TheCity"],"potions_floor_usage":[21,21,22],"damage_taken":[{"damage":2,"enemies":"Jaw Worm","floor":1,"turns":3},{"damage":0,"enemies":"conspire:RoseBush","floor":2,"turns":3},{"damage":5,"enemies":"infinitespire:Voidling","floor":5,"turns":3},{"damage":4,"enemies":"Red Slaver","floor":7,"turns":3},{"damage":1,"enemies":"2 Fungi Beasts","floor":10,"turns":3},{"damage":5,"enemies":"HollowMod:MossKnight","floor":12,"turns":4},{"damage":4,"enemies":"Lagavulin","floor":14,"turns":5},{"damage":28,"enemies":"Hexaghost","floor":16,"turns":6},{"damage":5,"enemies":"conspire:FuzzyDice","floor":18,"turns":5},{"damage":18,"enemies":"Centurion and Healer","floor":19,"turns":6},{"damage":26,"enemies":"Snecko","floor":21,"turns":5},{"damage":28,"enemies":"Snake Plant","floor":22,"turns":4},{"damage":15,"enemies":"3 Cultists","floor":24,"turns":4},{"damage":19,"enemies":"Centurion and Healer","floor":27,"turns":2}],"seed_played":"6502568443167699165","potions_obtained":[{"floor":5,"key":"LiquidMemories"},{"floor":7,"key":"Block Potion"},{"floor":14,"key":"Ancient Potion"},{"floor":19,"key":"Energy Potion"},{"floor":22,"key":"BlessingOfTheForge"}],"is_trial":false,"path_per_floor":["M","M","$","?","M","R","M","R","T","M","?","E","?","E","R","B",null,"M","M","$","M","M","R","M","$","T","M"],"character_chosen":"DEFECT","items_purchased":["StuffTheSpire:Synthwave","hubris:EnhanceAbility","jedi:crownofsimplicity"],"campfire_rested":1,"item_purchase_floors":[3,25,25],"current_hp_per_floor":[73,73,73,76,78,78,74,74,74,73,73,68,68,64,64,36,81,76,61,61,35,7,32,17,17,17,0,0],"gold":113,"neow_bonus":"RANDOM_COMMON_RELIC","is_daily":false,"chose_seed":false,"campfire_upgraded":3,"win_rate":0.0,"timestamp":1611003145,"path_taken":["M","M","$","?","M","R","M","R","T","M","?","E","?","E","R","BOSS","M","?","?","M","M","R","M","$","T","M"],"items_purchased_type":["Card","Card","Relic"],"build_version":"2020-12-22","purchased_purges":0,"victory":false,"max_hp_per_floor":[75,75,75,78,81,81,81,81,81,81,81,81,81,81,81,81,81,81,84,84,84,84,84,84,84,84,84,84],"card_choices":[{"not_picked":["Barrage","Hologram"],"picked":"Stack","floor":1},{"not_picked":["Stack","Rebound"],"picked":"Loop","floor":2},{"not_picked":["jedi:BurstLightning","Panic Button"],"picked":"Ball Lightning","floor":5},{"not_picked":["Conserve Battery","strawberrySpire:FocalLaser","Rebound"],"picked":"SKIP","floor":7},{"not_picked":["Leap","Gash"],"picked":"Thunder Strike","floor":10},{"not_picked":["Panic Button","Hologram","Conserve Battery"],"picked":"SKIP","floor":12},{"not_picked":["Melter","Conserve Battery"],"picked":"Defragment","floor":14},{"not_picked":["All For One","Reboot"],"picked":"Amplify","floor":16},{"not_picked":["strawberrySpire:NeonFlight","BasicCrystalCard"],"picked":"Steam","floor":18},{"not_picked":["jedi:BurstLightning","Cold Snap","Beam Cell"],"picked":"SKIP","floor":19},{"not_picked":["StuffTheSpire:LoadUp","Redo"],"picked":"jedi:blockon","floor":21},{"not_picked":["strawberrySpire:NeonFlight","Consume"],"picked":"Heatsinks+1","floor":22},{"not_picked":["Barrage","Sweeping Beam+1"],"picked":"ReplayTheSpireMod:Calculation Training+1","floor":24}],"player_experience":557473,"relics_obtained":[{"floor":5,"key":"halation:EternalFortune"},{"floor":9,"key":"halation:PromiseList"},{"floor":12,"key":"Replay:Towering Pillar of Hats"},{"floor":14,"key":"Nunchaku"},{"floor":19,"key":"halation:EternalFortune"},{"floor":26,"key":"Anchor"}],"event_choices":[{"damage_healed":0,"gold_gain":0,"cards_transformed":["Strike_B"],"player_choice":"Transformed","damage_taken":0,"max_hp_gain":0,"max_hp_loss":0,"event_name":"Transmorgrifier","floor":13,"gold_loss":0,"cards_obtained":["Steam"]}],"is_beta":false,"boss_relics":[{"not_picked":["beaked:MawFillet","hubris:TerracottaHorce"],"picked":"energizedSpire:OldTV"}],"items_purged_floors":[],"is_endless":false,"potions_floor_spawned":[5,7,14,19,22],"killed_by":"Centurion and Healer","ascension_level":2}}