{"host":"1ekl8hlbnopmdapi","time":1611003421,"event":{"mods":["AchievementEnabler","BaseMod","Colored Map","Colored Powertips","DeckTracker","Googly Eyes","Highlight Path","Minty Spire (QoL Compilation)","Relic Sorter","StSLib","Synergy Search"],"gold_per_floor":[119,52,70,85,99,99,133,133,157,182,36,36,64,83,83,83,83],"floor_reached":16,"language":"ENG","playtime":2113,"items_purged":[],"score":181,"play_id":"7c05b923-6cad-4775-b642-0cbd687b589b","local_time":"20210118155701","is_ascension_mode":true,"campfire_choices":[{"floor":6,"key":"RECALL"},{"floor":8,"key":"REST"},{"floor":12,"key":"REST"},{"floor":15,"key":"REST"}],"circlet_count":0,"master_deck":["Strike_G","Strike_G","Strike_G","Strike_G","Strike_G","Defend_G","Defend_G","Defend_G","Defend_G","Defend_G","Survivor","Neutralize","Flying Knee","Accuracy","Backstab","Cloak And Dagger","Quick Slash","Blade Dance","Deflect","Unload"],"relics":["SacredBark","Centennial Puzzle","Potion Belt","Tiny Chest","Bronze Scales","Meat on the Bone"],"acts_visited":["Exordium"],"potions_floor_usage":[13],"damage_taken":[{"damage":0,"enemies":"Cultist","floor":1,"turns":5},{"damage":3,"enemies":"Small Slimes","floor":3,"turns":4},{"damage":1,"enemies":"2 Louse","floor":4,"turns":3},{"damage":10,"enemies":"Exordium Thugs","floor":5,"turns":5},{"damage":42,"enemies":"Gremlin Nob","floor":7,"turns":5},{"damage":26,"enemies":"3 Sentries","floor":10,"turns":10},{"damage":0,"enemies":"Lagavulin","floor":13,"turns":4},{"damage":8,"enemies":"Lots of Slimes","floor":14,"turns":2},{"damage":62,"enemies":"Slime Boss","floor":16,"turns":12}],"seed_played":"-7945515202445032800","potions_obtained":[{"floor":7,"key":"EssenceOfSteel"},{"floor":10,"key":"CunningPotion"}],"is_trial":false,"path_per_floor":["M","$","M","M","M","R","E","R","T","E","$","R","E","M","R","B"],"character_chosen":"THE_SILENT","items_purchased":["Accuracy","Bronze Scales"],"campfire_rested":3,"item_purchase_floors":[2,11],"current_hp_per_floor":[70,70,67,66,56,56,14,35,35,9,9,30,30,34,55,0,0],"gold":83,"neow_bonus":"BOSS_RELIC","is_daily":false,"chose_seed":false,"campfire_upgraded":0,"win_rate":0.0,"timestamp":1611003421,"path_taken":["M","?","M","M","M","R","E","R","T","E","?","R","E","?","R","BOSS"],"items_purchased_type":["Card","Relic"],"build_version":"2020-12-22","purchased_purges":0,"victory":false,"max_hp_per_floor":[70,70,70,70,70,70,70,70,70,70,70,70,70,70,70,70,70],"card_choices":[{"not_picked":["Flechettes","Slice"],"picked":"Flying Knee","floor":1},{"not_picked":["Deadly Poison","Riddle With Holes"],"picked":"Backstab","floor":3},{"not_picked":["Quick Slash","Skewer"],"picked":"Cloak And Dagger","floor":4},{"not_picked":["Tactician","Riddle With Holes"],"picked":"Quick Slash","floor":5},{"not_picked":["Underhanded Strike","Storm of Steel"],"picked":"Blade Dance","floor":7},{"not_picked":["Backflip","Wraith Form v2"],"picked":"Deflect","floor":10},{"not_picked":["Acrobatics","Tactician","Deflect"],"picked":"SKIP","floor":13},{"not_picked":["Dagger Throw","Prepared"],"picked":"Unload","floor":14}],"player_experience":466397,"relics_obtained":[{"floor":7,"key":"Centennial Puzzle"},{"floor":9,"key":"Potion Belt"},{"floor":10,"key":"Tiny Chest"},{"floor":13,"key":"Meat on the Bone"}],"event_choices":[],"is_beta":false,"boss_relics":[],"items_purged_floors":[],"is_endless":false,"potions_floor_spawned":[7,10],"killed_by":"Slime Boss","ascension_level":5}}