{"host":"u19jhb6amotr3ucl","time":1611013144,"event":{"mods":["Act Like it!","Astrologer","BaseMod","Better Match","BetterRewards","Conspire","Duelist Mod","Hubris","Infinite Spire","Jorbs\u0027s Wanderer Trilogy","Marisa????????","Minty Spire (QoL Compilation)","Quick Restart","Replay The Spire","Spicy Shops","StSLib","The Animator"],"gold_per_floor":[119,119,119,129,229,229,254,264,264,290,290,309,344,46,46,158,158,174,201,201,351,401,401,401],"floor_reached":23,"language":"ENG","playtime":1712,"items_purged":["animator:Curse_Nutcracker"],"score":344,"play_id":"fdfafd59-05a9-40e5-8ebd-18c216b98521","local_time":"20210118183904","is_ascension_mode":true,"campfire_choices":[{"floor":6,"key":"RECALL"},{"floor":11,"key":"REST"},{"data":"MeteoricShower","floor":15,"key":"SMITH"}],"circlet_count":0,"master_deck":["Strike_MRS","Strike_MRS","Strike_MRS","Defend_MRS","Defend_MRS","Defend_MRS","Defend_MRS","MasterSpark","UpSweep","Midas Touch","Replay:Bootleg Shield Generator","MeteoricShower+1","MeteoricShower","IllusionStar","Chrysalis","Secret Weapon","Mind Blast","Singularity","6A","AlicesGift","Acceleration","MachineGunSpark","WitchOfGreed","Orbital+1","SuperPerseids+1","StarDustReverie+1","MysteriousBeam+1","DC+1","infinitespire:DeathsTouch+1","Spreading Infection"],"relics":["MiniHakkero","ReplayTheSpireMod:ShopPack","Chemical X","infinitespire:Lychee Nut","Toy Ornithopter","Toxic Egg 2","Mango","Molten Egg 2","hubris:BlackHole","ReplayTheSpireMod:CursedCoin","Ring of Greed","Membership Card","Golden Idol","Ring of Fangs","Blue Candle"],"acts_visited":["Exordium","TheCity"],"potions_floor_usage":[7,10,16,18,23],"damage_taken":[{"damage":16,"enemies":"Jaw Worm","floor":1,"turns":3},{"damage":0,"enemies":"2 Louse","floor":4,"turns":2},{"damage":26,"enemies":"3 Sentries","floor":7,"turns":8},{"damage":0,"enemies":"Cultist","floor":8,"turns":3},{"damage":11,"enemies":"Replay:BlueRogue","floor":10,"turns":3},{"damage":7,"enemies":"Looter","floor":12,"turns":3},{"damage":7,"enemies":"Large Slime","floor":13,"turns":5},{"damage":8,"enemies":"Fading Forest","floor":16,"turns":11},{"damage":3,"enemies":"3 Byrds","floor":18,"turns":3},{"damage":26,"enemies":"Shell Parasite","floor":19,"turns":3},{"damage":57,"enemies":"Nightmare","floor":23,"turns":4}],"seed_played":"-8679892549510758885","potions_obtained":[{"floor":1,"key":"ShroomBrew"},{"floor":4,"key":"BottledSpark"},{"floor":8,"key":"Toxic Potion"},{"floor":13,"key":"Adrenaline Potion"},{"floor":13,"key":"Strength Potion"},{"floor":16,"key":"PowerPotion"},{"floor":19,"key":"Energy Potion"}],"is_trial":false,"path_per_floor":["M","?","T","M","?","R","E","M","T","E","R","M","M","$","R","B",null,"M","M","?","AVR","?","NM"],"character_chosen":"MARISA","items_purchased":["Midas Touch","ReplayTheSpireMod:ShopPack","Replay:Bootleg Shield Generator","MeteoricShower","Chemical X","IllusionStar","Molten Egg 2","SuperPerseids+1"],"campfire_rested":1,"item_purchase_floors":[0,0,0,0,0,0,14,14],"current_hp_per_floor":[27,27,27,30,30,30,10,15,15,28,49,47,46,46,46,49,70,67,46,46,46,46,0,0],"gold":401,"neow_bonus":"","is_daily":false,"chose_seed":false,"campfire_upgraded":1,"win_rate":0.0,"timestamp":1611013144,"path_taken":["M","?","?","M","?","R","E","?","T","E","R","M","M","$","R","BOSS","M","M","?","AVR","?","NM"],"items_purchased_type":["Card","Relic","Card","Card","Relic","Card","Relic","Card"],"build_version":"2020-12-22","purchased_purges":1,"victory":false,"max_hp_per_floor":[56,56,56,56,56,56,56,56,56,70,70,70,70,70,70,70,70,70,70,70,70,70,70,70],"card_choices":[{"not_picked":["hubris:EnhanceAbility","ReplayUltimateDefense"],"picked":"Chrysalis","floor":0},{"not_picked":["Forethought","Blind"],"picked":"Secret Weapon","floor":0},{"not_picked":["Replay:Parry","The Bomb"],"picked":"Mind Blast","floor":0},{"not_picked":["EnergyRecoil","UltimateShortwave"],"picked":"Singularity","floor":1},{"not_picked":["Acceleration","MeteoricShower"],"picked":"6A","floor":4},{"not_picked":["SprinkleStarSeal","DragonMeteor"],"picked":"AlicesGift","floor":7},{"not_picked":["ChargingUp","StarlightTyphoon"],"picked":"Acceleration","floor":8},{"not_picked":["AlicesGift","StarBarrage"],"picked":"MachineGunSpark","floor":10},{"not_picked":["GrandCross","DeepEcoloBomb"],"picked":"WitchOfGreed","floor":12},{"not_picked":["LuminesStrike","StarlightTyphoon+1"],"picked":"Orbital+1","floor":13},{"not_picked":["MillisecondPulsars","CollectingQuirk+1"],"picked":"StarDustReverie+1","floor":16},{"not_picked":["DoubleSpark+1","MilkyWay+1"],"picked":"MysteriousBeam+1","floor":18},{"not_picked":["PropBag+1","WitchOfGreed+1"],"picked":"DC+1","floor":19}],"player_experience":345034,"relics_obtained":[{"floor":7,"key":"Toy Ornithopter"},{"floor":9,"key":"Toxic Egg 2"},{"floor":10,"key":"Mango"},{"floor":22,"key":"Ring of Greed"},{"floor":22,"key":"Membership Card"},{"floor":22,"key":"Golden Idol"},{"floor":22,"key":"Ring of Fangs"}],"event_choices":[{"damage_healed":0,"gold_gain":100,"player_choice":"Gold","damage_taken":0,"max_hp_gain":0,"max_hp_loss":0,"event_name":"Wheel of Change","floor":5,"gold_loss":0},{"cards_removed":["Strike_MRS"],"damage_healed":0,"gold_gain":0,"player_choice":"Elegance","damage_taken":0,"max_hp_gain":0,"max_hp_loss":0,"event_name":"Back to Basics","floor":20,"gold_loss":0}],"is_beta":false,"boss_relics":[{"not_picked":["SlaversCollar","Tiny House"],"picked":"hubris:BlackHole"}],"items_purged_floors":[21],"is_endless":false,"potions_floor_spawned":[1,4,8,13],"killed_by":"Nightmare","ascension_level":3}}