{"host":"qrbkigq52dd42dk0","time":1611006554,"event":{"mods":["AchievementEnabler","BaseMod","Colored Map","Colored Powertips","Minty Spire (QoL Compilation)","Quick Restart","StSLib","SuperFastMode","The IronCluck"],"gold_per_floor":[219,112,124,299,75,75,105,116,116,161,172,172,172,195,195,195,195,195],"floor_reached":16,"language":"ENG","playtime":15801,"items_purged":["Doubt"],"score":203,"play_id":"6ed334b4-cca8-48f1-a549-1fb2c2382c84","local_time":"20210118224914","is_ascension_mode":true,"campfire_choices":[{"data":"Pommel Strike","floor":8,"key":"SMITH"},{"data":"Shrug It Off","floor":11,"key":"SMITH"},{"floor":15,"key":"RECALL"}],"circlet_count":0,"master_deck":["AscendersBane","Strike_R","Strike_R","Strike_R","Strike_R","Strike_R","Defend_R","Defend_R","Defend_R","Defend_R","Bash+1","Shrug It Off+1","Pommel Strike+1"],"relics":["Burning Blood","NeowsBlessing","Tiny Chest","Dream Catcher","Akabeko","Happy Flower","Bag of Marbles"],"acts_visited":["Exordium"],"potions_floor_usage":[],"damage_taken":[{"damage":0,"enemies":"Cultist","floor":1,"turns":1},{"damage":0,"enemies":"Small Slimes","floor":2,"turns":2},{"damage":0,"enemies":"Lagavulin","floor":6,"turns":1},{"damage":7,"enemies":"Jaw Worm","floor":7,"turns":4},{"damage":13,"enemies":"Red Slaver","floor":10,"turns":3},{"damage":67,"enemies":"Hexaghost","floor":16,"turns":8}],"seed_played":"8341832698969252125","potions_obtained":[{"floor":2,"key":"BlessingOfTheForge"},{"floor":7,"key":"FearPotion"}],"is_trial":false,"path_per_floor":["M","M","?","$","?","E","M","R","T","M","R","?","T","?","R","B"],"character_chosen":"IRONCLAD","items_purchased":["Tiny Chest"],"campfire_rested":0,"item_purchase_floors":[4],"current_hp_per_floor":[5,78,80,80,80,80,80,79,79,79,72,72,72,72,72,72,5,5],"gold":195,"neow_bonus":"THREE_ENEMY_KILL","is_daily":false,"chose_seed":false,"campfire_upgraded":2,"win_rate":0.0,"timestamp":1611006554,"path_taken":["M","M","?","$","?","E","?","R","T","M","R","?","?","?","R","BOSS"],"items_purchased_type":["Relic"],"build_version":"2020-12-22","purchased_purges":1,"victory":false,"max_hp_per_floor":[80,80,80,80,80,80,80,80,80,80,80,80,80,80,80,80,80,80],"card_choices":[{"not_picked":["Perfected Strike","Flex","Warcry"],"picked":"SKIP","floor":1},{"not_picked":["Second Wind","Twin Strike"],"picked":"Shrug It Off","floor":2},{"not_picked":["Second Wind","Rampage"],"picked":"Pommel Strike","floor":6},{"not_picked":["Iron Wave","Sword Boomerang","Clash"],"picked":"SKIP","floor":7},{"not_picked":["Iron Wave","Sword Boomerang","Clash"],"picked":"SKIP","floor":7},{"not_picked":["Anger","Dual Wield","Sword Boomerang"],"picked":"SKIP","floor":10}],"player_experience":177041,"relics_obtained":[{"floor":6,"key":"Dream Catcher"},{"floor":9,"key":"Akabeko"},{"floor":13,"key":"Bag of Marbles"}],"event_choices":[{"damage_healed":0,"gold_gain":175,"player_choice":"AGREE","damage_taken":0,"max_hp_gain":0,"max_hp_loss":0,"event_name":"Liars Game","floor":3,"gold_loss":0,"cards_obtained":["Doubt"]},{"damage_healed":0,"gold_gain":0,"player_choice":"Bought 0 Potions","damage_taken":0,"max_hp_gain":0,"max_hp_loss":0,"event_name":"The Woman in Blue","floor":5,"gold_loss":0},{"damage_healed":0,"gold_gain":0,"player_choice":"Gave Potion","damage_taken":0,"relics_obtained":["Happy Flower"],"max_hp_gain":0,"max_hp_loss":0,"event_name":"WeMeetAgain","floor":12,"gold_loss":0},{"damage_healed":0,"gold_gain":0,"player_choice":"Upgraded","damage_taken":0,"max_hp_gain":0,"max_hp_loss":0,"event_name":"Upgrade Shrine","floor":14,"gold_loss":0,"cards_upgraded":["Bash"]}],"is_beta":false,"boss_relics":[],"items_purged_floors":[4],"is_endless":false,"potions_floor_spawned":[2,7],"killed_by":"Hexaghost","ascension_level":13}}