{"host":"i0avyit1s6jb1siw","time":1611004467,"event":{"mods":["BaseMod","DeckTracker","Dota2Spire","Highlight Path","Minty Spire (QoL Compilation)","Quick Restart","StSLib","SuperFastMode"],"gold_per_floor":[110,120,131,56,56,56,56,76,76,120,120,161,161,205,205,300,300,315,315,365,381,401,401,421,401,401,401,401],"floor_reached":27,"language":"ENG","playtime":547,"items_purged":[],"score":612,"play_id":"d3cc24be-c78f-4105-85c6-3c51ff080d32","local_time":"20210118221427","is_ascension_mode":true,"campfire_choices":[{"data":"Predator","floor":6,"key":"SMITH"},{"floor":13,"key":"REST"},{"data":"Corpse Explosion","floor":15,"key":"SMITH"},{"floor":23,"key":"REST"}],"circlet_count":0,"master_deck":["AscendersBane","Strike_G+1","Strike_G","Strike_G","Strike_G","Defend_G","Defend_G","Defend_G","Defend_G+1","Defend_G","Survivor","Neutralize","Dash","Quick Slash","Predator+1","Cloak And Dagger","Corpse Explosion+1","Burst","All Out Attack+1","Deflect","PiercingWail"],"relics":["Ring of the Snake","NeowsBlessing","Golden Idol","Anchor","Gremlin Horn","Ninja Scroll","Dota2Spire:Vanguard","Runic Pyramid","Letter Opener"],"acts_visited":["Exordium","TheCity"],"potions_floor_usage":[10,16,27],"damage_taken":[{"damage":0,"enemies":"Small Slimes","floor":1,"turns":1},{"damage":0,"enemies":"2 Louse","floor":2,"turns":1},{"damage":0,"enemies":"Jaw Worm","floor":3,"turns":1},{"damage":6,"enemies":"Exordium Wildlife","floor":8,"turns":4},{"damage":24,"enemies":"Lagavulin","floor":10,"turns":9},{"damage":10,"enemies":"3 Sentries","floor":12,"turns":8},{"damage":0,"enemies":"Gremlin Nob","floor":14,"turns":3},{"damage":0,"enemies":"Hexaghost","floor":16,"turns":8},{"damage":9,"enemies":"Chosen","floor":18,"turns":4},{"damage":11,"enemies":"Spheric Guardian","floor":21,"turns":5},{"damage":6,"enemies":"Snake Plant","floor":22,"turns":7},{"damage":2,"enemies":"Snecko","floor":24,"turns":4},{"damage":55,"enemies":"Book of Stabbing","floor":27,"turns":6}],"seed_played":"-7965086599527356300","potions_obtained":[{"floor":1,"key":"Block Potion"},{"floor":12,"key":"PowerPotion"},{"floor":16,"key":"Swift Potion"},{"floor":21,"key":"Swift Potion"},{"floor":22,"key":"Regen Potion"}],"is_trial":false,"path_per_floor":["M","M","M","?","?","R","?","M","T","E","?","E","R","E","R","B",null,"M","?","?","M","M","R","M","?","T","E"],"character_chosen":"THE_SILENT","items_purchased":[],"campfire_rested":2,"item_purchase_floors":[],"current_hp_per_floor":[59,59,59,59,59,59,41,35,35,11,11,1,19,19,19,19,50,41,41,41,30,24,42,40,40,40,0,0],"gold":401,"neow_bonus":"THREE_ENEMY_KILL","is_daily":false,"chose_seed":false,"campfire_upgraded":2,"win_rate":0.0,"timestamp":1611004467,"path_taken":["M","M","M","?","?","R","?","M","T","E","?","E","R","E","R","BOSS","M","?","?","?","M","R","M","?","T","E"],"items_purchased_type":[],"build_version":"2020-12-22","purchased_purges":0,"victory":false,"max_hp_per_floor":[66,66,66,66,60,60,60,60,60,60,60,60,60,60,60,60,60,60,60,60,60,60,60,60,60,60,60,60],"card_choices":[{"not_picked":["Bane","Dodge and Roll"],"picked":"Dash","floor":1},{"not_picked":["Prepared","Acrobatics"],"picked":"Quick Slash","floor":2},{"not_picked":["Poisoned Stab","Acrobatics"],"picked":"Predator","floor":3},{"not_picked":["Blade Dance","Sucker Punch","Outmaneuver"],"picked":"SKIP","floor":8},{"not_picked":["Heel Hook","Dagger Spray","Dagger Throw"],"picked":"SKIP","floor":10},{"not_picked":["Unload","Dagger Spray"],"picked":"Cloak And Dagger","floor":12},{"not_picked":["Noxious Fumes","Finisher"],"picked":"Corpse Explosion","floor":14},{"not_picked":["Venomology","A Thousand Cuts"],"picked":"Burst","floor":16},{"not_picked":["Deadly Poison","Catalyst"],"picked":"All Out Attack+1","floor":18},{"not_picked":["Eviscerate","Reflex"],"picked":"Deflect","floor":21},{"not_picked":["Prepared","Dodge and Roll","Bane"],"picked":"SKIP","floor":22},{"not_picked":["Poisoned Stab","Backflip"],"picked":"PiercingWail","floor":24}],"player_experience":2283484,"relics_obtained":[{"floor":9,"key":"Anchor"},{"floor":10,"key":"Gremlin Horn"},{"floor":12,"key":"Ninja Scroll"},{"floor":14,"key":"Dota2Spire:Vanguard"},{"floor":26,"key":"Letter Opener"}],"event_choices":[{"cards_removed":["Strike_G"],"damage_healed":0,"gold_gain":0,"player_choice":"Card Removal","damage_taken":0,"max_hp_gain":0,"max_hp_loss":0,"event_name":"The Cleric","floor":4,"gold_loss":75},{"damage_healed":0,"gold_gain":0,"player_choice":"Lose Max HP","damage_taken":0,"relics_obtained":["Golden Idol"],"max_hp_gain":0,"max_hp_loss":6,"event_name":"Golden Idol","floor":5,"gold_loss":0},{"damage_healed":0,"gold_gain":0,"player_choice":"Entered Light","damage_taken":18,"max_hp_gain":0,"max_hp_loss":0,"event_name":"Shining Light","floor":7,"gold_loss":0,"cards_upgraded":["Strike_G","Defend_G"]},{"damage_healed":0,"gold_gain":0,"player_choice":"Fled","damage_taken":0,"max_hp_gain":0,"max_hp_loss":0,"event_name":"Scrap Ooze","floor":11,"gold_loss":0},{"damage_healed":0,"gold_gain":0,"player_choice":"Ignored","damage_taken":0,"max_hp_gain":0,"max_hp_loss":0,"event_name":"The Mausoleum","floor":19,"gold_loss":0},{"damage_healed":0,"gold_gain":50,"player_choice":"Stole From Cult","damage_taken":0,"max_hp_gain":0,"max_hp_loss":0,"event_name":"Nest","floor":20,"gold_loss":0},{"damage_healed":0,"gold_gain":0,"player_choice":"Bought 1 Potion","damage_taken":0,"max_hp_gain":0,"max_hp_loss":0,"event_name":"The Woman in Blue","floor":25,"gold_loss":0}],"is_beta":false,"boss_relics":[{"not_picked":["Empty Cage","Fusion Hammer"],"picked":"Runic Pyramid"}],"items_purged_floors":[],"is_endless":false,"potions_floor_spawned":[1,12,16,21,22],"killed_by":"Book of Stabbing","ascension_level":20}}