{"host":"gxx0zci79awlygfp","time":1611004258,"event":{"mods":["AlwaysNeverKeys","BaseMod","BetterRewards","Colored Powertips","Custom Start","Gold Saver","Grow up Mod","Minty Spire (QoL Compilation)","Quick Restart","Remove Card Discount Mod","Replay The Spire","Shop Mod","StSLib","The Construct"],"gold_per_floor":[118,135,154,154,172,172,172,172,172,172,172,73,88,108,124,139,139,262,262,285,310,335,335,353,353,384,404,404,404,429,448,71,84,84,213,213,238,252,252,252,272,272,291,354,380,380,411,411,411,429,429,429],"floor_reached":53,"language":"ENG","playtime":3547,"items_purged":["Injury","Pain"],"score":607,"play_id":"503960b4-523d-4324-9627-361358c138b5","local_time":"20210118221058","is_ascension_mode":false,"campfire_choices":[{"data":"construct:Accumulate","floor":6,"key":"SMITH"},{"data":"construct:OneWayMirror","floor":9,"key":"SMITH"},{"data":"construct:PhosphorStorm","floor":17,"key":"SMITH"},{"data":"construct:Forcefield","floor":25,"key":"SMITH"},{"floor":29,"key":"REST"},{"floor":34,"key":"REST"},{"floor":42,"key":"REST"},{"floor":48,"key":"REST"},{"floor":51,"key":"REST"}],"circlet_count":0,"master_deck":["construct:Strike_Gold","construct:Strike_Gold","construct:Strike_Gold","construct:Strike_Gold","construct:Strike_Gold","construct:Defend_Gold","construct:Defend_Gold","construct:Defend_Gold","construct:Defend_Gold","construct:Defend_Gold","construct:AttackMode","construct:DefenseMode","construct:ClusterMines","construct:OneWayMirror+1","construct:ModeShift","construct:Accumulate+1","construct:CriticalHit","construct:ScrapCannon","construct:Forcefield+1","construct:PhosphorStorm+1","construct:PowerUp","construct:DarkFlames","construct:Rollout+1","construct:Impenetrable+1","construct:CreateCores","construct:Overcharge","construct:Tumble+1","construct:Antimatter","construct:Boost+1","construct:GatlingGun","construct:Chainstrike","construct:SiegeForm","ReplayTheSpireMod:Faulty Equipment","Languid","construct:Versatility","Iron Wave","construct:Electrocute","construct:VentSteam","construct:SyphonStrike+1","Writhe","construct:Accumulate+1","Parasite","construct:Reinforce+1","construct:Synchronize"],"relics":["construct:Cogwheel","NeowsBlessing","Golden Idol","Darkstone Periapt","Gremlin Horn","construct:ClawGrip","Nunchaku","Incense Burner","Singing Bowl","MerchantsRug","Replay:Ancient Bell","Pen Nib","Blue Candle","FossilizedHelix","Prayer Wheel","Happy Flower","Ice Cream","Anchor"],"acts_visited":["Exordium","TheCity","TheBeyond"],"potions_floor_usage":[21,22,26,26,35,35,35,41,43,47,52],"damage_taken":[{"damage":0,"enemies":"2 Louse","floor":1,"turns":1},{"damage":0,"enemies":"Jaw Worm","floor":2,"turns":1},{"damage":0,"enemies":"Cultist","floor":3,"turns":1},{"damage":23,"enemies":"3 Louse","floor":5,"turns":6},{"damage":14,"enemies":"Blue Slaver","floor":13,"turns":3},{"damage":9,"enemies":"Exordium Wildlife","floor":14,"turns":4},{"damage":9,"enemies":"2 Fungi Beasts","floor":15,"turns":5},{"damage":12,"enemies":"Blue Slaver","floor":16,"turns":3},{"damage":106,"enemies":"Hexaghost","floor":18,"turns":11},{"damage":9,"enemies":"2 Thieves","floor":20,"turns":4},{"damage":13,"enemies":"Shell Parasite","floor":21,"turns":6},{"damage":66,"enemies":"3 Cultists","floor":22,"turns":8},{"damage":39,"enemies":"Snake Plant","floor":24,"turns":6},{"damage":108,"enemies":"Gremlin Leader","floor":26,"turns":7},{"damage":28,"enemies":"Centurion and Healer","floor":27,"turns":8},{"damage":76,"enemies":"Shelled Parasite and Fungi","floor":30,"turns":8},{"damage":52,"enemies":"3 Cultists","floor":31,"turns":6},{"damage":30,"enemies":"Snecko","floor":33,"turns":6},{"damage":214,"enemies":"Collector","floor":35,"turns":10},{"damage":117,"enemies":"3 Darklings","floor":37,"turns":9},{"damage":0,"enemies":"Orb Walker","floor":38,"turns":3},{"damage":110,"enemies":"4 Shapes","floor":41,"turns":9},{"damage":124,"enemies":"Transient","floor":43,"turns":5},{"damage":0,"enemies":"Mind Bloom Boss Battle","floor":44,"turns":7},{"damage":238,"enemies":"Giant Head","floor":47,"turns":13},{"damage":115,"enemies":"Writhing Mass","floor":50,"turns":11},{"damage":161,"enemies":"Replay:Hell Engine","floor":52,"turns":16}],"seed_played":"-2964456864212795713","potions_obtained":[{"floor":3,"key":"Adrenaline Potion"},{"floor":14,"key":"PowerPotion"},{"floor":15,"key":"Flashbang"},{"floor":16,"key":"DuplicationPotion"},{"floor":21,"key":"AttackPotion"},{"floor":26,"key":"Adrenaline Potion"},{"floor":27,"key":"construct:ShiftPotion"},{"floor":31,"key":"Explosive Potion"},{"floor":37,"key":"SpeedPotion"},{"floor":41,"key":"BlessingOfTheForge"},{"floor":44,"key":"SkillPotion"},{"floor":50,"key":"Death Potion"}],"is_trial":false,"path_per_floor":["M","M","M","?","M","R","PTL","PTL","R","?","T","$","M","M","M","M","R","B",null,"M","M","M","?","M","R","E","M","T","R","M","M","$","M","R","B",null,"M","M","?","?","M","R","M","?","T","?","E","R","T","M","R","B",null],"character_chosen":"THE_CONSTRUCT_MOD","items_purchased":["construct:CriticalHit","construct:ScrapCannon","MerchantsRug","construct:GatlingGun","construct:Chainstrike"],"campfire_rested":5,"item_purchase_floors":[12,12,32,32,32],"current_hp_per_floor":[105,115,125,135,122,132,142,152,162,169,179,189,185,186,187,185,195,99,285,286,283,227,243,214,224,126,108,118,242,178,136,146,126,265,63,487,380,392,402,412,312,483,369,379,389,550,322,513,523,424,626,475],"gold":429,"neow_bonus":"THREE_ENEMY_KILL","is_daily":false,"chose_seed":false,"campfire_upgraded":4,"win_rate":0.0,"timestamp":1611004258,"path_taken":["M","M","M","?","M","R","PTL","PTL","R","?","T","$","M","M","M","M","R","BOSS","M","M","M","?","M","R","E","M","T","R","M","M","$","M","R","BOSS","M","M","?","?","?","R","M","?","T","?","E","R","?","M","R","BOSS"],"items_purchased_type":["Card","Card","Relic","Card","Card"],"build_version":"2020-12-22","purchased_purges":2,"victory":true,"max_hp_per_floor":[105,115,125,135,145,155,165,175,185,195,205,215,225,235,245,255,265,275,285,295,305,315,331,341,351,361,371,381,391,403,413,423,433,443,455,487,497,509,519,529,539,549,559,569,579,595,605,615,625,641,651,661],"card_choices":[{"not_picked":["construct:FlammableFog","construct:SyphonStrike"],"picked":"construct:ClusterMines","floor":1},{"not_picked":["construct:SuppressiveFire","construct:HeavyBolt"],"picked":"construct:OneWayMirror","floor":2},{"not_picked":["construct:ChargeShot","construct:SyphonStrike"],"picked":"construct:ModeShift","floor":3},{"not_picked":["construct:Anticipate","construct:ScrapCannon"],"picked":"construct:Accumulate","floor":5},{"not_picked":["construct:Anticipate","construct:SaveState"],"picked":"construct:Forcefield","floor":13},{"not_picked":["construct:Dampening","construct:Backfire"],"picked":"construct:Autoturret","floor":14},{"not_picked":["construct:Failsafe","construct:FlammableFog"],"picked":"construct:PhosphorStorm","floor":15},{"not_picked":["construct:ShieldGenerator","construct:Implosion"],"picked":"construct:PowerUp","floor":16},{"not_picked":["construct:SiegeForm","construct:Multistage"],"picked":"construct:DarkFlames","floor":18},{"not_picked":["construct:OneWayMirror+1","construct:BatteryAcid+1"],"picked":"construct:Rollout+1","floor":20},{"not_picked":["construct:Reinforce+1","construct:ModeShift"],"picked":"construct:Impenetrable+1","floor":21},{"not_picked":["construct:FierceBash+1","construct:SyphonStrike+1"],"picked":"construct:CreateCores","floor":22},{"not_picked":["construct:FierceBash","construct:SuppressiveFire"],"picked":"construct:Overcharge","floor":24},{"not_picked":["construct:Analyze","construct:Backfire"],"picked":"construct:Tumble+1","floor":26},{"not_picked":["construct:PhosphorStorm+1","construct:CreateCores"],"picked":"construct:Antimatter","floor":27},{"not_picked":["construct:Backfire","construct:ModeShift","construct:ScopeCore"],"picked":"Singing Bowl","floor":30},{"not_picked":["construct:SyphonStrike","construct:Anticipate"],"picked":"construct:Boost+1","floor":31},{"not_picked":["construct:Antimatter+1","construct:Impenetrable"],"picked":"construct:SiegeForm","floor":33},{"not_picked":["construct:DarkFlames","construct:MemoryTap","construct:SpinDrive"],"picked":"Singing Bowl","floor":35},{"not_picked":["ReplayTheSpireMod:IOU","ReplayTheSpireMod:Faulty Equipment"],"picked":"Clumsy","floor":36},{"not_picked":["ReplayTheSpireMod:Faulty Equipment","Spreading Infection","Decay"],"picked":"Singing Bowl","floor":36},{"not_picked":["Pain","Languid","Normality"],"picked":"Singing Bowl","floor":36},{"not_picked":["construct:PhosphorStorm+1","construct:ScopeCore+1"],"picked":"construct:Versatility","floor":37},{"not_picked":["construct:SaveState+1","construct:FlakBarrage","construct:Versatility"],"picked":"Singing Bowl","floor":38},{"not_picked":["construct:SaveState+1","construct:FlakBarrage+1"],"picked":"construct:Electrocute","floor":41},{"not_picked":["construct:Forcefield","construct:MemoryTap"],"picked":"construct:VentSteam","floor":43},{"not_picked":["construct:Autoturret","construct:PowerUp+1"],"picked":"construct:SyphonStrike+1","floor":44},{"not_picked":["construct:SuppressiveFire","construct:HastyRepair"],"picked":"construct:Accumulate+1","floor":47},{"not_picked":["construct:CreateCores+1","construct:PowerUp"],"picked":"construct:Reinforce+1","floor":50},{"not_picked":["construct:ShiftStrike+1","construct:Anticipate"],"picked":"construct:Synchronize","floor":50}],"player_experience":48198,"relics_obtained":[{"floor":11,"key":"Gremlin Horn"},{"floor":26,"key":"Incense Burner"},{"floor":28,"key":"Singing Bowl"},{"floor":44,"key":"Prayer Wheel"},{"floor":45,"key":"Happy Flower"},{"floor":47,"key":"Ice Cream"},{"floor":49,"key":"Anchor"}],"event_choices":[{"damage_healed":0,"gold_gain":0,"player_choice":"Take Wound","damage_taken":0,"relics_obtained":["Golden Idol"],"max_hp_gain":0,"max_hp_loss":0,"event_name":"Golden Idol","floor":4,"gold_loss":0,"cards_obtained":["Injury"]},{"damage_healed":0,"gold_gain":0,"player_choice":"Success","damage_taken":3,"relics_obtained":["Darkstone Periapt"],"max_hp_gain":0,"max_hp_loss":0,"event_name":"Scrap Ooze","floor":10,"gold_loss":0},{"cards_removed":["construct:Autoturret"],"damage_healed":0,"gold_gain":0,"player_choice":"Removed Power","damage_taken":0,"max_hp_gain":0,"max_hp_loss":0,"event_name":"Falling","floor":39,"gold_loss":0},{"cards_removed":["Clumsy"],"damage_healed":0,"gold_gain":0,"player_choice":"Took Card","damage_taken":0,"max_hp_gain":0,"max_hp_loss":0,"event_name":"NoteForYourself","floor":40,"gold_loss":0,"cards_obtained":["Iron Wave"]},{"damage_healed":0,"gold_gain":0,"player_choice":"Fight","damage_taken":0,"max_hp_gain":0,"max_hp_loss":0,"event_name":"MindBloom","floor":44,"gold_loss":0},{"damage_healed":145,"gold_gain":0,"player_choice":"Writhe","damage_taken":0,"max_hp_gain":0,"max_hp_loss":0,"event_name":"Winding Halls","floor":46,"gold_loss":0,"cards_obtained":["Writhe"]}],"is_beta":false,"boss_relics":[{"not_picked":["Replay:Bronze Core","Cursed Key"],"picked":"construct:ClawGrip"},{"not_picked":["SlaversCollar","Replay:Grab Bag"],"picked":"Replay:Ancient Bell"},{"not_picked":["Blue Doll","Bag of Preparation"],"picked":"Pen Nib"},{"not_picked":["Chameleon Ring","Mercury Hourglass"],"picked":"Blue Candle"},{"not_picked":["Shovel","Replay:Kaleidoscope"],"picked":"FossilizedHelix"}],"items_purged_floors":[32,32],"is_endless":false,"potions_floor_spawned":[3,14,15,16,21,26,27,31,37,41,44,50],"ascension_level":0}}