{"host":"Charlie","time":1611011083,"event":{"mods":["100% Spire Juice","Aspiration","BaseMod","Better Match","Better Skull","Better Third Choice","BetterRewards","ChefMod","Colored Map","Colored Powertips","Conspire","Curses Come First","Downfall","Ekko","Evolution","Fox Events","Friendly Minions","Halation","Hermit","Hubris","Infinite Spire","Luminous","Melee Mod","Minty Spire (QoL Compilation)","Quick Restart","Rare Cards Sparkle","Relic Stats","Robot Space Explorer","Shade Mod","Spicy Shops","Spire Arcade","StSLib","SuperFastMode","Synergy Search","The Animator","The Blue Laboratory","The Caster","The Cursed","The Dragon Tamer","The Factory","The Gatherer","The Jungle","The Marked","The Necromancer","Unceasing Turn Reminder","vexMod"],"gold_per_floor":[110,139,154,154,4,4,44,44,121,121,141,162,127,141,141,266,343,333,333,358,371,371,371,409,409,486,502,517,517,517],"floor_reached":29,"language":"ENG","playtime":2025,"items_purged":[],"score":270,"play_id":"5f27682f-982d-4b39-ad50-5a7265e3294f","local_time":"20210118150443","is_ascension_mode":false,"campfire_choices":[{"data":"ekkoTheBoyWhoShatteredTime:TimeMaster","floor":6,"key":"SMITH"},{"data":"ekkoTheBoyWhoShatteredTime:DefensiveStance","floor":10,"key":"SMITH"},{"data":"ekkoTheBoyWhoShatteredTime:TrinityForce","floor":15,"key":"SMITH"},{"data":"ekkoTheBoyWhoShatteredTime:SandstormSympathy","floor":23,"key":"SMITH"}],"circlet_count":0,"master_deck":["ekkoTheBoyWhoShatteredTime:Strike","ekkoTheBoyWhoShatteredTime:Strike","ekkoTheBoyWhoShatteredTime:Strike","ekkoTheBoyWhoShatteredTime:Strike","ekkoTheBoyWhoShatteredTime:Defend","ekkoTheBoyWhoShatteredTime:Defend","ekkoTheBoyWhoShatteredTime:Defend","ekkoTheBoyWhoShatteredTime:Defend","ekkoTheBoyWhoShatteredTime:TimeMaster+1","ekkoTheBoyWhoShatteredTime:Powered","ekkoTheBoyWhoShatteredTime:CommittedStrike","ekkoTheBoyWhoShatteredTime:DefensiveStance+1","ekkoTheBoyWhoShatteredTime:NeedlesslyLargeRod","ekkoTheBoyWhoShatteredTime:TrinityForce+1","ekkoTheBoyWhoShatteredTime:SandstormSympathy+1","ekkoTheBoyWhoShatteredTime:NeedlesslyLargeRod","MentalFortress","ekkoTheBoyWhoShatteredTime:Unchained"],"relics":["ekkoTheBoyWhoShatteredTime:zDriveResonance","EVO:Axolotl","aspiration:ChemicalBlood","foxEvents:LuckyCharm","Golden Idol","Art of War","infinitespire:PuzzleCube","conspire:Flyswatter","betterThird:SlimedRelic","aspiration:WatcherSkillbook","ekkoTheBoyWhoShatteredTime:TwistedClockwork","Smiling Mask","Shade:YorickSkull","Bottled Lightning"],"acts_visited":["Exordium","TheCity"],"potions_floor_usage":[7,7,14,14,16,18,24,24,28,28,29],"damage_taken":[{"damage":3,"enemies":"2 Louse","floor":1,"turns":4},{"damage":14,"enemies":"Colosseum Slavers","floor":2,"turns":4},{"damage":6,"enemies":"Cultist","floor":3,"turns":3},{"damage":13,"enemies":"3 Sentries","floor":7,"turns":6},{"damage":0,"enemies":"Small Slimes","floor":11,"turns":3},{"damage":25,"enemies":"Exordium Wildlife","floor":12,"turns":6},{"damage":7,"enemies":"Lots of Slimes","floor":14,"turns":5},{"damage":7,"enemies":"The Guardian","floor":16,"turns":10},{"damage":16,"enemies":"2 Thieves","floor":18,"turns":4},{"damage":19,"enemies":"3 Byrds","floor":20,"turns":7},{"damage":18,"enemies":"Centurion and Healer","floor":21,"turns":7},{"damage":0,"enemies":"conspire:Head Lice","floor":24,"turns":7},{"damage":24,"enemies":"Snake Plant","floor":27,"turns":6},{"damage":19,"enemies":"Shelled Parasite and Fungi","floor":28,"turns":5},{"damage":7,"enemies":"3 Cultists","floor":29,"turns":2}],"seed_played":"-5101310772980386212","potions_obtained":[{"floor":3,"key":"Fire Potion"},{"floor":7,"key":"blueLaboratory:PhilterOfMotion"},{"floor":12,"key":"ekkoTheBoyWhoShatteredTime:ResonatingPotion"},{"floor":28,"key":"blueLaboratory:BottledHope"}],"is_trial":false,"path_per_floor":["M","?","M","?","$","R","E","?","T","R","M","M","?","M","R","B",null,"M","?","M","M","?","R","E","?","T","M","M","M"],"character_chosen":"EKKO_THE_BOY_WHO_SHATTERED_TIME","items_purchased":["Art of War"],"campfire_rested":0,"item_purchase_floors":[5],"current_hp_per_floor":[75,61,55,55,55,55,57,62,62,62,62,37,26,19,19,12,72,56,56,37,19,19,19,49,49,49,25,6,0,0],"gold":517,"neow_bonus":"RANDOM_COMMON_RELIC","is_daily":false,"chose_seed":false,"campfire_upgraded":4,"win_rate":0.0,"timestamp":1611011083,"path_taken":["M","?","M","?","$","R","E","?","T","R","?","M","?","M","R","BOSS","M","?","?","M","?","R","E","?","T","M","M","M"],"items_purchased_type":["Relic"],"build_version":"2020-12-18","purchased_purges":0,"victory":false,"max_hp_per_floor":[78,78,78,72,72,72,72,72,72,72,72,72,72,72,72,72,72,72,72,72,72,61,61,61,61,61,61,61,61,61],"relic_stats":{"counters":[15,79],"Golden Idol":70,"Art of War":[13],"Smiling Mask":0,"obtain_stats":[{"Golden Idol":4,"Shade:YorickSkull":25,"EVO:Axolotl":0,"Smiling Mask":24,"ekkoTheBoyWhoShatteredTime:TwistedClockwork":19,"betterThird:SlimedRelic":13,"aspiration:WatcherSkillbook":17,"foxEvents:LuckyCharm":2,"Art of War":5,"Bottled Lightning":26,"ekkoTheBoyWhoShatteredTime:zDriveResonance":0,"infinitespire:PuzzleCube":7,"aspiration:ChemicalBlood":0,"conspire:Flyswatter":9},{"Golden Idol":3,"Shade:YorickSkull":12,"EVO:Axolotl":0,"Smiling Mask":12,"ekkoTheBoyWhoShatteredTime:TwistedClockwork":9,"betterThird:SlimedRelic":6,"aspiration:WatcherSkillbook":8,"foxEvents:LuckyCharm":2,"Art of War":3,"Bottled Lightning":12,"ekkoTheBoyWhoShatteredTime:zDriveResonance":0,"infinitespire:PuzzleCube":4,"aspiration:ChemicalBlood":0,"conspire:Flyswatter":4},{"Golden Idol":11,"Shade:YorickSkull":66,"EVO:Axolotl":0,"Smiling Mask":66,"ekkoTheBoyWhoShatteredTime:TwistedClockwork":45,"betterThird:SlimedRelic":26,"aspiration:WatcherSkillbook":41,"foxEvents:LuckyCharm":8,"Art of War":11,"Bottled Lightning":66,"ekkoTheBoyWhoShatteredTime:zDriveResonance":0,"infinitespire:PuzzleCube":17,"aspiration:ChemicalBlood":0,"conspire:Flyswatter":17}]},"card_choices":[{"not_picked":["ekkoTheBoyWhoShatteredTime:RecallingPunch","ekkoTheBoyWhoShatteredTime:FeelIt"],"picked":"ekkoTheBoyWhoShatteredTime:CommittedStrike","floor":1},{"not_picked":["ekkoTheBoyWhoShatteredTime:Overflow","ekkoTheBoyWhoShatteredTime:Greed"],"picked":"ekkoTheBoyWhoShatteredTime:DefensiveStance","floor":2},{"not_picked":["ekkoTheBoyWhoShatteredTime:FeelIt","ekkoTheBoyWhoShatteredTime:QuickBreak"],"picked":"ekkoTheBoyWhoShatteredTime:NeedlesslyLargeRod","floor":3},{"not_picked":["ekkoTheBoyWhoShatteredTime:NaggingBlow","ekkoTheBoyWhoShatteredTime:AfterimageTease","ekkoTheBoyWhoShatteredTime:WaitForKeyTiming"],"picked":"SKIP","floor":7},{"not_picked":["ekkoTheBoyWhoShatteredTime:SneakHit","ekkoTheBoyWhoShatteredTime:AfterimageHit"],"picked":"ekkoTheBoyWhoShatteredTime:TrinityForce","floor":11},{"not_picked":["ekkoTheBoyWhoShatteredTime:AfterimageHit","ekkoTheBoyWhoShatteredTime:Dash","ekkoTheBoyWhoShatteredTime:Leap"],"picked":"SKIP","floor":12},{"not_picked":["ekkoTheBoyWhoShatteredTime:QuickBreak","ekkoTheBoyWhoShatteredTime:NaggingBlow","ekkoTheBoyWhoShatteredTime:FeelIt"],"picked":"SKIP","floor":14},{"not_picked":["ekkoTheBoyWhoShatteredTime:TrickOrTreatTrend","ekkoTheBoyWhoShatteredTime:Chronobreak"],"picked":"ekkoTheBoyWhoShatteredTime:SandstormSympathy","floor":16},{"not_picked":["ekkoTheBoyWhoShatteredTime:FeelIt","EmptyBody","CarveReality"],"picked":"ekkoTheBoyWhoShatteredTime:NeedlesslyLargeRod","floor":18},{"not_picked":["ekkoTheBoyWhoShatteredTime:Timewinder","EmptyBody","ekkoTheBoyWhoShatteredTime:Confident+1"],"picked":"MentalFortress","floor":20},{"not_picked":["ekkoTheBoyWhoShatteredTime:LoadUp","ekkoTheBoyWhoShatteredTime:HauntedAfterimage","ekkoTheBoyWhoShatteredTime:FeelIt","ekkoTheBoyWhoShatteredTime:AfterimageHit+1"],"picked":"SKIP","floor":21},{"not_picked":["ReachHeaven+1","ThirdEye+1","ekkoTheBoyWhoShatteredTime:Disturblast","ekkoTheBoyWhoShatteredTime:Process"],"picked":"SKIP","floor":24},{"not_picked":["ekkoTheBoyWhoShatteredTime:PhaseDive","ekkoTheBoyWhoShatteredTime:Leap","Crescendo+1","ClearTheMind"],"picked":"SKIP","floor":27},{"not_picked":["ekkoTheBoyWhoShatteredTime:Knowledge","Crescendo","CrushJoints"],"picked":"ekkoTheBoyWhoShatteredTime:Unchained","floor":28}],"player_experience":478514,"relics_obtained":[{"floor":2,"key":"foxEvents:LuckyCharm"},{"floor":7,"key":"infinitespire:PuzzleCube"},{"floor":9,"key":"conspire:Flyswatter"},{"floor":24,"key":"Smiling Mask"},{"floor":26,"key":"Bottled Lightning"}],"event_choices":[{"damage_healed":0,"gold_gain":0,"player_choice":"Lose Max HP","damage_taken":0,"relics_obtained":["Golden Idol"],"max_hp_gain":0,"max_hp_loss":6,"event_name":"Golden Idol","floor":4,"gold_loss":0},{"cards_removed":["ekkoTheBoyWhoShatteredTime:AfterimageTease"],"damage_healed":5,"gold_gain":0,"player_choice":"Offered Common","damage_taken":0,"max_hp_gain":0,"max_hp_loss":0,"event_name":"Bonfire Elementals","floor":8,"gold_loss":0},{"cards_removed":["ekkoTheBoyWhoShatteredTime:AfterimageTease"],"damage_healed":5,"gold_gain":0,"player_choice":"Offered Special","damage_taken":0,"max_hp_gain":0,"max_hp_loss":0,"event_name":"Bonfire Elementals","floor":8,"gold_loss":0},{"damage_healed":0,"gold_gain":0,"player_choice":"Slimed","damage_taken":11,"max_hp_gain":0,"max_hp_loss":0,"event_name":"betterThird:BetterGoop","floor":13,"gold_loss":35},{"damage_healed":0,"gold_gain":0,"player_choice":"Gave Potion","damage_taken":0,"relics_obtained":["ekkoTheBoyWhoShatteredTime:TwistedClockwork"],"max_hp_gain":0,"max_hp_loss":0,"event_name":"WeMeetAgain","floor":19,"gold_loss":0}],"is_beta":true,"boss_relics":[{"not_picked":["Snecko Eye","conspire:RoyalGoblet"],"picked":"aspiration:WatcherSkillbook"}],"items_purged_floors":[],"is_endless":false,"potions_floor_spawned":[3,7,12,27,28],"killed_by":"3 Cultists","ascension_level":0}}