{"host":"r53pw7z744tg3fxg","time":1611001759,"event":{"mods":["AchievementEnabler","BaseMod","Colored Map","Colored Powertips","Highlight Path","Minty Spire (QoL Compilation)","Quick Restart","Transform Curses"],"gold_per_floor":[111,111,126,126,145,145,172,172,199,211,241,264,294,338,350,435,447,476,41,41,53,53,86,86,106,133,0,0,0,0],"floor_reached":29,"language":"ENG","playtime":864,"items_purged":[],"score":500,"play_id":"31d32038-e930-46b4-8d32-b656cee47877","local_time":"20210118132919","is_ascension_mode":true,"campfire_choices":[{"data":"DevaForm","floor":6,"key":"SMITH"},{"floor":8,"key":"REST"},{"floor":10,"key":"REST"},{"floor":15,"key":"REST"},{"floor":24,"key":"REST"}],"circlet_count":0,"master_deck":["AscendersBane","Strike_P+1","Strike_P","Strike_P","Strike_P+1","Defend_P","Defend_P","Defend_P","Defend_P","Eruption+1","Vigilance","DevaForm+1","Prostrate","CarveReality","BowlingBash","Worship","Consecrate","Wallop","WindmillStrike","Ragnarok","CurseOfTheBell","EmptyBody+1","FlurryOfBlows","Meditate+1","Prostrate+1"],"relics":["PureWater","Whetstone","MawBank","Bag of Preparation","Calling Bell","Blood Vial","Toxic Egg 2","Turnip","Juzu Bracelet","StrikeDummy","Damaru","Smiling Mask"],"acts_visited":["Exordium","TheCity"],"potions_floor_usage":[7,14,14,16,21],"damage_taken":[{"damage":4.0,"enemies":"Small Slimes","floor":1.0,"turns":7.0},{"damage":4,"enemies":"Cultist","floor":3,"turns":4},{"damage":0,"enemies":"Jaw Worm","floor":5,"turns":3},{"damage":36,"enemies":"3 Sentries","floor":7,"turns":12},{"damage":13,"enemies":"Red Slaver","floor":11,"turns":5},{"damage":16,"enemies":"Blue Slaver","floor":12,"turns":5},{"damage":10,"enemies":"3 Louse","floor":13,"turns":4},{"damage":0,"enemies":"Lagavulin","floor":14,"turns":4},{"damage":23,"enemies":"Hexaghost","floor":16,"turns":7},{"damage":24,"enemies":"Chosen","floor":18,"turns":5},{"damage":0,"enemies":"2 Thieves","floor":21,"turns":1},{"damage":56,"enemies":"Book of Stabbing","floor":23,"turns":6},{"damage":30,"enemies":"Snake Plant","floor":25,"turns":4}],"seed_played":"6701103409160917566","potions_obtained":[{"floor":1.0,"key":"EssenceOfSteel"},{"floor":5,"key":"FearPotion"},{"floor":13,"key":"SkillPotion"},{"floor":14,"key":"CultistPotion"},{"floor":18,"key":"SteroidPotion"},{"floor":23,"key":"GamblersBrew"},{"floor":25,"key":"Fire Potion"}],"is_trial":false,"path_per_floor":["M","?","M","?","M","R","E","R","T","R","M","M","M","E","R","B",null,"M","$","?","M","$","E","R","M","T","?","?","?"],"character_chosen":"WATCHER","items_purchased":["Juzu Bracelet","StrikeDummy"],"campfire_rested":4,"item_purchase_floors":[19,19],"current_hp_per_floor":[57,57,53,53,53,53,17,37,37,57,44,28,18,18,38,15,55,33,33,68,68,68,12,32,4,4,4,18,0,0],"gold":0,"neow_bonus":"THREE_RARE_CARDS","is_daily":false,"chose_seed":false,"campfire_upgraded":1,"win_rate":0.0,"timestamp":1611001759,"path_taken":["M","?","M","?","M","R","E","R","T","R","M","M","?","E","R","BOSS","M","$","?","M","$","E","R","M","T","?","?","?"],"items_purchased_type":["Relic","Relic"],"build_version":"2020-12-22","purchased_purges":0,"victory":false,"max_hp_per_floor":[68,68,68,68,68,68,68,68,68,68,68,68,68,68,68,68,68,68,68,68,68,68,68,68,68,68,68,68,68,68],"card_choices":[{"not_picked":["Establishment","DeusExMachina"],"picked":"DevaForm","floor":0.0},{"not_picked":["ThirdEye","Perseverance"],"picked":"Prostrate","floor":1.0},{"not_picked":["TalkToTheHand","FollowUp"],"picked":"CarveReality","floor":3},{"not_picked":["Prostrate","Crescendo"],"picked":"BowlingBash","floor":5},{"not_picked":["Protect","Perseverance"],"picked":"Worship","floor":7},{"not_picked":["Swivel","Tantrum"],"picked":"Consecrate","floor":11},{"not_picked":["Wish","Wireheading"],"picked":"Wallop","floor":12},{"not_picked":["Meditate","WreathOfFlame","ClearTheMind"],"picked":"SKIP","floor":13},{"not_picked":["BowlingBash","Wish"],"picked":"WindmillStrike","floor":14},{"not_picked":["Blasphemy","Scrawl"],"picked":"Ragnarok","floor":16},{"not_picked":["SignatureMove+1","Protect+1"],"picked":"EmptyBody+1","floor":18},{"not_picked":["MentalFortress","WreathOfFlame+1"],"picked":"FlurryOfBlows","floor":21},{"not_picked":["FlurryOfBlows","ClearTheMind+1"],"picked":"Meditate+1","floor":23},{"not_picked":["JustLucky","Wireheading"],"picked":"Prostrate+1","floor":25}],"player_experience":1302917,"relics_obtained":[{"floor":7,"key":"Whetstone"},{"floor":9,"key":"MawBank"},{"floor":14,"key":"Bag of Preparation"},{"floor":17,"key":"Blood Vial"},{"floor":17,"key":"Toxic Egg 2"},{"floor":17,"key":"Turnip"},{"floor":23,"key":"Damaru"},{"floor":26,"key":"Smiling Mask"}],"event_choices":[{"damage_healed":0.0,"max_hp_gain":0.0,"max_hp_loss":0.0,"gold_gain":0.0,"event_name":"Living Wall","player_choice":"Grow","floor":2.0,"gold_loss":0.0,"damage_taken":0.0,"cards_upgraded":["Eruption"]},{"cards_removed":["Decay"],"damage_healed":0,"gold_gain":0,"player_choice":"Removed Curses","damage_taken":0,"max_hp_gain":0,"max_hp_loss":0,"event_name":"Fountain of Cleansing","floor":4,"gold_loss":0},{"damage_healed":35,"gold_gain":0,"player_choice":"Full Heal","damage_taken":0,"max_hp_gain":0,"max_hp_loss":0,"event_name":"Wheel of Change","floor":20,"gold_loss":0},{"damage_healed":0,"gold_gain":0,"player_choice":"Paid Fearfully","damage_taken":0,"max_hp_gain":0,"max_hp_loss":0,"event_name":"Masked Bandits","floor":27,"gold_loss":133},{"damage_healed":14,"gold_gain":0,"player_choice":"Heal","damage_taken":0,"max_hp_gain":0,"max_hp_loss":0,"event_name":"The Library","floor":28,"gold_loss":0}],"is_beta":false,"boss_relics":[{"not_picked":["Tiny House","SlaversCollar"],"picked":"Calling Bell"}],"items_purged_floors":[],"is_endless":false,"potions_floor_spawned":[1,5,13,14,18,23,25],"ascension_level":16}}