{"host":"qzq9y7dlvg9zw3hx","time":1611004312,"event":{"mods":["Act Like it!","BaseMod","Dota2Spire","Minty Spire (QoL Compilation)","StSLib","¡¾ÒÅÎï¿¨ÅÆ¡¿REMEMod"],"gold_per_floor":[111,261,261,277,40,69,34,67,67,93,168,168,181,207,207,280,280,299,326,326,80,150,184,134,167,167,847,286,348,398,448,448,520,520,531,4,108,158,208,235,263,289,289,316,366,391,441,453,453,528,601,601,620,205,22,87,137,137,167,230,256,306,306],"floor_reached":62,"language":"ZHS","playtime":2747,"items_purged":["Doubt","Strike_R","Strike_R","Strike_R","REME_TheLastStrike+1","Writhe"],"score":3174,"play_id":"7b4da443-01ba-4e07-b519-8d1ca615983f","local_time":"20210119051152","daily_mods":["Heirloom","Time Dilation","Flight"],"is_ascension_mode":true,"campfire_choices":[{"data":"Corruption","floor":12,"key":"SMITH"},{"floor":15,"key":"REST"},{"floor":32,"key":"REST"},{"data":"Corruption","floor":49,"key":"SMITH"},{"data":"REME_BuildACard","floor":58,"key":"SMITH"}],"circlet_count":0,"master_deck":["AscendersBane","Defend_R+1","Defend_R+1","Defend_R+1","Defend_R+1","Bash+1","REME_WorshipGod+1","Reckless Charge+1","True Grit+1","Corruption+1","Sentinel+1","Battle Trance+1","Dual Wield+1","Corruption+1","Sever Soul+1","REME_FearOfPain+1","Warcry+1","Pummel+1","Feel No Pain+1","Barricade+1","CurseOfTheBell","Warcry+1","Warcry+1","Dark Embrace+1","Ghostly Armor+1","REME_Scribble+1","Impervious+1","Corruption+1","Offering","Disarm+1","REME_SingleHolding+1","Flex+1","REME_BuildACard+1"],"relics":["Burning Blood","REME_ComplimentaryCards","Dead Branch","Letter Opener","Whetstone","Dota2Spire:Dagon","Mango","Dota2Spire:AghanimScepter","Bag of Preparation","Runic Dome","Red Mask","SsserpentHead","Strange Spoon","Dota2Spire:BattleFury","Ancient Tea Set","StrikeDummy","Shuriken","Calling Bell","Dota2Spire:EyeOfSkadi","Kunai","Dota2Spire:ShadowBlade","Membership Card","Nunchaku","Dota2Spire:OrchidMalevolence","Dota2Spire:Satanic","Art of War","White Beast Statue","Vajra","Dota2Spire:Desolator","Paper Frog","Mark of the Bloom","Blood Vial","Astrolabe","TungstenRod","PreservedInsect","Golden Idol","Dota2Spire:PowerTreads"],"acts_visited":["Exordium","TheCity","TheBeyond","Exordium"],"potions_floor_usage":[8,8,8,23,29,44,50,52,54,54],"damage_taken":[{"damage":10,"enemies":"Small Slimes","floor":1,"turns":5},{"damage":2,"enemies":"2 Louse","floor":4,"turns":1},{"damage":10,"enemies":"3 Sentries","floor":6,"turns":3},{"damage":12,"enemies":"Gremlin Nob","floor":8,"turns":3},{"damage":17,"enemies":"Lagavulin","floor":10,"turns":5},{"damage":0,"enemies":"Cultist","floor":13,"turns":3},{"damage":29,"enemies":"Gremlin Nob","floor":14,"turns":4},{"damage":39,"enemies":"Hexaghost","floor":16,"turns":4},{"damage":0,"enemies":"Chosen","floor":18,"turns":1},{"damage":7,"enemies":"Masked Bandits","floor":19,"turns":2},{"damage":1,"enemies":"Spheric Guardian","floor":22,"turns":3},{"damage":6,"enemies":"Slavers","floor":23,"turns":2},{"damage":19,"enemies":"Book of Stabbing","floor":25,"turns":5},{"damage":0,"enemies":"3 Cultists","floor":29,"turns":2},{"damage":22,"enemies":"Automaton","floor":33,"turns":3},{"damage":17,"enemies":"3 Shapes","floor":35,"turns":2},{"damage":5,"enemies":"2 Orb Walkers","floor":37,"turns":2},{"damage":0,"enemies":"Reptomancer","floor":40,"turns":2},{"damage":14,"enemies":"Giant Head","floor":41,"turns":4},{"damage":6,"enemies":"Reptomancer","floor":42,"turns":1},{"damage":0,"enemies":"Nemesis","floor":44,"turns":2},{"damage":0,"enemies":"Reptomancer","floor":46,"turns":1},{"damage":6,"enemies":"Orb Walker","floor":48,"turns":1},{"damage":29,"enemies":"Awakened One","floor":50,"turns":3},{"damage":6,"enemies":"Donu and Deca","floor":51,"turns":3},{"damage":6,"enemies":"Small Slimes","floor":53,"turns":1},{"damage":5,"enemies":"Jaw Worm","floor":56,"turns":1},{"damage":0,"enemies":"2 Louse","floor":60,"turns":1},{"damage":19,"enemies":"Gremlin Gang","floor":62,"turns":1}],"seed_played":"-6589221903392037852","potions_obtained":[{"floor":4,"key":"EntropicBrew"},{"floor":8,"key":"Dexterity Potion"},{"floor":10,"key":"Energy Potion"},{"floor":23,"key":"Fire Potion"},{"floor":33,"key":"BlessingOfTheForge"},{"floor":44,"key":"EntropicBrew"},{"floor":50,"key":"BloodPotion"}],"is_trial":true,"path_per_floor":["M","?","?","M","$","E","?","E","T","E","T","R","M","E","R","B",null,"M","?","?","$","M","E","$","E","T","?","$","M","?","?","R","B",null,"M","$","?","?","?","E","E","E","T","E","?","E","?","M","R","B","B",null,"M","$","$","M","?","R","?","M","T","M"],"character_chosen":"IRONCLAD","items_purchased":["Corruption","REME_FearOfPain","Strange Spoon","Feel No Pain","Dota2Spire:HealingSalve","Warcry","Membership Card","Nunchaku","Dota2Spire:OrchidMalevolence","TungstenRod","Fruit Juice","REME_BuildACard","PreservedInsect"],"campfire_rested":2,"item_purchase_floors":[5,21,21,28,28,36,36,36,36,54,54,54,55],"current_hp_per_floor":[66,66,66,70,70,66,77,71,71,74,74,74,80,57,84,51,81,87,86,86,86,91,91,91,78,78,9,9,21,12,12,39,25,81,70,70,71,71,71,77,69,69,69,75,75,75,61,55,55,26,20,20,14,14,14,9,9,9,9,9,9,0,0],"gold":306,"neow_bonus":"","is_daily":false,"chose_seed":false,"campfire_upgraded":3,"win_rate":0.0,"timestamp":1611004312,"path_taken":["M","?","?","?","$","E","?","E","T","E","?","R","M","E","R","BOSS","M","?","?","$","?","E","?","E","T","?","$","?","?","?","R","BOSS","M","$","?","?","?","E","E","E","T","E","?","E","?","M","R","BOSS","BOSS","M","$","$","?","?","R","?","?","T","?"],"items_purchased_type":["Card","Card","Relic","Card","Potion","Card","Relic","Relic","Relic","Relic","Potion","Card","Relic"],"build_version":"2020-12-22","purchased_purges":6,"victory":false,"max_hp_per_floor":[77,77,77,77,77,77,77,77,77,91,91,91,91,91,91,91,91,91,91,91,91,91,91,91,91,91,91,91,91,91,91,91,93,98,98,98,98,98,98,98,98,98,98,98,98,98,98,101,101,101,104,104,104,109,109,109,99,99,99,99,99,99,99],"card_choices":[{"not_picked":["Clothesline","Iron Wave"],"picked":"Reckless Charge","floor":1},{"not_picked":["Shrug It Off","Cleave"],"picked":"True Grit","floor":4},{"not_picked":["True Grit","Iron Wave"],"picked":"Sentinel","floor":6},{"not_picked":["Flex","Heavy Blade","Twin Strike"],"picked":"SKIP","floor":8},{"not_picked":["Dropkick","Headbutt","Cleave"],"picked":"SKIP","floor":10},{"not_picked":["Berserk","Perfected Strike"],"picked":"Battle Trance","floor":13},{"not_picked":["Rage","Clash"],"picked":"Dual Wield","floor":14},{"not_picked":["Demon Form","Berserk"],"picked":"Corruption","floor":16},{"not_picked":["Wild Strike","Clash"],"picked":"Armaments","floor":18},{"not_picked":["Dual Wield","Power Through"],"picked":"Sever Soul","floor":19},{"not_picked":["Fiend Fire","Dropkick+1"],"picked":"Warcry","floor":22},{"not_picked":["Second Wind","Seeing Red"],"picked":"REME_TheLastStrike","floor":23},{"not_picked":["Entrench","REME_TheLastStrike"],"picked":"Pummel","floor":25},{"not_picked":["Clash","Wild Strike","Shockwave"],"picked":"SKIP","floor":29},{"not_picked":["REME_Fury","Double Tap"],"picked":"Barricade","floor":33},{"not_picked":["Blood for Blood","Iron Wave"],"picked":"Warcry","floor":35},{"not_picked":["Anger","Perfected Strike"],"picked":"Dark Embrace","floor":37},{"not_picked":["Sword Boomerang+1","Body Slam","Cleave+1"],"picked":"SKIP","floor":40},{"not_picked":["Body Slam","Spot Weakness"],"picked":"Ghostly Armor","floor":41},{"not_picked":["Clash","Thunderclap"],"picked":"REME_Scribble","floor":42},{"not_picked":["Sword Boomerang","Flex"],"picked":"Impervious","floor":44},{"not_picked":["Wild Strike+1","Fiend Fire"],"picked":"Corruption","floor":46},{"not_picked":["Rupture","Clash+1","Pummel+1"],"picked":"SKIP","floor":48},{"not_picked":["Feed","Corruption"],"picked":"Offering","floor":51},{"not_picked":["Sentinel","True Grit","Spot Weakness"],"picked":"SKIP","floor":53},{"not_picked":["Dropkick","Twin Strike","Uppercut"],"picked":"SKIP","floor":56},{"not_picked":["True Grit","Iron Wave","Rage"],"picked":"SKIP","floor":60}],"player_experience":46698,"relics_obtained":[{"floor":6,"key":"Letter Opener"},{"floor":8,"key":"Whetstone"},{"floor":9,"key":"Dota2Spire:Dagon"},{"floor":10,"key":"Mango"},{"floor":11,"key":"Dota2Spire:AghanimScepter"},{"floor":14,"key":"Bag of Preparation"},{"floor":19,"key":"Red Mask"},{"floor":23,"key":"Dota2Spire:BattleFury"},{"floor":25,"key":"Ancient Tea Set"},{"floor":26,"key":"StrikeDummy"},{"floor":34,"key":"Dota2Spire:EyeOfSkadi"},{"floor":34,"key":"Kunai"},{"floor":34,"key":"Dota2Spire:ShadowBlade"},{"floor":37,"key":"Dota2Spire:Satanic"},{"floor":40,"key":"Art of War"},{"floor":41,"key":"White Beast Statue"},{"floor":42,"key":"Vajra"},{"floor":43,"key":"Dota2Spire:Desolator"},{"floor":44,"key":"Paper Frog"},{"floor":46,"key":"Blood Vial"},{"floor":61,"key":"Dota2Spire:PowerTreads"}],"event_choices":[{"damage_healed":0,"gold_gain":150,"player_choice":"AGREE","damage_taken":0,"max_hp_gain":0,"max_hp_loss":0,"event_name":"Liars Game","floor":2,"gold_loss":0,"cards_obtained":["Doubt"]},{"damage_healed":0,"gold_gain":0,"player_choice":"1 cards matched","damage_taken":0,"max_hp_gain":0,"max_hp_loss":0,"event_name":"Match and Keep!","floor":3,"gold_loss":0,"cards_obtained":["Bludgeon"]},{"damage_healed":19,"gold_gain":0,"player_choice":"Healed","damage_taken":0,"max_hp_gain":0,"max_hp_loss":0,"event_name":"The Cleric","floor":7,"gold_loss":35},{"damage_healed":0,"gold_gain":0,"player_choice":"Fought Bandits","damage_taken":0,"max_hp_gain":0,"max_hp_loss":0,"event_name":"Masked Bandits","floor":19,"gold_loss":0},{"damage_healed":0,"gold_gain":0,"player_choice":"Trade","damage_taken":0,"relics_obtained":["SsserpentHead"],"max_hp_gain":0,"max_hp_loss":0,"event_name":"FaceTrader","floor":20,"gold_loss":0},{"damage_healed":0,"gold_gain":630,"player_choice":"GOLD GOLD GOLD GOLD GOLD GOLD GOLD ","damage_taken":69,"max_hp_gain":0,"max_hp_loss":0,"event_name":"Knowing Skull","floor":27,"potions_obtained":[],"gold_loss":0,"cards_obtained":[]},{"damage_healed":0,"gold_gain":0,"player_choice":"Stopped","damage_taken":9,"max_hp_gain":0,"max_hp_loss":0,"event_name":"Cursed Tome","floor":30,"gold_loss":0},{"damage_healed":0,"gold_gain":0,"player_choice":"Opened","damage_taken":0,"relics_obtained":["Shuriken"],"max_hp_gain":0,"max_hp_loss":0,"event_name":"The Mausoleum","floor":31,"gold_loss":0,"cards_obtained":["Writhe"]},{"damage_healed":0,"gold_gain":0,"player_choice":"Fight","damage_taken":0,"max_hp_gain":0,"max_hp_loss":0,"event_name":"Mysterious Sphere","floor":37,"gold_loss":0},{"damage_healed":0,"gold_gain":0,"player_choice":"Memory 1","damage_taken":0,"max_hp_gain":0,"max_hp_loss":0,"event_name":"SensoryStone","floor":38,"gold_loss":0},{"cards_removed":["Strike_R"],"damage_healed":0,"gold_gain":0,"player_choice":"Removed Attack","damage_taken":0,"max_hp_gain":0,"max_hp_loss":0,"event_name":"Falling","floor":39,"gold_loss":0},{"damage_healed":0,"gold_gain":0,"player_choice":"Upgrade","damage_taken":0,"relics_obtained":["Mark of the Bloom"],"max_hp_gain":0,"max_hp_loss":0,"event_name":"MindBloom","floor":45,"gold_loss":0,"cards_upgraded":["Strike_R","Defend_R","Defend_R","Defend_R","Defend_R","REME_WorshipGod","Bludgeon","True Grit","Sentinel","Battle Trance","Dual Wield","Corruption","Armaments","Sever Soul","REME_FearOfPain","Warcry","REME_TheLastStrike","Pummel","Feel No Pain","Barricade","Warcry","Warcry","Dark Embrace","Ghostly Armor","REME_Scribble","Impervious"]},{"damage_healed":0,"gold_gain":0,"player_choice":"Damaged","damage_taken":14,"max_hp_gain":0,"max_hp_loss":0,"event_name":"Wheel of Change","floor":47,"gold_loss":0},{"damage_healed":0,"gold_gain":0,"player_choice":"Lose Max HP","damage_taken":0,"relics_obtained":["Golden Idol"],"max_hp_gain":0,"max_hp_loss":10,"event_name":"Golden Idol","floor":57,"gold_loss":0},{"damage_healed":0,"gold_gain":0,"player_choice":"Bought 1 Potion","damage_taken":0,"max_hp_gain":0,"max_hp_loss":0,"event_name":"The Woman in Blue","floor":59,"gold_loss":0}],"is_beta":false,"boss_relics":[{"not_picked":["REME_ChargedStone","Black Blood"],"picked":"Runic Dome"},{"not_picked":["Runic Cube","Dota2Spire:Bloodstone"],"picked":"Calling Bell"},{"not_picked":["SacredBark","Snecko Eye"],"picked":"Astrolabe"}],"items_purged_floors":[5,24,28,36,54,55],"is_endless":true,"potions_floor_spawned":[4,8,10,13,19,23,25,33,40,41,42,44,46,48,50,51,53,56,60],"killed_by":"Gremlin Gang","ascension_level":20}}