{"host":"dzc8cchcquikqbpv","time":1611004348,"event":{"mods":["BaseMod","BetterRewards","Colored Map","Colored Powertips","Dark Map","Downfall","Fox Events","Good Game Mod","Highlight Path","Infinite Spire","Minty Spire (QoL Compilation)","Permanent Neow","Shop Mod","StSLib"],"gold_per_floor":[111,126,144,144,144,179,179,195,195,220,236,265,265,88,88,199,199,216,234,234,159,159,159,159,159,214,232,232,265,280,321,321,420,420,435,453,453,453,473,514,514,215,242,242,273,273,288,307,307,409,409,409,458,465,473,473,473,507,507,533,546,552,569,569,585,585,657,657,660,666,666,137,137,163,163,173,255,259,359,359,359,354,354,416,466,455,457,450,750,68,68,52,52,52,24,33,33,30,24,24,36,36],"floor_reached":101,"language":"ENG","playtime":9396,"items_purged":["Pain"],"score":1961,"play_id":"4e6b3cfc-e748-42d8-bbd4-e6adeab4cd6f","local_time":"20210118211228","is_ascension_mode":false,"campfire_choices":[{"floor":7.0,"key":"REST"},{"floor":13.0,"key":"REST"},{"data":"Apotheosis","floor":15.0,"key":"SMITH"},{"data":"infinitespire:Oblivion","floor":23.0,"key":"SMITH"},{"floor":28.0,"key":"REST"},{"floor":32.0,"key":"REST"},{"data":"Seek","floor":46.0,"key":"SMITH"},{"floor":49.0,"key":"REST"},{"floor":57.0,"key":"REST"},{"data":"Defragment","floor":64.0,"key":"SMITH"},{"data":"Chaos","floor":66.0,"key":"SMITH"},{"data":"downfall:Malfunctioning","floor":80,"key":"PURGE"},{"floor":83,"key":"REST"},{"data":"downfall:Malfunctioning","floor":91,"key":"PURGE"},{"data":"Pain","floor":93,"key":"PURGE"},{"data":"Echo Form","floor":100,"key":"SMITH"}],"circlet_count":0,"master_deck":["Strike_B+1","Strike_B+1","Defend_B+1","Defend_B+1","Defend_B+1","Defend_B+1","Zap+1","Dualcast","Electrodynamics+1","White Noise+1","Redo","Rebound","Defragment+1","Consume","White Noise","Apotheosis+1","All For One","CurseOfTheBell","Barrage+1","infinitespire:Oblivion+1","Leap+1","Cold Snap+1","Darkness","Seek+1","Turbo+1","Barrage+1","Loop+1","Metamorphosis","Conserve Battery","Buffer+1","Defragment","Chaos+1","infinitespire:Fortify","Conserve Battery+1","Capacitor","infinitespire:Oblivion","BootSequence+1","Reinforced Body+1","Decay","Echo Form+1","Capacitor","Seek","Madness","Madness","Glacier","Reinforced Body","Parasite","Barrage","Multi-Cast"],"relics":["FrozenCore","REME:ComplimentaryCards","Bottled Flame","infinitespire:Midas Blood","Vajra","White Beast Statue","Calling Bell","infinitespire:Lucky Rock","Pear","Incense Burner","infinitespire:Freezer","Oddly Smooth Stone","Toy Ornithopter","Nunchaku","infinitespire:Joker Card","Shuriken","Mango","Bag of Marbles","infinitespire:Beetle Shell","SlaversCollar","Mercury Hourglass","Regal Pillow","infinitespire:ShieldingShard","Peace Pipe","Boot","Philosopher\u0027s Stone","WarpedTongs","Blood Vial","Thread and Needle","infinitespire:Satchel","infinitespire:SolderingIron","Happy Flower","Bottled Tornado","Strawberry","Blue Candle","Tiny House","Mummified Hand","infinitespire:Magic Flask","Toolbox","Question Card","Kunai","Orichalcum"],"acts_visited":["Exordium","TheCity","TheBeyond","Exordium","TheCity","TheBeyond"],"potions_floor_usage":[76,78,78,84,84,92,101],"damage_taken":[{"damage":0.0,"enemies":"Cultist","floor":1.0,"turns":3.0},{"damage":5.0,"enemies":"Small Slimes","floor":2.0,"turns":3.0},{"damage":5.0,"enemies":"Jaw Worm","floor":3.0,"turns":4.0},{"damage":8.0,"enemies":"Gremlin Nob","floor":6.0,"turns":3.0},{"damage":1.0,"enemies":"Exordium Thugs","floor":8.0,"turns":3.0},{"damage":4.0,"enemies":"Blue Slaver","floor":11.0,"turns":2.0},{"damage":13.0,"enemies":"Lagavulin","floor":12.0,"turns":5.0},{"damage":32.0,"enemies":"Hexaghost","floor":16.0,"turns":7.0},{"damage":14.0,"enemies":"Shell Parasite","floor":18.0,"turns":4.0},{"damage":5.0,"enemies":"Chosen","floor":19.0,"turns":5.0},{"damage":10.0,"enemies":"Snake Plant","floor":27.0,"turns":4.0},{"damage":0.0,"enemies":"Nightmare","floor":29.0,"turns":6.0},{"damage":9.0,"enemies":"Snecko","floor":30.0,"turns":3.0},{"damage":28.0,"enemies":"Gremlin Leader","floor":31.0,"turns":5.0},{"damage":17.0,"enemies":"Collector","floor":33.0,"turns":8.0},{"damage":0.0,"enemies":"3 Shapes","floor":35.0,"turns":3.0},{"damage":7.0,"enemies":"Orb Walker","floor":36.0,"turns":4.0},{"damage":20.0,"enemies":"Sphere and 2 Shapes","floor":39.0,"turns":4.0},{"damage":51.0,"enemies":"Nightmare","floor":40.0,"turns":7.0},{"damage":31.0,"enemies":"Giant Head","floor":45.0,"turns":8.0},{"damage":18.0,"enemies":"Maw","floor":47.0,"turns":7.0},{"damage":8.0,"enemies":"Jaw Worm Horde","floor":48.0,"turns":2.0},{"damage":6.0,"enemies":"Awakened One","floor":50.0,"turns":12.0},{"damage":0.0,"enemies":"Cultist","floor":52.0,"turns":4.0},{"damage":9.0,"enemies":"3 Sentries","floor":53.0,"turns":4.0},{"damage":1.0,"enemies":"Small Slimes","floor":54.0,"turns":3.0},{"damage":0.0,"enemies":"3 Sentries","floor":58.0,"turns":1.0},{"damage":0.0,"enemies":"2 Louse","floor":61.0,"turns":1.0},{"damage":0.0,"enemies":"Looter","floor":62.0,"turns":2.0},{"damage":0.0,"enemies":"Gremlin Gang","floor":63.0,"turns":1.0},{"damage":0.0,"enemies":"3 Louse","floor":65.0,"turns":2.0},{"damage":0.0,"enemies":"Slime Boss","floor":67.0,"turns":6.0},{"damage":7.0,"enemies":"3 Byrds","floor":69.0,"turns":3.0},{"damage":0.0,"enemies":"Chosen","floor":70.0,"turns":4.0},{"damage":25.0,"enemies":"Slavers","floor":74.0,"turns":4.0},{"damage":21,"enemies":"Book of Stabbing","floor":76,"turns":5},{"damage":21,"enemies":"Slavers","floor":78,"turns":5},{"damage":0,"enemies":"Snecko","floor":82,"turns":4},{"damage":1,"enemies":"Automaton","floor":84,"turns":7},{"damage":0,"enemies":"3 Shapes","floor":86,"turns":7},{"damage":0,"enemies":"Orb Walker","floor":88,"turns":4},{"damage":0,"enemies":"Giant Head","floor":92,"turns":7},{"damage":8,"enemies":"Maw","floor":95,"turns":8},{"damage":0,"enemies":"Nemesis","floor":96,"turns":5},{"damage":7,"enemies":"Writhing Mass","floor":98,"turns":5},{"damage":9,"enemies":"3 Darklings","floor":99,"turns":4},{"damage":95,"enemies":"infinitespire:MassOfShapes","floor":101,"turns":7}],"seed_played":"-7562963790911322553","potions_obtained":[{"floor":2.0,"key":"SteroidPotion"},{"floor":6.0,"key":"Fire Potion"},{"floor":8.0,"key":"LiquidMemories"},{"floor":11.0,"key":"EssenceOfDarkness"},{"floor":16.0,"key":"Dexterity Potion"},{"floor":18.0,"key":"Energy Potion"},{"floor":19.0,"key":"FearPotion"},{"floor":27.0,"key":"CultistPotion"},{"floor":29.0,"key":"DistilledChaos"},{"floor":30.0,"key":"Strength Potion"},{"floor":31.0,"key":"infinitespire:BlackPotion"},{"floor":33.0,"key":"champ:CounterPotion"},{"floor":35.0,"key":"champ:CounterPotion"},{"floor":36.0,"key":"Energy Potion"},{"floor":39.0,"key":"FocusPotion"},{"floor":40.0,"key":"BlessingOfTheForge"},{"floor":48.0,"key":"Guardian:BlockOnCardUsePotion"},{"floor":50.0,"key":"Dexterity Potion"},{"floor":52.0,"key":"SpeedPotion"},{"floor":53.0,"key":"sneckomod:MuddlingPotion"},{"floor":58.0,"key":"PowerPotion"},{"floor":61.0,"key":"SkillPotion"},{"floor":65.0,"key":"CultistPotion"},{"floor":69.0,"key":"LiquidMemories"},{"floor":70.0,"key":"DuplicationPotion"},{"floor":76,"key":"champ:CounterPotion"},{"floor":78,"key":"CultistPotion"},{"floor":82,"key":"Swift Potion"},{"floor":84,"key":"ColorlessPotion"},{"floor":85,"key":"Explosive Potion"},{"floor":92,"key":"SteroidPotion"},{"floor":95,"key":"hexamod:SoulburnPotion"},{"floor":98,"key":"Fire Potion"},{"floor":99,"key":"AttackPotion"}],"is_trial":false,"path_per_floor":["M","M","M","?","?","E","R","M","T","T","M","E","R","$","R","B",null,"M","M","AVR","?","$","R","?","T","T","M","R","NM","M","E","R","B",null,"M","M","AVR","?","M","NM","?","$","T","?","E","R","M","M","R","B",null,"M","?","M","?","AVR","R","E","?","T","M","M","M","R","M","R","B",null,"M","M","?","$","?","E","AVR","E","T","E","?","R","?","M","R","B",null,"M","?","M","?","$","R","E","R","T","M","E","?","M","M","R","B"],"character_chosen":"DEFECT","items_purchased":["Apotheosis","Mango","Blood Vial","Thread and Needle","Mummified Hand","infinitespire:Magic Flask","Toolbox"],"campfire_rested":7,"item_purchase_floors":[14,42,72,72,90,90,90],"current_hp_per_floor":[75,70,65,65,50,42,64,63,63,63,59,46,68,68,68,36,85,71,66,66,66,66,66,66,66,66,56,81,81,76,48,73,66,85,85,78,78,78,58,7,74,88,88,88,57,57,39,31,57,66,88,88,79,78,60,60,88,88,88,88,88,88,88,88,88,88,88,88,81,81,81,81,81,58,58,44,44,42,47,47,47,49,94,99,105,105,92,94,94,94,94,101,101,101,95,97,97,92,85,85,0,0],"gold":36,"neow_bonus":"UPGRADE_CARD","is_daily":false,"chose_seed":false,"campfire_upgraded":6,"win_rate":0.0,"timestamp":1611004348,"path_taken":["M","M","?","?","?","E","R","M","T","?","M","E","R","$","R","BOSS","M","M","AVR","?","?","R","?","?","T","M","R","NM","M","E","R","BOSS","M","M","AVR","?","M","NM","?","$","T","?","E","R","M","M","R","BOSS","M","?","M","?","AVR","R","E","?","T","?","M","M","R","M","R","BOSS","M","M","?","?","?","E","AVR","E","T","E","?","R","?","M","R","BOSS","M","?","M","?","$","R","E","R","T","?","E","?","M","M","R","BOSS"],"items_purchased_type":["Card","Relic","Relic","Relic","Relic","Relic","Relic"],"build_version":"2020-12-22","purchased_purges":1,"victory":false,"max_hp_per_floor":[75,75,75,75,75,75,75,75,75,75,75,75,75,75,75,75,85,85,85,85,85,85,85,85,85,85,85,85,85,85,85,85,85,85,85,85,85,85,85,85,74,88,88,88,88,88,88,88,88,88,88,88,88,88,88,88,88,88,88,88,88,88,88,88,88,88,88,88,88,88,88,88,88,88,88,88,88,95,100,100,100,100,100,100,105,105,105,105,105,105,105,105,105,105,105,105,105,105,105,105,105,105],"card_choices":[{"not_picked":["Steam","Streamline"],"picked":"White Noise","floor":1.0},{"not_picked":["Rebound","Ball Lightning"],"picked":"Redo","floor":2.0},{"not_picked":["Reprogram","Rip and Tear"],"picked":"Rebound","floor":3.0},{"not_picked":["Hologram","Beam Cell"],"picked":"Defragment","floor":6.0},{"not_picked":["Conserve Battery","Self Repair"],"picked":"Consume","floor":8.0},{"not_picked":["Compile Driver","Electrodynamics","Reprogram"],"picked":"SKIP","floor":11.0},{"not_picked":["Ball Lightning","Aggregate"],"picked":"White Noise","floor":12.0},{"not_picked":["Reboot","Amplify"],"picked":"All For One","floor":16.0},{"not_picked":["Streamline","Melter"],"picked":"Barrage+1","floor":18.0},{"not_picked":["Ball Lightning","Skim","Gash"],"picked":"SKIP","floor":19.0},{"not_picked":["Doom and Gloom","Sunder"],"picked":"Turbo+1","floor":27.0},{"not_picked":["FTL","Multi-Cast"],"picked":"Leap","floor":29.0},{"not_picked":["Steam","Turbo"],"picked":"Cold Snap+1","floor":30.0},{"not_picked":["Streamline+1","Redo"],"picked":"Darkness","floor":31.0},{"not_picked":["Thunder Strike","Multi-Cast"],"picked":"Seek","floor":33.0},{"not_picked":["Lockon+1","Reprogram+1","Aggregate+1"],"picked":"SKIP","floor":35.0},{"not_picked":["Steam+1","Ball Lightning"],"picked":"Turbo+1","floor":36.0},{"not_picked":["Sweeping Beam+1","Ball Lightning"],"picked":"Barrage+1","floor":39.0},{"not_picked":["Ball Lightning+1","Scrape"],"picked":"Loop+1","floor":40.0},{"not_picked":["PanicButton","Master of Strategy"],"picked":"Metamorphosis","floor":44.0},{"not_picked":["Lockon","Hello World+1","Beam Cell+1"],"picked":"SKIP","floor":45.0},{"not_picked":["Go for the Eyes+1","Hologram+1"],"picked":"Conserve Battery","floor":47.0},{"not_picked":["White Noise","Steam+1","Turbo"],"picked":"SKIP","floor":48.0},{"not_picked":["Electrodynamics","All For One"],"picked":"Buffer","floor":50.0},{"not_picked":["Coolheaded","Beam Cell"],"picked":"Defragment","floor":52.0},{"not_picked":["Beam Cell","Loop"],"picked":"Chaos","floor":53.0},{"not_picked":["Scrape","Skim","Loop"],"picked":"SKIP","floor":54.0},{"not_picked":["Conserve Battery","Redo","Rebound"],"picked":"SKIP","floor":58.0},{"not_picked":["Barrage","Go for the Eyes","Storm"],"picked":"SKIP","floor":61.0},{"not_picked":["Cold Snap","Leap","White Noise"],"picked":"SKIP","floor":62.0},{"not_picked":["Cold Snap","Barrage","Ball Lightning"],"picked":"SKIP","floor":63.0},{"not_picked":["Stack","Redo","Rebound"],"picked":"SKIP","floor":65.0},{"not_picked":["infinitespire:SevenWalls","infinitespire:DeathsTouch"],"picked":"infinitespire:Fortify","floor":67.0},{"not_picked":["Sweeping Beam","Hologram","Beam Cell"],"picked":"SKIP","floor":69.0},{"not_picked":["Redo+1","Ball Lightning+1"],"picked":"Conserve Battery+1","floor":70.0},{"not_picked":["Storm","Compile Driver","Auto Shields"],"picked":"SKIP","floor":74.0},{"not_picked":["Coolheaded+1","Scrape"],"picked":"BootSequence+1","floor":76},{"not_picked":["Sunder","Streamline+1"],"picked":"Reinforced Body+1","floor":78},{"not_picked":["Hologram+1","Conserve Battery+1"],"picked":"Capacitor","floor":82},{"not_picked":["Multi-Cast","Buffer"],"picked":"Seek","floor":84},{"not_picked":["Redo+1","Skim+1","Streamline"],"picked":"SKIP","floor":86},{"not_picked":["Reinforced Body+1","Sunder","Rip and Tear"],"picked":"SKIP","floor":88},{"not_picked":["Compile Driver","Go for the Eyes","Hologram"],"picked":"SKIP","floor":92},{"not_picked":["All For One","Capacitor+1","Hologram","Glacier"],"picked":"SKIP","floor":95},{"not_picked":["All For One","Capacitor+1","Hologram"],"picked":"Glacier","floor":95},{"not_picked":["Steam","Gash","Storm","Lockon+1"],"picked":"SKIP","floor":96},{"not_picked":["Compile Driver","Sweeping Beam","Gash"],"picked":"Barrage","floor":98},{"not_picked":["Storm","Coolheaded+1","Blizzard+1"],"picked":"Multi-Cast","floor":99}],"player_experience":16850,"relics_obtained":[{"floor":6.0,"key":"Bottled Flame"},{"floor":9.0,"key":"infinitespire:Midas Blood"},{"floor":10.0,"key":"Vajra"},{"floor":12.0,"key":"White Beast Statue"},{"floor":17.0,"key":"infinitespire:Lucky Rock"},{"floor":17.0,"key":"Pear"},{"floor":17.0,"key":"Incense Burner"},{"floor":25.0,"key":"infinitespire:Freezer"},{"floor":26.0,"key":"Oddly Smooth Stone"},{"floor":29.0,"key":"Toy Ornithopter"},{"floor":31.0,"key":"Nunchaku"},{"floor":40.0,"key":"Shuriken"},{"floor":43.0,"key":"Bag of Marbles"},{"floor":45.0,"key":"infinitespire:Beetle Shell"},{"floor":53.0,"key":"Mercury Hourglass"},{"floor":58.0,"key":"Peace Pipe"},{"floor":60.0,"key":"Boot"},{"floor":74.0,"key":"infinitespire:Satchel"},{"floor":76,"key":"Happy Flower"},{"floor":77,"key":"Bottled Tornado"},{"floor":78,"key":"Strawberry"},{"floor":92,"key":"Question Card"},{"floor":94,"key":"Kunai"},{"floor":96,"key":"Orichalcum"}],"event_choices":[{"damage_healed":0.0,"max_hp_gain":0.0,"max_hp_loss":0.0,"gold_gain":0.0,"event_name":"Shining Light","player_choice":"Entered Light","floor":5.0,"gold_loss":0.0,"damage_taken":15.0,"cards_upgraded":["Defend_B","Zap"]},{"cards_removed":["Strike_B"],"damage_healed":0.0,"max_hp_gain":0.0,"max_hp_loss":0.0,"gold_gain":0.0,"event_name":"Beggar","player_choice":"Gave Gold","floor":21.0,"gold_loss":75.0,"damage_taken":0.0},{"damage_healed":0.0,"max_hp_gain":0.0,"max_hp_loss":0.0,"gold_gain":0.0,"event_name":"Back to Basics","player_choice":"Simplicity","floor":24.0,"gold_loss":0.0,"damage_taken":0.0,"cards_upgraded":["Strike_B","Strike_B","Strike_B","Defend_B","Defend_B","Defend_B"]},{"cards_removed":["Turbo"],"damage_healed":0.0,"max_hp_gain":0.0,"max_hp_loss":0.0,"gold_gain":0.0,"event_name":"Falling","player_choice":"Removed Skill","floor":38.0,"gold_loss":0.0,"damage_taken":0.0},{"damage_healed":74.0,"max_hp_gain":0.0,"max_hp_loss":11.0,"gold_gain":0.0,"event_name":"The Moai Head","player_choice":"Heal","floor":41.0,"gold_loss":0.0,"damage_taken":0.0},{"damage_healed":0.0,"max_hp_gain":0.0,"max_hp_loss":0.0,"gold_gain":0.0,"event_name":"SensoryStone","player_choice":"Memory 1","floor":44.0,"gold_loss":0.0,"damage_taken":0.0},{"damage_healed":0.0,"max_hp_gain":0.0,"max_hp_loss":0.0,"gold_gain":0.0,"event_name":"Dead Adventurer","player_choice":"Searched \u00271\u0027 times","floor":53.0,"gold_loss":0.0,"damage_taken":0.0},{"damage_healed":0.0,"max_hp_gain":0.0,"max_hp_loss":0.0,"gold_gain":0.0,"event_name":"Scrap Ooze","player_choice":"Success","floor":55.0,"gold_loss":0.0,"damage_taken":18.0,"relics_obtained":["Regal Pillow"]},{"damage_healed":0.0,"max_hp_gain":0.0,"max_hp_loss":0.0,"gold_gain":0.0,"event_name":"Upgrade Shrine","player_choice":"Upgraded","floor":59.0,"gold_loss":0.0,"damage_taken":0.0,"cards_upgraded":["Buffer"]},{"damage_healed":0.0,"max_hp_gain":0.0,"max_hp_loss":0.0,"gold_gain":0.0,"event_name":"Accursed Blacksmith","player_choice":"Rummage","floor":71.0,"gold_loss":0.0,"damage_taken":0.0,"relics_obtained":["WarpedTongs"],"cards_obtained":["Pain"]},{"damage_healed":0.0,"max_hp_gain":0.0,"max_hp_loss":0.0,"gold_gain":0.0,"event_name":"The Library","player_choice":"Read","floor":73.0,"gold_loss":0.0,"damage_taken":0.0,"cards_obtained":["Capacitor"]},{"damage_healed":0,"gold_gain":0,"player_choice":"Leave","damage_taken":0,"max_hp_gain":0,"max_hp_loss":0,"event_name":"FaceTrader","floor":81,"gold_loss":0},{"damage_healed":0,"gold_gain":0,"player_choice":"Embrace Madness","damage_taken":13,"max_hp_gain":0,"max_hp_loss":0,"event_name":"Winding Halls","floor":87,"gold_loss":0,"cards_obtained":["Madness","Madness"]},{"damage_healed":0,"gold_gain":300,"player_choice":"Gold","damage_taken":0,"max_hp_gain":0,"max_hp_loss":0,"event_name":"Wheel of Change","floor":89,"gold_loss":0},{"damage_healed":0,"gold_gain":0,"cards_transformed":["Strike_B"],"player_choice":"Transformed","damage_taken":0,"max_hp_gain":0,"max_hp_loss":0,"event_name":"Transmorgrifier","floor":97,"gold_loss":0,"cards_obtained":["Reinforced Body"]}],"is_beta":false,"boss_relics":[{"not_picked":["Runic Dome","Cursed Key"],"picked":"Calling Bell"},{"not_picked":["Sozu","Philosopher\u0027s Stone"],"picked":"FrozenCore"},{"not_picked":["Coffee Dripper","Tiny House"],"picked":"SlaversCollar"},{"not_picked":["Empty Cage","Cursed Key"],"picked":"Philosopher\u0027s Stone"},{"not_picked":["Velvet Choker","Runic Dome"],"picked":"Tiny House"}],"items_purged_floors":[72],"is_endless":true,"potions_floor_spawned":[2,6,8,11,16,18,19,27,29,30,31,33,35,36,39,40,45,47,48,50,52,53,54,58,61,62,63,65,67,69,70,74,76,78,82,84,86,88,92,95,96,98,99],"killed_by":"infinitespire:MassOfShapes","ascension_level":0}}