{"host":"rolltorest","time":1611012669,"event":{"mods":["BaseMod","Minty Spire (QoL Compilation)","Relic Stats","Slay the Relics Exporter","StSLib"],"gold_per_floor":[116,166,184,184,101,101,127,127,127,127,202,9,9,9,9],"floor_reached":14,"language":"ENG","playtime":270,"items_purged":[],"score":168,"play_id":"0a2ef95f-ba38-4713-8571-61dce9f945d8","local_time":"20210118153109","is_ascension_mode":true,"campfire_choices":[{"data":"Unload","floor":6,"key":"SMITH"},{"floor":8,"key":"REST"},{"data":"Leg Sweep","floor":10,"key":"SMITH"}],"circlet_count":0,"master_deck":["AscendersBane","Strike_G","Strike_G","Strike_G","Strike_G","Strike_G","Defend_G","Defend_G","Defend_G","Defend_G","Defend_G","Survivor+1","Neutralize","Doubt","Unload+1","Deadly Poison+1","Leg Sweep+1","Predator","PiercingWail"],"relics":["Ring of the Snake","WingedGreaves","Tiny Chest","Letter Opener","War Paint","NlothsMask"],"acts_visited":["Exordium"],"potions_floor_usage":[14],"damage_taken":[{"damage":2,"enemies":"Jaw Worm","floor":1,"turns":4},{"damage":0,"enemies":"Small Slimes","floor":3,"turns":3},{"damage":35,"enemies":"Lagavulin","floor":7,"turns":9},{"damage":0,"enemies":"3 Sentries","floor":14,"turns":2}],"seed_played":"-2933562653864760328","potions_obtained":[{"floor":7,"key":"EntropicBrew"}],"is_trial":false,"path_per_floor":["M","?","M","?","$","R","E","R","T","R","?","$","?","E"],"character_chosen":"THE_SILENT","items_purchased":["Leg Sweep","PiercingWail","War Paint"],"campfire_rested":1,"item_purchase_floors":[5,12,12],"current_hp_per_floor":[57,57,57,39,39,39,4,23,23,23,12,12,12,12,12],"gold":9,"neow_bonus":"THREE_RARE_CARDS","is_daily":false,"chose_seed":false,"campfire_upgraded":2,"win_rate":0.0,"timestamp":1611012669,"path_taken":["M","?","M","?","?","R","E","R","T","R","?","$","?","E"],"items_purchased_type":["Card","Card","Relic"],"build_version":"2020-12-18","purchased_purges":0,"victory":false,"max_hp_per_floor":[66,66,66,66,66,66,66,66,66,66,66,66,66,66,66],"relic_stats":{"counters":[4,18],"Tiny Chest":0,"Letter Opener":[0],"War Paint":["Deadly Poison","Survivor"],"obtain_stats":[{"Tiny Chest":7,"WingedGreaves":4,"Letter Opener":9,"War Paint":12,"Ring of the Snake":0,"NlothsMask":13},{"Tiny Chest":3,"WingedGreaves":2,"Letter Opener":3,"War Paint":3,"Ring of the Snake":0,"NlothsMask":3},{"Tiny Chest":16,"WingedGreaves":7,"Letter Opener":16,"War Paint":16,"Ring of the Snake":0,"NlothsMask":16}],"Ring of the Snake":[8]},"card_choices":[{"not_picked":["Wraith Form v2","Malaise"],"picked":"Unload","floor":0},{"not_picked":["Quick Slash","Deflect","Acrobatics"],"picked":"SKIP","floor":1},{"not_picked":["Infinite Blades","Outmaneuver"],"picked":"Deadly Poison","floor":3},{"not_picked":["Slice","Tactician"],"picked":"Predator","floor":7}],"player_experience":1734570,"relics_obtained":[{"floor":7,"key":"Tiny Chest"},{"floor":9,"key":"Letter Opener"}],"event_choices":[{"damage_healed":0,"gold_gain":50,"player_choice":"Gained Gold","damage_taken":0,"max_hp_gain":0,"max_hp_loss":0,"event_name":"Golden Wing","floor":2,"gold_loss":0},{"damage_healed":0,"gold_gain":0,"player_choice":"Success","damage_taken":18,"relics_obtained":["WingedGreaves"],"max_hp_gain":0,"max_hp_loss":0,"event_name":"Scrap Ooze","floor":4,"gold_loss":0},{"damage_healed":0,"gold_gain":75,"player_choice":"Gather Gold","damage_taken":11,"max_hp_gain":0,"max_hp_loss":0,"event_name":"World of Goop","floor":11,"gold_loss":0},{"damage_healed":0,"gold_gain":0,"player_choice":"Trade","damage_taken":0,"relics_obtained":["NlothsMask"],"max_hp_gain":0,"max_hp_loss":0,"event_name":"FaceTrader","floor":13,"gold_loss":0}],"is_beta":true,"boss_relics":[],"items_purged_floors":[],"is_endless":false,"potions_floor_spawned":[7],"killed_by":"3 Sentries","ascension_level":20}}