{"host":"nn0yetzbeklxe8e9","time":1611012523,"event":{"mods":["AchievementEnabler","Act Like it!","Aspiration","BaseMod","Better Match","BetterRewards","Colored Powertips","Curses Come First","Friendly Minions","Infinite Spire","Minty Spire (QoL Compilation)","Permanent Neow","Quick Restart","READ ME - Snecko Mod","Rare Cards Sparkle","Replay The Spire","StSLib","The Jungle","Waifu the Spire"],"gold_per_floor":[110,124,124,142,142,142,159,5,5,5,5,5,40,69,81,192,204,236,298,515,439,479,479,498,498,498,498,525,525],"floor_reached":28,"language":"ENG","playtime":2159,"items_purged":["Regret","Amnesia"],"score":343,"play_id":"728c6f88-58e3-4762-9a05-744d84025db5","local_time":"20210118182843","is_ascension_mode":false,"campfire_choices":[{"floor":6.0,"key":"REST"},{"floor":11.0,"key":"REST"},{"data":"BattleHymn","floor":15.0,"key":"SMITH"},{"floor":23.0,"key":"REST"},{"floor":25.0,"key":"REST"}],"circlet_count":0,"master_deck":["Strike_P","Strike_P","Strike_P","Strike_P","Defend_P","Defend_P","Defend_P","Defend_P","Eruption","Vigilance","Replay:DivineShield","Replay:BluntJabs","Injury","Consecrate+1","Wallop+1","Fasting2","infinitespire:Execution","BowlingBash+1","BattleHymn+1","MasterReality","SandsOfTime+1","Overencumbered","ClearTheMind+1","SandsOfTime+1","infinitespire:Pacifist","FlurryOfBlows+1","FlurryOfBlows+1","ReplayTheSpireMod:IOU","Hallucinations","Replay:Hysterical Blindness"],"relics":["PureWater","aspiration:HatOfInfinitePower","Molten Egg 2","Bag of Preparation","Bottled Lightning","MawBank","Painkiller Herb","Ring of Greed","ReplayTheSpireMod:Ring of Exchange","Membership Card","infinitespire:Midas Blood","infinitespire:Bottled Soul","aspiration:VileToxins"],"acts_visited":["Exordium","TheCity"],"potions_floor_usage":[],"damage_taken":[{"damage":2.0,"enemies":"Cultist","floor":1.0,"turns":3.0},{"damage":0.0,"enemies":"2 Louse","floor":2.0,"turns":3.0},{"damage":1.0,"enemies":"Jaw Worm","floor":4.0,"turns":4.0},{"damage":5.0,"enemies":"Exordium Thugs","floor":7.0,"turns":2.0},{"damage":6.0,"enemies":"Gremlin Nob","floor":13.0,"turns":4.0},{"damage":0.0,"enemies":"3 Louse","floor":14.0,"turns":2.0},{"damage":47.0,"enemies":"Fading Forest","floor":16.0,"turns":11.0},{"damage":16.0,"enemies":"2 Thieves","floor":18.0,"turns":3.0},{"damage":12.0,"enemies":"3 Byrds","floor":22.0,"turns":3.0},{"damage":17.0,"enemies":"Sentry and Sphere","floor":24.0,"turns":4.0},{"damage":36.0,"enemies":"Shelled Parasite and Fungi","floor":28.0,"turns":6.0}],"seed_played":"840526500539541523","potions_obtained":[{"floor":7.0,"key":"Swift Potion"},{"floor":24.0,"key":"BottledMiracle"},{"floor":28,"key":"LifebloodPotion"}],"is_trial":false,"path_per_floor":["M","M","?","M","?","R","M","$","T","?","R","$","E","M","R","B",null,"?","?","?","T","?","T","?","T","T","AVR","?"],"character_chosen":"WATCHER","items_purchased":["Fasting2","SandsOfTime+1"],"campfire_rested":4,"item_purchase_floors":[8,21],"current_hp_per_floor":[49,49,49,48,48,69,64,64,64,45,66,66,60,60,60,15,72,56,56,28,28,16,37,20,41,41,41,5,5],"gold":525,"neow_bonus":"ONE_RARE_RELIC","is_daily":false,"chose_seed":false,"campfire_upgraded":1,"win_rate":0.0,"timestamp":1611012523,"path_taken":["M","M","?","M","?","R","?","?","T","?","R","$","E","M","R","BOSS","?","?","?","?","?","T","?","T","T","AVR","?"],"items_purchased_type":["Card","Card"],"build_version":"2020-12-22","purchased_purges":2,"victory":false,"max_hp_per_floor":[72,72,72,72,72,72,72,72,72,72,72,72,72,72,72,72,72,72,72,72,72,72,72,72,72,72,72,72,72],"card_choices":[{"not_picked":["CarveReality","FlurryOfBlows"],"picked":"Replay:DivineShield","floor":1.0},{"not_picked":["Halt","Indignation"],"picked":"Replay:BluntJabs","floor":2.0},{"not_picked":["Prostrate","FlurryOfBlows+1"],"picked":"Consecrate+1","floor":4.0},{"not_picked":["Replay:ManipulateFuture","Halt"],"picked":"Wallop+1","floor":7.0},{"not_picked":["infinitespire:NeuralNetwork","infinitespire:Punishment"],"picked":"infinitespire:Execution","floor":10.0},{"not_picked":["Evaluate","ThirdEye"],"picked":"BowlingBash+1","floor":13.0},{"not_picked":["Sanctity","Protect"],"picked":"BattleHymn","floor":14.0},{"not_picked":["Replay:LoomingThreat","Scrawl"],"picked":"MasterReality","floor":16.0},{"not_picked":["Replay:AtTheReady","FollowUp+1"],"picked":"SandsOfTime+1","floor":18.0},{"not_picked":["Collect","Prostrate"],"picked":"ClearTheMind+1","floor":20.0},{"not_picked":["Evaluate","Adaptation"],"picked":"FlurryOfBlows+1","floor":22.0},{"not_picked":["CutThroughFate+1","Replay:DivineShield"],"picked":"FlurryOfBlows+1","floor":24.0}],"player_experience":146032,"relics_obtained":[{"floor":9.0,"key":"Bottled Lightning"},{"floor":13.0,"key":"MawBank"},{"floor":19.0,"key":"Ring of Greed"},{"floor":19.0,"key":"ReplayTheSpireMod:Ring of Exchange"},{"floor":19.0,"key":"Membership Card"},{"floor":19.0,"key":"infinitespire:Midas Blood"},{"floor":26.0,"key":"infinitespire:Bottled Soul"}],"event_choices":[{"damage_healed":0.0,"max_hp_gain":0.0,"max_hp_loss":0.0,"gold_gain":0.0,"event_name":"Big Fish","player_choice":"Box","floor":5.0,"gold_loss":0.0,"damage_taken":0.0,"relics_obtained":["Bag of Preparation"],"cards_obtained":["Regret"]}],"is_beta":false,"boss_relics":[{"not_picked":["Sozu","Ring of Chaos"],"picked":"Painkiller Herb"}],"items_purged_floors":[8,21],"is_endless":false,"potions_floor_spawned":[7,24,28],"killed_by":"Shelled Parasite and Fungi","ascension_level":0}}