{"host":"1a3cjta80tad0aqj","time":1611014244,"event":{"mods":["2.2 Compatiblity","AchievementEnabler","BaseMod","Colored Map","DeckTracker","KOR Keyword Fix","Keyboard Shortcuts","Minty Spire (QoL Compilation)","Permanent Neow","Quick Restart","Random Character Button","StSLib","SuperFastMode","everything is the same but u backflip on backflip"],"gold_per_floor":[114,132,147,157,157,183,183,183,251,270,117,147,147,158,158,263,263,275,288,43,43,43,43],"floor_reached":22,"language":"KOR","playtime":1118,"items_purged":["Strike_R","Strike_R"],"score":216,"play_id":"63779fc6-33cf-4600-aa0b-61db95159ba5","local_time":"20210119085724","is_ascension_mode":true,"campfire_choices":[{"floor":7.0,"key":"REST"},{"data":"Armaments","floor":13.0,"key":"SMITH"},{"data":"Shrug It Off","floor":15.0,"key":"SMITH"}],"circlet_count":0,"master_deck":["Strike_R","Defend_R","Defend_R","Defend_R","Defend_R","Bash","Flex","Twin Strike","Entrench","Shrug It Off+1","Shockwave+1","Dropkick","Body Slam","Sever Soul","Armaments+1","Flame Barrier","Corruption","Second Wind+1","Power Through"],"relics":["Burning Blood","Torii","Mercury Hourglass","Blood Vial","Black Star","Lantern"],"acts_visited":["Exordium","TheCity"],"potions_floor_usage":[22],"damage_taken":[{"damage":0.0,"enemies":"Small Slimes","floor":1.0,"turns":3.0},{"damage":2.0,"enemies":"Jaw Worm","floor":2.0,"turns":3.0},{"damage":11.0,"enemies":"2 Louse","floor":3.0,"turns":2.0},{"damage":20.0,"enemies":"Exordium Thugs","floor":4.0,"turns":7.0},{"damage":20.0,"enemies":"3 Sentries","floor":6.0,"turns":11.0},{"damage":2.0,"enemies":"Gremlin Gang","floor":10.0,"turns":4.0},{"damage":16.0,"enemies":"Gremlin Nob","floor":12.0,"turns":4.0},{"damage":6.0,"enemies":"3 Louse","floor":14.0,"turns":3.0},{"damage":26.0,"enemies":"Hexaghost","floor":16.0,"turns":9.0},{"damage":9,"enemies":"3 Byrds","floor":18,"turns":5},{"damage":20,"enemies":"Shell Parasite","floor":19,"turns":5},{"damage":89,"enemies":"Cultist and Chosen","floor":22,"turns":10}],"seed_played":"8033362596896250952","potions_obtained":[{"floor":1.0,"key":"Energy Potion"},{"floor":6.0,"key":"EssenceOfSteel"},{"floor":16.0,"key":"AttackPotion"},{"floor":19,"key":"Block Potion"}],"is_trial":false,"path_per_floor":["M","M","M","M","?","E","R","?","T","M","$","E","R","M","R","B",null,"M","M","$","?","M"],"character_chosen":"IRONCLAD","items_purchased":["Sever Soul","Lantern"],"campfire_rested":1,"item_purchase_floors":[11,20],"current_hp_per_floor":[80,80,75,61,61,47,71,71,71,75,75,65,65,67,67,49,80,77,65,65,65,0,0],"gold":43,"neow_bonus":"TRANSFORM_CARD","is_daily":false,"chose_seed":false,"campfire_upgraded":2,"win_rate":0.0,"timestamp":1611014244,"path_taken":["M","M","M","M","?","E","R","?","T","M","$","E","R","M","R","BOSS","M","M","$","?","M"],"items_purchased_type":["Card","Relic"],"build_version":"2020-12-22","purchased_purges":2,"victory":false,"max_hp_per_floor":[80,80,80,80,80,80,80,80,80,80,80,80,80,80,80,80,80,80,80,80,80,80,80],"card_choices":[{"not_picked":["Blood for Blood","Wild Strike"],"picked":"Twin Strike","floor":1.0},{"not_picked":["Reckless Charge","Twin Strike"],"picked":"Entrench","floor":2.0},{"not_picked":["Reckless Charge","Pummel"],"picked":"Shrug It Off","floor":3.0},{"not_picked":["Headbutt","Clash"],"picked":"Shockwave","floor":4.0},{"not_picked":["Battle Trance","Limit Break"],"picked":"Dropkick","floor":6.0},{"not_picked":["Cleave","Clash"],"picked":"Body Slam","floor":10.0},{"not_picked":["Dark Embrace","Clash"],"picked":"Armaments","floor":12.0},{"not_picked":["Perfected Strike","Havoc"],"picked":"Flame Barrier","floor":14.0},{"not_picked":["Impervious","Immolate"],"picked":"Corruption","floor":16.0},{"not_picked":["Headbutt","Twin Strike+1"],"picked":"Second Wind+1","floor":18},{"not_picked":["Heavy Blade+1","Flex"],"picked":"Power Through","floor":19}],"player_experience":765921,"relics_obtained":[{"floor":6.0,"key":"Torii"},{"floor":9.0,"key":"Mercury Hourglass"},{"floor":12.0,"key":"Blood Vial"}],"event_choices":[{"damage_healed":0.0,"max_hp_gain":0.0,"max_hp_loss":0.0,"gold_gain":0.0,"event_name":"Liars Game","player_choice":"Ignored","floor":5.0,"gold_loss":0.0,"damage_taken":0.0},{"damage_healed":0.0,"max_hp_gain":0.0,"max_hp_loss":0.0,"gold_gain":0.0,"event_name":"Living Wall","player_choice":"Grow","floor":8.0,"gold_loss":0.0,"damage_taken":0.0,"cards_upgraded":["Shockwave"]},{"cards_removed":["Strike_R"],"damage_healed":0,"gold_gain":0,"player_choice":"Elegance","damage_taken":0,"max_hp_gain":0,"max_hp_loss":0,"event_name":"Back to Basics","floor":21,"gold_loss":0}],"is_beta":false,"boss_relics":[{"not_picked":["Tiny House","Philosopher\u0027s Stone"],"picked":"Black Star"}],"items_purged_floors":[11,20],"is_endless":false,"potions_floor_spawned":[1,6,16,19],"killed_by":"Cultist and Chosen","ascension_level":2}}