{"host":"och2iitg9ibgz06n","time":1611008990,"event":{"mods":["Abigail Mod","AchievementEnabler","Aspiration","BaseMod","Colored Powertips","Dio Mod","FruityMod","Hubris","Hyrulean Relics","Infinite Spire","Minty Spire (QoL Compilation)","Replay The Spire","Small Relic Pack","StSLib","The Animator","The Bug Knight","The Hierophant","The Jungle","The Saiyan","TheHero","Wandering Minibosses","everything is the same but u backflip on backflip","slay the spire mod where everything is the same but ironclad has a cowboy hat","vexMod"],"gold_per_floor":[117,133,149,163,163,190,190,224,300,313,313,313,338,438,438,541,541,551,561,581,596,610,642,416,416,416,416,416],"floor_reached":27,"language":"ENG","playtime":1362,"items_purged":["Amnesia"],"score":370,"play_id":"26013bac-695b-426b-9bf1-2888985e36d0","local_time":"20210118162950","is_ascension_mode":true,"campfire_choices":[{"data":"AbbyMod:Dabigail","floor":7,"key":"SMITH"},{"floor":11,"key":"REST"},{"floor":15,"key":"REST"},{"floor":25,"key":"REST"}],"circlet_count":0,"master_deck":["AbbyMod:Ab_Strike","AbbyMod:Ab_Strike","AbbyMod:Ab_Strike","AbbyMod:Ab_Strike","AbbyMod:Ab_Defend","AbbyMod:Ab_Defend","AbbyMod:Ab_Defend","AbbyMod:FleetingSanity","AbbyMod:ForeheadBeam","AbbyMod:CommandSpell","AbbyMod:Dabigail+1","AbbyMod:Thflth","AbbyMod:CosmicSpark","AbbyMod:Ab_FiveStars","AbbyMod:AlignStars","AbbyMod:DemonPancake+1","AbbyMod:SilverKey","AbbyMod:EyesOfMadness","AbbyMod:BlackKey","AbbyMod:LossOfSanity","AbbyMod:HolidayWishes","AbbyMod:VoidHeretic","AbbyMod:ExposeNavel","AbbyMod:Meteo+1","AbbyMod:MysteryKey"],"relics":["AbbyMod:Salem_Diary","infinitespire:FocusingShard","vexMod:MemoryStick","Shuriken","Replay:Mystery Machine","vexMod:BigBerry","Replay:Ringing Soul","Replay:Baseball"],"acts_visited":["Exordium","TheCity"],"potions_floor_usage":[18,22],"damage_taken":[{"damage":1,"enemies":"Cultist","floor":1,"turns":4},{"damage":8,"enemies":"Jaw Worm","floor":2,"turns":6},{"damage":4,"enemies":"2 Louse","floor":3,"turns":3},{"damage":10,"enemies":"Looter","floor":4,"turns":4},{"damage":9,"enemies":"Lagavulin","floor":6,"turns":8},{"damage":9,"enemies":"3 Sentries","floor":8,"turns":6},{"damage":37,"enemies":"Gremlin Gang","floor":10,"turns":5},{"damage":1,"enemies":"Lagavulin","floor":13,"turns":5},{"damage":3,"enemies":"The Guardian","floor":16,"turns":9},{"damage":32,"enemies":"2 Thieves","floor":18,"turns":4},{"damage":0,"enemies":"Spheric Guardian","floor":19,"turns":3},{"damage":15,"enemies":"Chosen and Byrds","floor":20,"turns":6},{"damage":20,"enemies":"Centurion and Healer","floor":21,"turns":7},{"damage":12,"enemies":"Snake Plant","floor":22,"turns":2},{"damage":9,"enemies":"Gremlin Leader","floor":23,"turns":9},{"damage":43,"enemies":"Slavers","floor":27,"turns":2}],"seed_played":"-3555766339104253267","potions_obtained":[{"floor":1,"key":"GamblersBrew"},{"floor":6,"key":"FearPotion"},{"floor":10,"key":"SpeedPotion"},{"floor":16,"key":"DistilledChaos"},{"floor":18,"key":"Death Potion"},{"floor":23,"key":"FearPotion"}],"is_trial":false,"path_per_floor":["M","M","M","M","?","E","R","E","T","M","R","?","E","?","R","B",null,"M","M","M","M","M","E","$","R","T","E"],"character_chosen":"Ab_Foreigner","items_purchased":["Replay:Baseball"],"campfire_rested":3,"item_purchase_floors":[24],"current_hp_per_floor":[65,57,53,43,66,57,57,48,48,11,30,30,29,29,48,45,96,64,64,49,29,17,11,11,40,40,0,0],"gold":416,"neow_bonus":"TEN_PERCENT_HP_BONUS","is_daily":false,"chose_seed":false,"campfire_upgraded":1,"win_rate":0.0,"timestamp":1611008990,"path_taken":["M","M","?","M","?","E","R","E","T","M","R","?","E","?","R","BOSS","M","M","M","M","M","E","$","R","T","E"],"items_purchased_type":["Relic"],"build_version":"2020-12-22","purchased_purges":1,"victory":false,"max_hp_per_floor":[66,66,66,66,66,66,66,66,66,66,66,66,66,66,66,66,96,96,96,96,96,96,99,99,99,99,99,99],"card_choices":[{"not_picked":["AbbyMod:Kuroboshi","AbbyMod:Memocide"],"picked":"AbbyMod:Dabigail","floor":1},{"not_picked":["AbbyMod:AttoSecond","AbbyMod:LifeSentence"],"picked":"AbbyMod:Thflth","floor":2},{"not_picked":["AbbyMod:AceInTheHole","AbbyMod:Kinoko"],"picked":"AbbyMod:CosmicSpark","floor":3},{"not_picked":["AbbyMod:TentacleSwarm","AbbyMod:FamiliarShield"],"picked":"AbbyMod:Ab_FiveStars","floor":4},{"not_picked":["AbbyMod:ChocoKey","AbbyMod:Dabigail"],"picked":"AbbyMod:AlignStars","floor":6},{"not_picked":["AbbyMod:FlyingMascot","AbbyMod:OldOneLimb"],"picked":"AbbyMod:DemonPancake","floor":8},{"not_picked":["AbbyMod:Meteo","AbbyMod:Kinoko"],"picked":"AbbyMod:SilverKey","floor":10},{"not_picked":["AbbyMod:Takeuchi","AbbyMod:Meteo"],"picked":"AbbyMod:EyesOfMadness","floor":13},{"not_picked":["AbbyMod:Ab_PuppyEyes","AbbyMod:EquivalentExchange"],"picked":"AbbyMod:BlackKey","floor":16},{"not_picked":["AbbyMod:CommandSpell","AbbyMod:StarRadiance"],"picked":"AbbyMod:LossOfSanity","floor":18},{"not_picked":["AbbyMod:TentacleSwarm","AbbyMod:Memocide"],"picked":"AbbyMod:HolidayWishes","floor":19},{"not_picked":["AbbyMod:LossOfSanity","AbbyMod:AlignStars+1"],"picked":"AbbyMod:VoidHeretic","floor":20},{"not_picked":["AbbyMod:EyesOfMadness","AbbyMod:CloneArmy"],"picked":"AbbyMod:ExposeNavel","floor":21},{"not_picked":["AbbyMod:SilverKey","AbbyMod:WitchTrial"],"picked":"AbbyMod:Meteo+1","floor":22},{"not_picked":["AbbyMod:Ab_FiveStars","AbbyMod:ExposeNavel"],"picked":"AbbyMod:MysteryKey","floor":23}],"player_experience":408276,"relics_obtained":[{"floor":6,"key":"infinitespire:FocusingShard"},{"floor":8,"key":"vexMod:MemoryStick"},{"floor":9,"key":"Shuriken"},{"floor":13,"key":"Replay:Mystery Machine"},{"floor":23,"key":"Replay:Ringing Soul"}],"event_choices":[{"damage_healed":0,"gold_gain":0,"player_choice":"Grow","damage_taken":0,"max_hp_gain":0,"max_hp_loss":0,"event_name":"Living Wall","floor":12,"gold_loss":0,"cards_upgraded":["AbbyMod:DemonPancake"]},{"damage_healed":0,"gold_gain":100,"player_choice":"Gold","damage_taken":0,"max_hp_gain":0,"max_hp_loss":0,"event_name":"Wheel of Change","floor":14,"gold_loss":0}],"is_beta":false,"boss_relics":[{"not_picked":["Replay:Grab Bag","Tiny House"],"picked":"vexMod:BigBerry"}],"items_purged_floors":[24],"is_endless":false,"potions_floor_spawned":[1,6,10,13,16,18,23],"killed_by":"Slavers","ascension_level":1}}