{"host":"kjcsj8kbkx3w6fc4","time":1611009328,"event":{"mods":["2.2 Compatiblity","Aspiration","BaseMod","Better Third Choice","Conspire","Downfall","Hermit","Infinite Spire","Minty Spire (QoL Compilation)","Permanent Neow","Reimu??????","Shedinja","StSLib","The Cursed","The Poker Player","The Servant 0.9.4"],"gold_per_floor":[99,109,109,128,143,174,199,217,117,117,117,127,145,55,68,164,164,164,181,201,201,201,201,201],"floor_reached":23,"language":"ENG","playtime":1395,"items_purged":["bronze:WhirlingStrike","Parasite"],"score":193,"play_id":"3ec1e7ed-0d31-41b6-8621-a16ed52e9ee7","local_time":"20210118173528","is_ascension_mode":false,"campfire_choices":[{"floor":1,"key":"RECALL"},{"floor":9,"key":"REST"},{"data":"bronze:Iterate","floor":18,"key":"SMITH"}],"circlet_count":0,"master_deck":["bronze:Strike","bronze:Strike","bronze:Strike","bronze:Strike","bronze:Defend","bronze:Defend","bronze:Defend","bronze:Defend","bronze:Replicate","bronze:Goto","bronze:Shell","bronze:BugBarrage","bronze:Mutator","bronze:Iterate+1","bronze:FineTuning","bronze:Frontload","bronze:OilSpill","bronze:DelayedSlice","bronze:CleanCode","bronze:Overheat+1","bronze:BitShift"],"relics":["bronze:BronzeCore","aspiration:AnachronicSnailShell","aspiration:Lifesprig","Bronze Scales","downfall:HeartBlessingRed","infinitespire:Cupcake","downfall:RedIOU"],"acts_visited":["Exordium","TheCity"],"potions_floor_usage":[6,15,16,16],"damage_taken":[{"damage":1,"enemies":"2 Louse","floor":2,"turns":4},{"damage":2,"enemies":"Cultist","floor":4,"turns":5},{"damage":1,"enemies":"Jaw Worm","floor":5,"turns":3},{"damage":40,"enemies":"Lagavulin","floor":6,"turns":7},{"damage":10,"enemies":"Blue Slaver","floor":8,"turns":5},{"damage":3,"enemies":"Exordium Thugs","floor":12,"turns":3},{"damage":1,"enemies":"Large Slime","floor":13,"turns":4},{"damage":0,"enemies":"downfall:FleeingMerchant","floor":14,"turns":4},{"damage":6,"enemies":"Lots of Slimes","floor":15,"turns":3},{"damage":24,"enemies":"IC_STATUS_ARCHETYPE","floor":16,"turns":10},{"damage":27,"enemies":"Spheric Guardian","floor":19,"turns":5},{"damage":22,"enemies":"Snake Plant","floor":20,"turns":6},{"damage":22,"enemies":"3 Cultists","floor":23,"turns":4}],"seed_played":"3792730637754586028","potions_obtained":[{"floor":2,"key":"hexamod:SoulburnPotion"},{"floor":5,"key":"LiquidBronze"},{"floor":11,"key":"EssenceOfSteel"},{"floor":11,"key":"ColorlessPotion"},{"floor":15,"key":"bronze:FreeFunctionsPotion"},{"floor":19,"key":"ColorlessPotion"}],"is_trial":false,"path_per_floor":["R","M","?","M","M","E","T","M","R","?","?","M","M","$","M","B",null,"R","M","M","AVR","?","M"],"character_chosen":"THE_AUTOMATON","items_purchased":[],"campfire_rested":1,"item_purchase_floors":[],"current_hp_per_floor":[70,69,69,67,66,26,26,16,37,37,37,34,33,33,27,3,70,70,43,21,21,21,0,0],"gold":201,"neow_bonus":"ONE_RARE_RELIC","is_daily":false,"chose_seed":false,"campfire_upgraded":1,"win_rate":0.0,"timestamp":1611009328,"path_taken":["R","M","?","M","M","E","T","?","R","?","?","M","?","$","M","BOSS","R","M","M","AVR","?","M"],"items_purchased_type":[],"build_version":"2020-12-22","purchased_purges":2,"victory":false,"max_hp_per_floor":[70,70,70,70,70,70,70,70,70,70,70,70,70,70,70,70,70,70,70,70,67,67,67,67],"card_choices":[{"not_picked":["bronze:FineTuning","bronze:Turbo"],"picked":"bronze:WhirlingStrike","floor":2},{"not_picked":["bronze:BuggyMess","bronze:Deprecate"],"picked":"bronze:Shell","floor":4},{"not_picked":["bronze:Shell","bronze:WhirlingStrike"],"picked":"bronze:BugBarrage","floor":5},{"not_picked":["bronze:Backtrace","bronze:Frontload"],"picked":"bronze:Mutator","floor":6},{"not_picked":["bronze:Invalidate","bronze:NullPointer"],"picked":"bronze:Iterate","floor":8},{"not_picked":["bronze:MaxOutput","bronze:DelayedGuard"],"picked":"bronze:FineTuning","floor":12},{"not_picked":["bronze:RecursiveStrike","bronze:Deprecate"],"picked":"bronze:Frontload","floor":13},{"not_picked":["bronze:ThunderWave","bronze:Allocate"],"picked":"bronze:OilSpill","floor":14},{"not_picked":["bronze:OilSpill","bronze:CutThrough"],"picked":"bronze:DelayedSlice","floor":15},{"not_picked":["bronze:Break","bronze:AlphaBuild"],"picked":"bronze:CleanCode","floor":16},{"not_picked":["bronze:DelayedSlice","bronze:FineTuning"],"picked":"bronze:Overheat+1","floor":19},{"not_picked":["bronze:WhirlingStrike","bronze:HyperBeam"],"picked":"bronze:BitShift","floor":20}],"player_experience":131234,"relics_obtained":[{"floor":6,"key":"aspiration:Lifesprig"},{"floor":7,"key":"Bronze Scales"}],"event_choices":[{"damage_healed":0,"gold_gain":0,"player_choice":"Got Potions","damage_taken":0,"max_hp_gain":0,"max_hp_loss":0,"event_name":"Lab","floor":11,"gold_loss":0}],"is_beta":false,"boss_relics":[{"not_picked":["Astrolabe","Runic Pyramid"],"picked":"infinitespire:Cupcake"}],"items_purged_floors":[14,21],"is_endless":false,"potions_floor_spawned":[2,5,15,19],"killed_by":"3 Cultists","ascension_level":0}}