{"host":"ccw6t0i2dpm5wyxf","time":1611011278,"event":{"mods":["AchievementEnabler","BaseMod","Colored Map","Minty Spire (QoL Compilation)","Permanent Neow","SuperFastMode"],"gold_per_floor":[114,125,125,136,61,86,86,118,118,118,134,134,152,180,180,278,278,261,40,53,33,46,46,73,73,73,73,0,0,0,18,18,113,113,129,55,72,9,9,35,35,48,48,82,82,82],"floor_reached":45,"language":"ENG","playtime":2452,"items_purged":["Strike_R","Strike_R","Strike_R"],"score":826,"play_id":"e1efe582-214e-4a39-b04e-a61da28ee589","local_time":"20210118170758","is_ascension_mode":true,"campfire_choices":[{"data":"Pommel Strike","floor":7,"key":"SMITH"},{"data":"Iron Wave","floor":10,"key":"SMITH"},{"floor":15,"key":"REST"},{"floor":23,"key":"REST"},{"floor":25,"key":"REST"},{"floor":32,"key":"REST"},{"floor":41,"key":"REST"}],"circlet_count":0,"master_deck":["AscendersBane","Defend_R+1","Defend_R","Defend_R","Defend_R","Bash","Dramatic Entrance","Shockwave+1","Headbutt","Pommel Strike+1","Uppercut","Iron Wave+1","Armaments","Warcry","Impervious+1","Demon Form","Heavy Blade+1","Metallicize","Seeing Red","Sword Boomerang+1","Feed","Metallicize+1","True Grit+1","Reaper","Bloodletting+1","Spot Weakness","True Grit+1","Combust+1"],"relics":["Burning Blood","Centennial Puzzle","CaptainsWheel","Sundial","Dream Catcher","Question Card","Runic Pyramid","Membership Card","Tiny Chest","Dead Branch","Nilry\u0027s Codex","Torii","Empty Cage","War Paint","Shuriken","Bottled Tornado","Du-Vu Doll"],"acts_visited":["Exordium","TheCity","TheBeyond"],"potions_floor_usage":[8,16,33,33,35,40,40,40,40,45],"damage_taken":[{"damage":0,"enemies":"Small Slimes","floor":1,"turns":2},{"damage":7,"enemies":"Cultist","floor":2,"turns":4},{"damage":0,"enemies":"2 Louse","floor":4,"turns":2},{"damage":24,"enemies":"Gremlin Nob","floor":6,"turns":4},{"damage":18,"enemies":"Lagavulin","floor":8,"turns":5},{"damage":5,"enemies":"2 Fungi Beasts","floor":11,"turns":3},{"damage":5,"enemies":"Large Slime","floor":13,"turns":4},{"damage":20,"enemies":"3 Sentries","floor":14,"turns":5},{"damage":19,"enemies":"Slime Boss","floor":16,"turns":10},{"damage":19,"enemies":"2 Thieves","floor":18,"turns":4},{"damage":9,"enemies":"Spheric Guardian","floor":20,"turns":5},{"damage":20,"enemies":"Cultist and Chosen","floor":22,"turns":8},{"damage":50,"enemies":"Slavers","floor":24,"turns":7},{"damage":14,"enemies":"Centurion and Healer","floor":31,"turns":5},{"damage":32,"enemies":"Collector","floor":33,"turns":6},{"damage":18,"enemies":"3 Darklings","floor":35,"turns":6},{"damage":7,"enemies":"3 Shapes","floor":37,"turns":4},{"damage":26,"enemies":"Giant Head","floor":40,"turns":7},{"damage":39,"enemies":"Jaw Worm Horde","floor":42,"turns":5},{"damage":24,"enemies":"Nemesis","floor":44,"turns":5},{"damage":64,"enemies":"Writhing Mass","floor":45,"turns":6}],"seed_played":"-6631709404386800356","potions_obtained":[{"floor":2,"key":"FearPotion"},{"floor":4,"key":"Block Potion"},{"floor":13,"key":"LiquidMemories"},{"floor":20,"key":"Swift Potion"},{"floor":31,"key":"LiquidBronze"},{"floor":33,"key":"Regen Potion"},{"floor":35,"key":"EssenceOfSteel"},{"floor":39,"key":"EntropicBrew"},{"floor":39,"key":"SteroidPotion"},{"floor":42,"key":"Ancient Potion"},{"floor":44,"key":"AttackPotion"}],"is_trial":false,"path_per_floor":["M","M","?","M","$","E","R","E","T","R","M","T","M","E","R","B",null,"M","$","M","$","M","R","E","R","T","?","?","?","T","M","R","B",null,"M","$","M","$","?","E","R","M","T","E","M"],"character_chosen":"IRONCLAD","items_purchased":["Membership Card","Metallicize","Seeing Red","War Paint"],"campfire_rested":5,"item_purchase_floors":[19,19,21,36],"current_hp_per_floor":[78,77,77,80,80,62,62,50,50,50,51,51,52,38,62,49,72,59,59,56,56,42,66,22,46,46,46,46,30,30,25,49,23,68,79,79,84,84,84,80,92,74,74,56,0,0],"gold":82,"neow_bonus":"RANDOM_COLORLESS","is_daily":false,"chose_seed":false,"campfire_upgraded":2,"win_rate":0.0,"timestamp":1611011278,"path_taken":["M","M","?","?","$","E","R","E","T","R","M","?","?","E","R","BOSS","M","?","?","$","M","R","E","R","T","?","?","?","?","M","R","BOSS","M","$","M","$","?","E","R","?","T","E","M"],"items_purchased_type":["Relic","Card","Card","Relic"],"build_version":"2020-12-22","purchased_purges":3,"victory":false,"max_hp_per_floor":[80,80,80,80,80,80,80,80,80,80,80,80,80,80,80,80,80,80,80,80,80,80,80,80,80,80,80,80,80,80,83,83,83,83,83,83,89,89,89,92,92,95,95,95,95,95],"card_choices":[{"not_picked":["Blind","Discovery"],"picked":"Dramatic Entrance","floor":0},{"not_picked":["Evolve","True Grit"],"picked":"Shockwave","floor":1},{"not_picked":["Flex","Sword Boomerang"],"picked":"Headbutt","floor":2},{"not_picked":["Rage","Heavy Blade"],"picked":"Pommel Strike","floor":4},{"not_picked":["Pummel","Ghostly Armor"],"picked":"Uppercut","floor":6},{"not_picked":["Pommel Strike","Power Through"],"picked":"Iron Wave","floor":8},{"not_picked":["Perfected Strike","Wild Strike","Thunderclap"],"picked":"SKIP","floor":11},{"not_picked":["Pummel","True Grit"],"picked":"Armaments","floor":13},{"not_picked":["Wild Strike","Clothesline"],"picked":"Warcry","floor":14},{"not_picked":["Perfected Strike","Evolve","Warcry"],"picked":"Impervious","floor":15},{"not_picked":["Fiend Fire","Juggernaut","Reaper"],"picked":"Demon Form","floor":16},{"not_picked":["Reckless Charge","Armaments+1","Thunderclap"],"picked":"Heavy Blade+1","floor":18},{"not_picked":["Burning Pact","Dual Wield","Searing Blow","Flex"],"picked":"SKIP","floor":20},{"not_picked":["Iron Wave+1","Heavy Blade","Anger"],"picked":"Sword Boomerang+1","floor":22},{"not_picked":["Body Slam","Evolve","Havoc"],"picked":"Feed","floor":24},{"not_picked":["Sever Soul+1","Thunderclap","True Grit+1"],"picked":"Metallicize+1","floor":31},{"not_picked":["Flex","Flame Barrier","Whirlwind"],"picked":"True Grit+1","floor":32},{"not_picked":["Immolate","Limit Break","Feed"],"picked":"Reaper","floor":33},{"not_picked":["Clothesline","Shockwave+1","Clash"],"picked":"Bloodletting+1","floor":35},{"not_picked":["Feel No Pain","Infernal Blade","True Grit"],"picked":"Spot Weakness","floor":37},{"not_picked":["Hemokinesis+1","Impervious","Searing Blow+1"],"picked":"True Grit+1","floor":40},{"not_picked":["Searing Blow","Iron Wave","Cleave"],"picked":"Combust+1","floor":42},{"not_picked":["Cleave+1","Second Wind","Power Through","Flex"],"picked":"SKIP","floor":44}],"player_experience":299595,"relics_obtained":[{"floor":6,"key":"Centennial Puzzle"},{"floor":8,"key":"CaptainsWheel"},{"floor":9,"key":"Sundial"},{"floor":12,"key":"Dream Catcher"},{"floor":14,"key":"Question Card"},{"floor":24,"key":"Tiny Chest"},{"floor":26,"key":"Dead Branch"},{"floor":29,"key":"Nilry\u0027s Codex"},{"floor":30,"key":"Torii"},{"floor":40,"key":"Shuriken"},{"floor":43,"key":"Bottled Tornado"},{"floor":44,"key":"Du-Vu Doll"}],"event_choices":[{"damage_healed":0,"gold_gain":0,"player_choice":"Upgraded","damage_taken":0,"max_hp_gain":0,"max_hp_loss":0,"event_name":"Upgrade Shrine","floor":3,"gold_loss":0,"cards_upgraded":["Shockwave"]},{"damage_healed":0,"gold_gain":0,"player_choice":"Ignored","damage_taken":0,"max_hp_gain":0,"max_hp_loss":0,"event_name":"Ghosts","floor":27,"gold_loss":0},{"damage_healed":0,"gold_gain":0,"player_choice":"Paid Fearfully","damage_taken":0,"max_hp_gain":0,"max_hp_loss":0,"event_name":"Masked Bandits","floor":28,"gold_loss":73},{"damage_healed":0,"gold_gain":0,"player_choice":"Obtained Book","damage_taken":16,"max_hp_gain":0,"max_hp_loss":0,"event_name":"Cursed Tome","floor":29,"gold_loss":0},{"damage_healed":0,"gold_gain":0,"player_choice":"Got Potions","damage_taken":0,"max_hp_gain":0,"max_hp_loss":0,"event_name":"Lab","floor":39,"gold_loss":0}],"is_beta":false,"boss_relics":[{"not_picked":["Runic Dome","Fusion Hammer"],"picked":"Runic Pyramid"},{"not_picked":["Velvet Choker","Cursed Key"],"picked":"Empty Cage"}],"items_purged_floors":[5,19,38],"is_endless":false,"potions_floor_spawned":[2,4,13,20,31,33,35,42,44],"killed_by":"Writhing Mass","ascension_level":10}}