{"host":"i0avyit1s6jb1siw","time":1611005526,"event":{"mods":["BaseMod","DeckTracker","Dota2Spire","Highlight Path","Minty Spire (QoL Compilation)","Quick Restart","StSLib","SuperFastMode"],"gold_per_floor":[115,115,129,54,54,54,84,84,84,99,174,189,0,14,14,86,86,105,75,125,125,125],"floor_reached":21,"language":"ENG","playtime":382,"items_purged":["Pain"],"score":408,"play_id":"7cb600a2-dff1-49f4-a5b2-ff08a5cdef82","local_time":"20210118223206","is_ascension_mode":true,"campfire_choices":[{"data":"Tactician","floor":6,"key":"SMITH"},{"data":"Noxious Fumes","floor":8,"key":"SMITH"},{"floor":15,"key":"REST"}],"circlet_count":0,"master_deck":["AscendersBane","Strike_G","Strike_G","Strike_G","Strike_G","Defend_G","Defend_G","Defend_G","Defend_G","Defend_G","Survivor","Neutralize","Dagger Throw","Tactician+1","Noxious Fumes+1","Bane","Backflip","Prepared","Malaise","Acrobatics","Bouncing Flask"],"relics":["Ring of the Snake","NeowsBlessing","WarpedTongs","Unceasing Top","Shuriken","Membership Card","Dota2Spire:Bloodstone"],"acts_visited":["Exordium","TheCity"],"potions_floor_usage":[12,16,16],"damage_taken":[{"damage":0,"enemies":"Cultist","floor":1,"turns":1},{"damage":1,"enemies":"Small Slimes","floor":3,"turns":1},{"damage":0,"enemies":"Gremlin Nob","floor":7,"turns":1},{"damage":9,"enemies":"Jaw Worm","floor":10,"turns":4},{"damage":37,"enemies":"Exordium Thugs","floor":12,"turns":6},{"damage":0,"enemies":"2 Fungi Beasts","floor":14,"turns":4},{"damage":22,"enemies":"The Guardian","floor":16,"turns":8},{"damage":20,"enemies":"Chosen","floor":18,"turns":7},{"damage":20,"enemies":"2 Thieves","floor":19,"turns":5},{"damage":22,"enemies":"Shelled Parasite and Fungi","floor":21,"turns":2}],"seed_played":"4216976451015010889","potions_obtained":[{"floor":1,"key":"Regen Potion"},{"floor":7,"key":"Dota2Spire:Clarity"},{"floor":12,"key":"ColorlessPotion"},{"floor":16,"key":"SteroidPotion"},{"floor":18,"key":"Dota2Spire:Clarity"}],"is_trial":false,"path_per_floor":["M","?","M","$","?","R","E","R","T","M","?","M","$","M","R","B",null,"M","M","?","M"],"character_chosen":"THE_SILENT","items_purchased":["Membership Card","Backflip"],"campfire_rested":1,"item_purchase_floors":[13,13],"current_hp_per_floor":[59,59,58,58,58,58,58,58,58,49,38,1,1,1,20,13,53,33,13,13,0,0],"gold":125,"neow_bonus":"THREE_ENEMY_KILL","is_daily":false,"chose_seed":false,"campfire_upgraded":2,"win_rate":0.0,"timestamp":1611005526,"path_taken":["M","?","?","$","?","R","E","R","T","?","?","M","?","M","R","BOSS","M","M","?","M"],"items_purchased_type":["Relic","Card"],"build_version":"2020-12-22","purchased_purges":1,"victory":false,"max_hp_per_floor":[66,66,66,66,66,66,66,66,66,66,66,66,66,66,66,66,66,66,66,66,66,66],"card_choices":[{"not_picked":["Expertise","Underhanded Strike"],"picked":"Dagger Throw","floor":1},{"not_picked":["Dodge and Roll","Quick Slash"],"picked":"Tactician","floor":3},{"not_picked":["Finisher","Footwork"],"picked":"Noxious Fumes","floor":7},{"not_picked":["Deadly Poison","Slice","Poisoned Stab"],"picked":"SKIP","floor":10},{"not_picked":["Poisoned Stab","Blur"],"picked":"Bane","floor":12},{"not_picked":["Underhanded Strike","Doppelganger"],"picked":"Prepared","floor":14},{"not_picked":["Die Die Die","A Thousand Cuts"],"picked":"Malaise","floor":16},{"not_picked":["Outmaneuver","Bane"],"picked":"Acrobatics","floor":18},{"not_picked":["Expertise","Outmaneuver"],"picked":"Bouncing Flask","floor":19}],"player_experience":2283484,"relics_obtained":[{"floor":7,"key":"Unceasing Top"},{"floor":9,"key":"Shuriken"}],"event_choices":[{"damage_healed":0,"gold_gain":0,"player_choice":"Rummage","damage_taken":0,"relics_obtained":["WarpedTongs"],"max_hp_gain":0,"max_hp_loss":0,"event_name":"Accursed Blacksmith","floor":2,"gold_loss":0,"cards_obtained":["Pain"]},{"cards_removed":["Strike_G"],"damage_healed":0,"gold_gain":0,"player_choice":"Purged","damage_taken":0,"max_hp_gain":0,"max_hp_loss":0,"event_name":"Purifier","floor":5,"gold_loss":0},{"damage_healed":0,"gold_gain":75,"player_choice":"Gather Gold","damage_taken":11,"max_hp_gain":0,"max_hp_loss":0,"event_name":"World of Goop","floor":11,"gold_loss":0},{"damage_healed":0,"gold_gain":50,"player_choice":"Stole From Cult","damage_taken":0,"max_hp_gain":0,"max_hp_loss":0,"event_name":"Nest","floor":20,"gold_loss":0}],"is_beta":false,"boss_relics":[{"not_picked":["WristBlade","Ring of the Serpent"],"picked":"Dota2Spire:Bloodstone"}],"items_purged_floors":[4],"is_endless":false,"potions_floor_spawned":[1,7,12,16,18],"killed_by":"Shelled Parasite and Fungi","ascension_level":20}}