{"host":"vsgmwxc1n8l4tqfd","time":1611007989,"event":{"mods":["AchievementEnabler","BaseMod","Bestiary","Block Reminder","Colored Map","Colored Powertips","Minty Spire (QoL Compilation)","Quick Restart"],"gold_per_floor":[111,111,111,129,144,144,164,16,87,87,57,157,175,187,187,187,187],"floor_reached":16,"language":"ENG","playtime":572,"items_purged":[],"score":117,"play_id":"caf6fd39-c670-4e0d-8943-e401e2e26611","local_time":"20210118221309","is_ascension_mode":false,"campfire_choices":[{"data":"Crippling Poison","floor":6.0,"key":"SMITH"},{"floor":10.0,"key":"REST"},{"floor":15.0,"key":"REST"}],"circlet_count":0,"master_deck":["Strike_G","Strike_G","Strike_G","Strike_G","Strike_G","Defend_G","Defend_G","Defend_G","Defend_G","Defend_G","Survivor","Neutralize","Outmaneuver","Slice","Crippling Poison+1","Footwork","Choke","Sucker Punch","Masterful Stab"],"relics":["Ring of the Snake","Regal Pillow","Pear"],"acts_visited":["Exordium"],"potions_floor_usage":[],"damage_taken":[{"damage":0.0,"enemies":"Jaw Worm","floor":1.0,"turns":4.0},{"damage":0.0,"enemies":"2 Louse","floor":4.0,"turns":3.0},{"damage":8.0,"enemies":"Small Slimes","floor":5.0,"turns":4.0},{"damage":17.0,"enemies":"Gremlin Gang","floor":7.0,"turns":4.0},{"damage":0.0,"enemies":"Looter","floor":11.0,"turns":4.0},{"damage":1.0,"enemies":"Blue Slaver","floor":13.0,"turns":5.0},{"damage":21.0,"enemies":"Exordium Thugs","floor":14.0,"turns":6.0},{"damage":0,"enemies":"The Guardian","floor":16,"turns":1}],"seed_played":"1156821752822157031","potions_obtained":[{"floor":1.0,"key":"Energy Potion"},{"floor":4.0,"key":"GhostInAJar"},{"floor":13.0,"key":"BlessingOfTheForge"},{"floor":14.0,"key":"Explosive Potion"}],"is_trial":false,"path_per_floor":["M","?","?","M","M","R","M","$","T","R","M","?","M","M","R","B"],"character_chosen":"THE_SILENT","items_purchased":["Regal Pillow"],"campfire_rested":2,"item_purchase_floors":[8],"current_hp_per_floor":[77,77,77,77,69,69,52,52,62,87,87,87,86,65,87,87,87],"gold":187,"neow_bonus":"TEN_PERCENT_HP_BONUS","is_daily":false,"chose_seed":false,"campfire_upgraded":1,"win_rate":0.0,"timestamp":1611007989,"path_taken":["M","?","?","M","M","R","M","$","T","R","M","?","?","M","R","BOSS"],"items_purchased_type":["Relic"],"build_version":"2020-12-22","purchased_purges":0,"victory":false,"max_hp_per_floor":[77,77,77,77,77,77,77,77,87,87,87,87,87,87,87,87,87],"card_choices":[{"not_picked":["Flechettes","Deflect"],"picked":"Outmaneuver","floor":1.0},{"not_picked":["Well Laid Plans","PiercingWail"],"picked":"Slice","floor":4.0},{"not_picked":["Skewer","Blade Dance"],"picked":"Crippling Poison","floor":5.0},{"not_picked":["Well Laid Plans","Caltrops"],"picked":"Footwork","floor":7.0},{"not_picked":["Endless Agony","Flying Knee"],"picked":"Choke","floor":11.0},{"not_picked":["Accuracy","Endless Agony"],"picked":"Sucker Punch","floor":13.0},{"not_picked":["Leg Sweep","Dagger Throw"],"picked":"Masterful Stab","floor":14.0}],"player_experience":48641,"relics_obtained":[{"floor":9.0,"key":"Pear"}],"event_choices":[{"damage_healed":0.0,"max_hp_gain":0.0,"max_hp_loss":0.0,"gold_gain":0.0,"event_name":"Liars Game","player_choice":"Ignored","floor":2.0,"gold_loss":0.0,"damage_taken":0.0},{"damage_healed":0.0,"max_hp_gain":0.0,"max_hp_loss":0.0,"gold_gain":0.0,"event_name":"Shining Light","player_choice":"Ignored","floor":3.0,"gold_loss":0.0,"damage_taken":0.0},{"damage_healed":0.0,"max_hp_gain":0.0,"max_hp_loss":0.0,"gold_gain":100.0,"event_name":"Golden Shrine","player_choice":"Pray","floor":12.0,"gold_loss":0.0,"damage_taken":0.0}],"is_beta":false,"boss_relics":[],"items_purged_floors":[],"is_endless":false,"potions_floor_spawned":[1,4,13,14],"killed_by":"The Guardian","ascension_level":0}}