{"host":"c5slkkw8hp42e20v","time":1611005925,"event":{"mods":["AchievementEnabler","BaseMod","Better Note","BetterRewards","Clawfect","Colored Powertips","DeckTracker","Friendly Minions","GifTheSpireLib","Hermit","Highlight Path","Minty Spire (QoL Compilation)","Quick Restart","Rare Cards Sparkle","Replay The Spire","Spicy Shops","StSLib","The Administrix","The Animator","The Bug Knight","The Hierophant","The Necromancer","The Poker Player","The Runesmith","The Senshi","The Servant 0.9.4","????"],"gold_per_floor":[110,110,129,145,145,145,145,145,145,145,173,200,232,255,255,377,377,409,446,446,450,450],"floor_reached":21,"language":"ENG","playtime":719,"items_purged":[],"score":233,"play_id":"0961f21e-b339-4449-af0f-3bd7f69dd6d0","local_time":"20210118153845","is_ascension_mode":false,"campfire_choices":[{"data":"Gash","floor":6,"key":"SMITH"},{"data":"Gash","floor":8,"key":"SMITH"},{"data":"Gash","floor":10,"key":"SMITH"},{"floor":15,"key":"REST"}],"circlet_count":0,"master_deck":["Gash","Gash+1","Gash+1","Gash+1","Gash+1","Defend_B","Defend_B","Defend_B","Defend_B","Defend_B","Clawfect:ClawLightning","ReplayTheSpireMod:System Scan","Clawfect:ScrapingClaw","Clawfect:ClawSnap","Spreading Infection","Storm","Clawfect:ClawLightning","Clawfect:ClawSnap","Storm","Machine Learning","Clawfect:ClawCell","Loop+1"],"relics":["Clawfect:DRClaw","NeowsBlessing","ReplayTheSpireMod:Ring of Collecting","Ring of Shattering","Ring of Misfortune","Replay:Bottled Steam","Replay:Bandana","Runic Pyramid"],"acts_visited":["Exordium","TheCity"],"potions_floor_usage":[],"damage_taken":[{"damage":0,"enemies":"2 Louse","floor":1,"turns":2},{"damage":1,"enemies":"Jaw Worm","floor":2,"turns":2},{"damage":0,"enemies":"Cultist","floor":3,"turns":2},{"damage":17,"enemies":"3 Louse","floor":4,"turns":3},{"damage":0,"enemies":"Lagavulin","floor":11,"turns":6},{"damage":9,"enemies":"Large Slime","floor":12,"turns":5},{"damage":16,"enemies":"Blue Slaver","floor":13,"turns":3},{"damage":8,"enemies":"Red Slaver","floor":14,"turns":4},{"damage":14,"enemies":"Slime Boss","floor":16,"turns":6},{"damage":29,"enemies":"3 Byrds","floor":18,"turns":5},{"damage":30,"enemies":"2 Thieves","floor":19,"turns":4},{"damage":16,"enemies":"Snake Plant","floor":21,"turns":1}],"seed_played":"-4049919193728673425","potions_obtained":[{"floor":1,"key":"FearPotion"},{"floor":11,"key":"FocusPotion"},{"floor":12,"key":"Ancient Potion"},{"floor":19,"key":"PotionOfCapacity"}],"is_trial":false,"path_per_floor":["M","M","M","M","?","R","?","R","T","R","E","M","M","M","R","B",null,"M","M","?","M"],"character_chosen":"DEFECT","items_purchased":[],"campfire_rested":1,"item_purchase_floors":[],"current_hp_per_floor":[75,74,74,57,57,57,57,57,57,57,57,48,32,24,46,32,75,46,16,16,0,0],"gold":450,"neow_bonus":"THREE_ENEMY_KILL","is_daily":false,"chose_seed":false,"campfire_upgraded":3,"win_rate":0.0,"timestamp":1611005925,"path_taken":["M","M","M","M","?","R","?","R","T","R","E","M","M","M","R","BOSS","M","M","?","M"],"items_purchased_type":[],"build_version":"2020-12-22","purchased_purges":0,"victory":false,"max_hp_per_floor":[75,75,75,75,75,75,75,75,75,75,75,75,75,75,75,75,75,75,75,75,75,75],"card_choices":[{"not_picked":["ReplayGash","Steam"],"picked":"Clawfect:ClawLightning","floor":1},{"not_picked":["Turbo","Echo Form"],"picked":"ReplayTheSpireMod:System Scan","floor":2},{"not_picked":["Conserve Battery","Clawfect:Clawline"],"picked":"Clawfect:ScrapingClaw","floor":3},{"not_picked":["Clawfect:ClawForTheEyes","Redo"],"picked":"Clawfect:ClawSnap","floor":4},{"not_picked":["Hologram","Consume"],"picked":"Storm","floor":11},{"not_picked":["Clawfect:ClawingBeam","Clawfect:Clawline"],"picked":"Clawfect:ClawLightning","floor":12},{"not_picked":["Redo","White Noise"],"picked":"Clawfect:ClawSnap","floor":13},{"not_picked":["Hologram","Sunder"],"picked":"Storm","floor":14},{"not_picked":["Amplify","ReplayRNGCard"],"picked":"Machine Learning","floor":16},{"not_picked":["Blizzard","Hologram"],"picked":"Clawfect:ClawCell","floor":18},{"not_picked":["Conserve Battery+1","Consume"],"picked":"Loop+1","floor":19}],"player_experience":82166,"relics_obtained":[{"floor":7,"key":"ReplayTheSpireMod:Ring of Collecting"},{"floor":7,"key":"Ring of Shattering"},{"floor":9,"key":"Ring of Misfortune"},{"floor":9,"key":"Replay:Bottled Steam"},{"floor":11,"key":"Replay:Bandana"}],"event_choices":[{"damage_healed":0,"gold_gain":0,"player_choice":"Grow","damage_taken":0,"max_hp_gain":0,"max_hp_loss":0,"event_name":"Living Wall","floor":5,"gold_loss":0,"cards_upgraded":["Gash"]},{"damage_healed":0,"gold_gain":0,"player_choice":"Ignored","damage_taken":0,"max_hp_gain":0,"max_hp_loss":0,"event_name":"betterNote:BetterNote","floor":20,"gold_loss":0,"cards_obtained":["Slice"]}],"is_beta":false,"boss_relics":[{"not_picked":["Velvet Choker","Runic Dome"],"picked":"Runic Pyramid"}],"items_purged_floors":[],"is_endless":false,"potions_floor_spawned":[1,11,12,19],"killed_by":"Snake Plant","ascension_level":0}}