{"host":"6a92uynocv4elkyp","time":1611013670,"event":{"mods":["AchievementEnabler","BaseMod","Infinite Spire","Minty Spire (QoL Compilation)","Quick Restart","StSLib"],"gold_per_floor":[156,216,122,158,158,260,260,260,260],"floor_reached":8,"language":"ENG","playtime":411,"items_purged":[],"score":112,"play_id":"1691b8b6-9e4e-4372-9d82-065aee3f7577","local_time":"20210119004750","daily_mods":["SealedDeck","Blue Cards","Purple Cards","Heirloom","Flight","DeadlyEvents","Elite Swarm","Midas"],"is_ascension_mode":true,"campfire_choices":[],"circlet_count":0,"master_deck":["AscendersBane","Chaos","Consecrate","Scrape","Protect","Protect","Beam Cell","Beam Cell","FollowUp","TalkToTheHand","Defragment","Self Repair","FearNoEvil","Bandage Up","DeceiveReality","infinitespire:UltimateForm+1","Seek"],"relics":["PureWater","Ice Cream","infinitespire:CursedDice"],"acts_visited":["Exordium"],"potions_floor_usage":[8],"damage_taken":[{"damage":2,"enemies":"Small Slimes","floor":1,"turns":2},{"damage":0,"enemies":"Cultist","floor":2,"turns":3},{"damage":0,"enemies":"2 Louse","floor":4,"turns":2},{"damage":28,"enemies":"3 Sentries","floor":6,"turns":9},{"damage":6,"enemies":"Gremlin Nob","floor":8,"turns":3}],"seed_played":"-1393477275137208029","potions_obtained":[{"floor":4,"key":"SteroidPotion"},{"floor":6,"key":"SneckoOil"}],"is_trial":true,"path_per_floor":["M","M","$","M","?","E","?","E"],"character_chosen":"WATCHER","items_purchased":["Bandage Up"],"campfire_rested":0,"item_purchase_floors":[3],"current_hp_per_floor":[59,66,66,68,51,34,34,28,28],"gold":260,"neow_bonus":"","is_daily":false,"chose_seed":false,"campfire_upgraded":0,"win_rate":0.0,"timestamp":1611013670,"path_taken":["M","M","$","M","?","E","?","E"],"items_purchased_type":["Card"],"build_version":"2020-12-22","purchased_purges":0,"victory":false,"max_hp_per_floor":[68,68,68,68,68,68,68,68,68],"card_choices":[{"not_picked":["Darkness","Consecrate"],"picked":"Self Repair","floor":1},{"not_picked":["Prostrate","Crescendo"],"picked":"FearNoEvil","floor":2},{"not_picked":["Steam","CrushJoints"],"picked":"DeceiveReality","floor":4},{"not_picked":["infinitespire:DeathsTouch","infinitespire:Fortify"],"picked":"infinitespire:UltimateForm","floor":5},{"not_picked":["Establishment","Wish"],"picked":"Seek","floor":6}],"player_experience":110179,"relics_obtained":[{"floor":6,"key":"infinitespire:CursedDice"}],"event_choices":[],"is_beta":false,"boss_relics":[],"items_purged_floors":[],"is_endless":false,"potions_floor_spawned":[4,6],"killed_by":"Gremlin Nob","ascension_level":20}}