{"host":"l5xpox9cbdko122s","time":1611009109,"event":{"mods":["BaseMod","Minty Spire (QoL Compilation)"],"gold_per_floor":[110,35,35,35,49,85,106,106,158,158,173,198,198,212,212,338,338,352,352,277,291,314,314,338,372,399,299,398,398,398],"floor_reached":29,"language":"ENG","playtime":1737,"items_purged":["Defend_P","Strike_P"],"score":225,"play_id":"33acb1a0-e76f-4b08-97e0-5f398398b53d","local_time":"20210118173149","is_ascension_mode":false,"campfire_choices":[{"floor":8,"key":"RECALL"},{"floor":10,"key":"REST"},{"data":"EmptyFist","floor":15,"key":"SMITH"},{"floor":23,"key":"REST"}],"circlet_count":0,"master_deck":["Strike_P","Strike_P","Strike_P","Defend_P","Defend_P","Defend_P","Eruption","Vigilance","EmptyBody","EmptyFist+1"],"relics":["Snecko Eye","Golden Idol","Regal Pillow","Nunchaku","VioletLotus","Red Mask","Vajra"],"acts_visited":["Exordium","TheCity"],"potions_floor_usage":[11,14,16,16,16,24,24],"damage_taken":[{"damage":0,"enemies":"Cultist","floor":1,"turns":3},{"damage":0,"enemies":"2 Louse","floor":5,"turns":2},{"damage":21,"enemies":"3 Sentries","floor":6,"turns":6},{"damage":0,"enemies":"Jaw Worm","floor":7,"turns":2},{"damage":4,"enemies":"Gremlin Gang","floor":11,"turns":4},{"damage":0,"enemies":"3 Louse","floor":12,"turns":3},{"damage":0,"enemies":"Looter","floor":14,"turns":2},{"damage":36,"enemies":"The Guardian","floor":16,"turns":9},{"damage":21,"enemies":"2 Thieves","floor":18,"turns":4},{"damage":5,"enemies":"Chosen","floor":21,"turns":4},{"damage":7,"enemies":"Snecko","floor":22,"turns":4},{"damage":50,"enemies":"Centurion and Healer","floor":24,"turns":7},{"damage":20,"enemies":"Masked Bandits","floor":25,"turns":5},{"damage":14,"enemies":"Sentry and Sphere","floor":29,"turns":3}],"seed_played":"978846979048625647","potions_obtained":[{"floor":6,"key":"AttackPotion"},{"floor":12,"key":"Swift Potion"},{"floor":14,"key":"EntropicBrew"},{"floor":21,"key":"BlessingOfTheForge"},{"floor":22,"key":"BottledMiracle"}],"is_trial":false,"path_per_floor":["M","$","?","?","M","E","M","R","T","R","M","M","T","M","R","B",null,"M","?","?","M","M","R","M","?","T","$","?","M"],"character_chosen":"WATCHER","items_purchased":[],"campfire_rested":2,"item_purchase_floors":[],"current_hp_per_floor":[72,72,77,77,77,56,56,56,56,77,73,73,73,73,73,37,77,56,56,56,51,44,77,27,7,7,7,7,0,0],"gold":398,"neow_bonus":"BOSS_RELIC","is_daily":false,"chose_seed":false,"campfire_upgraded":1,"win_rate":0.0,"timestamp":1611009109,"path_taken":["M","$","?","?","M","E","M","R","T","R","M","M","?","?","R","BOSS","M","?","?","M","M","R","M","?","T","$","?","M"],"items_purchased_type":[],"build_version":"2020-12-22","purchased_purges":2,"victory":false,"max_hp_per_floor":[72,72,77,77,77,77,77,77,77,77,77,77,77,77,77,77,77,77,77,77,77,77,77,77,77,77,77,77,77,77],"card_choices":[{"not_picked":["SashWhip","CutThroughFate"],"picked":"EmptyBody","floor":1},{"not_picked":["FlurryOfBlows","EmptyBody"],"picked":"EmptyFist","floor":5},{"not_picked":["CutThroughFate","CarveReality","TalkToTheHand"],"picked":"SKIP","floor":6},{"not_picked":["WindmillStrike","FollowUp","CrushJoints"],"picked":"SKIP","floor":7},{"not_picked":["Nirvana","ThirdEye","Alpha"],"picked":"SKIP","floor":11},{"not_picked":["Wireheading","Pray","Collect"],"picked":"SKIP","floor":12},{"not_picked":["Halt","ReachHeaven","Evaluate"],"picked":"SKIP","floor":14},{"not_picked":["LikeWater+1","Halt","Crescendo"],"picked":"SKIP","floor":18},{"not_picked":["CrushJoints+1","WheelKick","Protect"],"picked":"SKIP","floor":21},{"not_picked":["Collect","CutThroughFate","CarveReality"],"picked":"SKIP","floor":22},{"not_picked":["ReachHeaven+1","EmptyBody","Collect"],"picked":"SKIP","floor":24}],"player_experience":116998,"relics_obtained":[{"floor":6,"key":"Regal Pillow"},{"floor":13,"key":"Nunchaku"},{"floor":25,"key":"Red Mask"},{"floor":26,"key":"Vajra"}],"event_choices":[{"damage_healed":0,"gold_gain":0,"player_choice":"Donut","damage_taken":0,"max_hp_gain":5,"max_hp_loss":0,"event_name":"Big Fish","floor":3,"gold_loss":0},{"damage_healed":0,"gold_gain":0,"player_choice":"Take Wound","damage_taken":0,"relics_obtained":["Golden Idol"],"max_hp_gain":0,"max_hp_loss":0,"event_name":"Golden Idol","floor":4,"gold_loss":0,"cards_obtained":["Injury"]},{"damage_healed":0,"gold_gain":0,"player_choice":"Ignored","damage_taken":0,"max_hp_gain":0,"max_hp_loss":0,"event_name":"Vampires","floor":19,"gold_loss":0},{"cards_removed":["Injury"],"damage_healed":0,"gold_gain":0,"player_choice":"Gave Gold","damage_taken":0,"max_hp_gain":0,"max_hp_loss":0,"event_name":"Beggar","floor":20,"gold_loss":75},{"damage_healed":0,"gold_gain":0,"player_choice":"Fought Bandits","damage_taken":0,"max_hp_gain":0,"max_hp_loss":0,"event_name":"Masked Bandits","floor":25,"gold_loss":0},{"damage_healed":0,"gold_gain":99,"player_choice":"Stole From Cult","damage_taken":0,"max_hp_gain":0,"max_hp_loss":0,"event_name":"Nest","floor":28,"gold_loss":0}],"is_beta":false,"boss_relics":[{"not_picked":["Pandora\u0027s Box","SacredBark"],"picked":"VioletLotus"}],"items_purged_floors":[2,27],"is_endless":false,"potions_floor_spawned":[6,12,14,21,22],"killed_by":"Sentry and Sphere","ascension_level":0}}