{"host":"xp5rvh2jwe2ejyfm","time":1611007775,"event":{"mods":["BaseMod","Hermit","Minty Spire (QoL Compilation)","Replay The Spire","StSLib","The Construct","The Cursed","The Disciple","The Hierophant","The Necromancer","The Runesmith"],"gold_per_floor":[118,118,129,141,89,99,99,91,91,91,107,107,107,32,32,12,12],"floor_reached":16,"language":"ENG","playtime":492,"items_purged":["hierophant:Defend_Hierophant"],"score":102,"play_id":"a8f9b3b9-cd4c-4ad1-9a9f-74b0663c11ba","local_time":"20210118170935","is_ascension_mode":false,"campfire_choices":[{"floor":7,"key":"REST"},{"data":"hierophant:Zeal","floor":10,"key":"SMITH"},{"floor":13,"key":"REST"},{"floor":15,"key":"REST"}],"circlet_count":0,"master_deck":["hierophant:Strike_Hierophant","hierophant:Strike_Hierophant","hierophant:Strike_Hierophant","hierophant:Strike_Hierophant","hierophant:Punish","hierophant:Defend_Hierophant","hierophant:Defend_Hierophant","hierophant:Defend_Hierophant","hierophant:ChurchCoffers","hierophant:Zeal+1","hierophant:Encroach","hierophant:Encroach","hierophant:OrnateBuckler","hierophant:Purify","hierophant:Zeal","hierophant:Shelter"],"relics":["hierophant:PropheticMaskRelic","NeowsBlessing","Incense Burner","Potion Belt","Bag of Preparation"],"acts_visited":["Exordium"],"potions_floor_usage":[16,16],"damage_taken":[{"damage":0,"enemies":"Cultist","floor":1,"turns":1},{"damage":0,"enemies":"Jaw Worm","floor":3,"turns":1},{"damage":0,"enemies":"2 Louse","floor":4,"turns":1},{"damage":3,"enemies":"Looter","floor":5,"turns":4},{"damage":40,"enemies":"Gremlin Nob","floor":6,"turns":7},{"damage":12,"enemies":"Exordium Wildlife","floor":8,"turns":5},{"damage":5,"enemies":"3 Louse","floor":11,"turns":2},{"damage":67,"enemies":"The Guardian","floor":16,"turns":11}],"seed_played":"5484482572323595516","potions_obtained":[{"floor":5,"key":"SneckoOil"},{"floor":6,"key":"Ancient Potion"},{"floor":8,"key":"Adrenaline Potion"},{"floor":11,"key":"FearPotion"}],"is_trial":false,"path_per_floor":["M","T","M","M","M","E","R","M","T","R","M","?","R","$","R","B"],"character_chosen":"HIEROPHANT","items_purchased":[],"campfire_rested":3,"item_purchase_floors":[],"current_hp_per_floor":[75,75,75,75,72,32,54,42,42,42,37,19,41,41,63,0,0],"gold":12,"neow_bonus":"THREE_ENEMY_KILL","is_daily":false,"chose_seed":false,"campfire_upgraded":1,"win_rate":0.0,"timestamp":1611007775,"path_taken":["M","?","M","M","M","E","R","M","T","R","M","?","R","$","R","BOSS"],"items_purchased_type":[],"build_version":"2020-12-22","purchased_purges":1,"victory":false,"max_hp_per_floor":[75,75,75,75,75,75,75,75,75,75,75,75,75,75,75,75,75],"card_choices":[{"not_picked":["hierophant:OrnateBuckler","hierophant:MorningPrayer"],"picked":"hierophant:Zeal","floor":1},{"not_picked":["hierophant:HammerAndAnvil","hierophant:Charity"],"picked":"hierophant:Encroach","floor":3},{"not_picked":["hierophant:Dazzle","hierophant:OrnateJavelin"],"picked":"hierophant:Encroach","floor":4},{"not_picked":["hierophant:Glossolalia","hierophant:Doubloon"],"picked":"hierophant:OrnateBuckler","floor":5},{"not_picked":["hierophant:CursedGold","hierophant:DisplayOfPower"],"picked":"hierophant:Purify","floor":6},{"not_picked":["hierophant:Doomsaying","hierophant:AuricBeam"],"picked":"hierophant:Zeal","floor":8},{"not_picked":["hierophant:Encroach","hierophant:ThreeLashes"],"picked":"hierophant:Shelter","floor":11}],"player_experience":229596,"relics_obtained":[{"floor":2,"key":"Incense Burner"},{"floor":6,"key":"Potion Belt"}],"event_choices":[{"damage_healed":0,"gold_gain":0,"player_choice":"Success","damage_taken":18,"relics_obtained":["Bag of Preparation"],"max_hp_gain":0,"max_hp_loss":0,"event_name":"Scrap Ooze","floor":12,"gold_loss":0}],"is_beta":false,"boss_relics":[],"items_purged_floors":[14],"is_endless":false,"potions_floor_spawned":[5,6,8,11],"killed_by":"The Guardian","ascension_level":0}}