{"host":"rolltorest","time":1611010029,"event":{"mods":["BaseMod","Minty Spire (QoL Compilation)","Relic Stats","Slay the Relics Exporter","StSLib"],"gold_per_floor":[114,130,130,147,71,106,106,106,106,126,126,126,162,162,162,162,162],"floor_reached":16,"language":"ENG","playtime":211,"items_purged":[],"score":266,"play_id":"ee1e8ce9-e414-49ef-bf89-e96e0ac78226","local_time":"20210118144709","is_ascension_mode":true,"campfire_choices":[{"data":"EmptyFist","floor":7,"key":"SMITH"},{"data":"Conclude","floor":12,"key":"SMITH"},{"data":"BowlingBash","floor":15,"key":"SMITH"}],"circlet_count":0,"master_deck":["AscendersBane","Strike_P","Strike_P","Strike_P","Strike_P","Defend_P","Defend_P","Defend_P","Defend_P","Eruption+1","Vigilance","ThirdEye+1","CrushJoints","Conclude+1","EmptyFist+1","BowlingBash+1","SpiritShield"],"relics":["PureWater","NeowsBlessing","Peace Pipe","Gambling Chip","Golden Idol","StoneCalendar","Incense Burner"],"acts_visited":["Exordium"],"potions_floor_usage":[6],"damage_taken":[{"damage":0,"enemies":"Cultist","floor":1,"turns":1},{"damage":0,"enemies":"2 Louse","floor":2,"turns":1},{"damage":0,"enemies":"Small Slimes","floor":4,"turns":1},{"damage":16,"enemies":"Gremlin Nob","floor":6,"turns":3},{"damage":0,"enemies":"2 Fungi Beasts","floor":10,"turns":3},{"damage":0,"enemies":"3 Sentries","floor":13,"turns":2},{"damage":0,"enemies":"Slime Boss","floor":16,"turns":4}],"seed_played":"-1022915650581055627","potions_obtained":[{"floor":1,"key":"BlessingOfTheForge"},{"floor":10,"key":"Dexterity Potion"}],"is_trial":false,"path_per_floor":["M","M","$","M","$","E","R","?","T","M","?","R","E","?","R","B"],"character_chosen":"WATCHER","items_purchased":["Conclude"],"campfire_rested":0,"item_purchase_floors":[5],"current_hp_per_floor":[61,61,61,61,61,45,45,25,25,25,25,25,25,14,14,14,14],"gold":162,"neow_bonus":"THREE_ENEMY_KILL","is_daily":false,"chose_seed":false,"campfire_upgraded":3,"win_rate":0.0,"timestamp":1611010029,"path_taken":["M","?","$","M","$","E","R","?","T","M","?","R","E","?","R","BOSS"],"items_purchased_type":["Card"],"build_version":"2020-12-18","purchased_purges":0,"victory":false,"max_hp_per_floor":[68,68,68,68,68,68,68,68,68,68,62,62,62,62,62,62,62],"relic_stats":{"Peace Pipe":0,"counters":[7,15],"Golden Idol":7,"Gambling Chip":[9],"StoneCalendar":[0],"obtain_stats":[{"Peace Pipe":6,"NeowsBlessing":0,"Golden Idol":11,"Gambling Chip":9,"StoneCalendar":13,"Incense Burner":14,"PureWater":0},{"Peace Pipe":4,"NeowsBlessing":0,"Golden Idol":5,"Gambling Chip":4,"StoneCalendar":6,"Incense Burner":6,"PureWater":0},{"Peace Pipe":6,"NeowsBlessing":0,"Golden Idol":9,"Gambling Chip":6,"StoneCalendar":11,"Incense Burner":11,"PureWater":0}]},"card_choices":[{"not_picked":["Worship","Crescendo"],"picked":"ThirdEye","floor":1},{"not_picked":["InnerPeace","DeceiveReality","ThirdEye"],"picked":"SKIP","floor":2},{"not_picked":["FollowUp","Perseverance"],"picked":"CrushJoints","floor":4},{"not_picked":["Evaluate","CarveReality"],"picked":"EmptyFist","floor":6},{"not_picked":["Prostrate","DevaForm"],"picked":"BowlingBash","floor":10},{"not_picked":["Alpha","CrushJoints"],"picked":"SpiritShield","floor":13}],"player_experience":1732111,"relics_obtained":[{"floor":6,"key":"Peace Pipe"},{"floor":9,"key":"Gambling Chip"},{"floor":13,"key":"StoneCalendar"}],"event_choices":[{"damage_healed":0,"gold_gain":0,"player_choice":"Entered Light","damage_taken":20,"max_hp_gain":0,"max_hp_loss":0,"event_name":"Shining Light","floor":8,"gold_loss":0,"cards_upgraded":["Eruption","ThirdEye"]},{"damage_healed":0,"gold_gain":0,"player_choice":"Lose Max HP","damage_taken":0,"relics_obtained":["Golden Idol"],"max_hp_gain":0,"max_hp_loss":6,"event_name":"Golden Idol","floor":11,"gold_loss":0},{"damage_healed":0,"gold_gain":0,"player_choice":"Success","damage_taken":11,"relics_obtained":["Incense Burner"],"max_hp_gain":0,"max_hp_loss":0,"event_name":"Scrap Ooze","floor":14,"gold_loss":0}],"is_beta":true,"boss_relics":[],"items_purged_floors":[],"is_endless":false,"potions_floor_spawned":[1,10],"killed_by":"Slime Boss","ascension_level":20}}