{"host":"t7jgtrkwjlvtnfk1","time":1611003187,"event":{"mods":["2.2 Compatiblity","Arknights The Spire","Astrologer","BaseMod","CapriCore","Colored Map","Downfall","GungeonMod","Hermit","KOR Keyword Fix","Koishi","Lobotomy","Marisa£¨Ùöéë¡¡Øª×âÞÞ£©","Minty Spire (QoL Compilation)","Prisma Mod","Quick Restart","Rare Cards Sparkle","Replay The Spire","StSLib","Td1madao Mod","The Bug Knight","The Cursed","The Gatherer","The Immortal","The Jungle","The Runesmith","WarShipGirlsR/??á´Ò³R mod"],"gold_per_floor":[109,123,135,154,168,168,168],"floor_reached":6,"language":"KOR","playtime":977,"items_purged":[],"score":40,"play_id":"04315c1e-4701-4db8-8206-ff3ab41fb374","local_time":"20210119055307","is_ascension_mode":false,"campfire_choices":[],"circlet_count":0,"master_deck":["Strike_C","Strike_C","Strike_C","Strike_C","Defend_C","Defend_C","Defend_C","Defend_C","Knight Kick","Chip","Twin Teeth","Defend System","Cooling Song","New Defend Magic","Backup","Black Execution"],"relics":["Apod","DemoMod:GlassGuonStoneRelic"],"acts_visited":["Exordium"],"potions_floor_usage":[3],"damage_taken":[{"damage":7,"enemies":"Small Slimes","floor":1,"turns":3},{"damage":9,"enemies":"Jaw Worm","floor":2,"turns":4},{"damage":5,"enemies":"Cultist","floor":3,"turns":3},{"damage":16,"enemies":"Exordium Thugs","floor":4,"turns":6},{"damage":27,"enemies":"Large Slime","floor":5,"turns":8},{"damage":6,"enemies":"Gremlin Nob","floor":6,"turns":2}],"seed_played":"-6642594680678654860","potions_obtained":[{"floor":1,"key":"FearPotion"},{"floor":3,"key":"Languid Potion"}],"is_trial":false,"path_per_floor":["M","M","M","M","M","E"],"character_chosen":"TD1MADAO_CLASS","items_purchased":[],"campfire_rested":0,"item_purchase_floors":[],"current_hp_per_floor":[63,54,49,33,6,0,0],"gold":168,"neow_bonus":"THREE_CARDS","is_daily":false,"chose_seed":false,"campfire_upgraded":0,"win_rate":0.0,"timestamp":1611003187,"path_taken":["M","M","M","M","M","E"],"items_purchased_type":[],"build_version":"2020-12-22","purchased_purges":0,"victory":false,"max_hp_per_floor":[70,70,70,70,70,70,70],"card_choices":[{"not_picked":["Fire Up","Preloading"],"picked":"Twin Teeth","floor":0},{"not_picked":["Fire Up","Fixing"],"picked":"Defend System","floor":1},{"not_picked":["Lunge","Gravity Defend"],"picked":"Cooling Song","floor":2},{"not_picked":["Reflection Mechanism","Defend System"],"picked":"New Defend Magic","floor":3},{"not_picked":["New Defend Magic","Resistance"],"picked":"Backup","floor":4},{"not_picked":["Load Balancing","Afterwards"],"picked":"Black Execution","floor":5}],"player_experience":19912,"relics_obtained":[],"event_choices":[],"is_beta":false,"boss_relics":[],"items_purged_floors":[],"is_endless":false,"potions_floor_spawned":[1,3],"killed_by":"Gremlin Nob","ascension_level":0}}