{"host":"f8toxsj3bk02pkeu","time":1611008156,"event":{"mods":["BaseMod","Minty Spire (QoL Compilation)","Permanent Neow","Quick Restart","StSLib","SuperFastMode"],"gold_per_floor":[117,192,192,208,36,36,62,62,62,95,108,120,453,453,453,453,453],"floor_reached":16,"language":"ENG","playtime":1880,"items_purged":[],"score":286,"play_id":"f95c5ade-74a9-4498-857c-028798c6105e","local_time":"20210118151556","is_ascension_mode":true,"campfire_choices":[{"floor":6.0,"key":"RECALL"},{"data":"Body Slam","floor":8.0,"key":"SMITH"},{"data":"Shrug It Off","floor":15,"key":"SMITH"}],"circlet_count":0,"master_deck":["AscendersBane","Strike_R","Strike_R","Strike_R","Strike_R","Strike_R","Defend_R","Defend_R","Defend_R","Defend_R","Bash","Pommel Strike+1","Body Slam+1","Ghostly Armor","Shrug It Off+1"],"relics":["Burning Blood","NeowsBlessing","ClockworkSouvenir","Blood Vial","Question Card","Bag of Preparation","Old Coin"],"acts_visited":["Exordium"],"potions_floor_usage":[16],"damage_taken":[{"damage":0.0,"enemies":"2 Louse","floor":1.0,"turns":2.0},{"damage":0.0,"enemies":"Small Slimes","floor":4.0,"turns":1.0},{"damage":0.0,"enemies":"Lagavulin","floor":7.0,"turns":1.0},{"damage":24.0,"enemies":"Gremlin Nob","floor":10.0,"turns":4.0},{"damage":0.0,"enemies":"Cultist","floor":11.0,"turns":3.0},{"damage":2.0,"enemies":"3 Louse","floor":12.0,"turns":4.0},{"damage":24.0,"enemies":"Lagavulin","floor":13.0,"turns":9.0},{"damage":67,"enemies":"Slime Boss","floor":16,"turns":10}],"seed_played":"-5446634444850798625","potions_obtained":[{"floor":4.0,"key":"BlessingOfTheForge"},{"floor":10.0,"key":"Regen Potion"},{"floor":11.0,"key":"AttackPotion"}],"is_trial":false,"path_per_floor":["M","?","?","M","$","R","E","R","T","E","M","M","E","?","R","B"],"character_chosen":"IRONCLAD","items_purchased":["ClockworkSouvenir"],"campfire_rested":0,"item_purchase_floors":[5],"current_hp_per_floor":[74,63,63,69,69,69,75,75,75,57,65,71,55,60,60,9,9],"gold":453,"neow_bonus":"THREE_ENEMY_KILL","is_daily":false,"chose_seed":false,"campfire_upgraded":2,"win_rate":0.0,"timestamp":1611008156,"path_taken":["M","?","?","M","$","R","E","R","T","E","?","M","E","?","R","BOSS"],"items_purchased_type":["Relic"],"build_version":"2020-12-22","purchased_purges":0,"victory":false,"max_hp_per_floor":[75,75,75,75,75,75,75,75,75,75,75,75,75,80,80,80,80],"card_choices":[{"not_picked":["Flex","Whirlwind"],"picked":"Pommel Strike","floor":1.0},{"not_picked":["Clothesline","Perfected Strike","Havoc"],"picked":"SKIP","floor":4.0},{"not_picked":["Flex","Reckless Charge"],"picked":"Body Slam","floor":7.0},{"not_picked":["Thunderclap","Entrench","Rupture"],"picked":"Ghostly Armor","floor":10.0},{"not_picked":["Combust","Wild Strike","Clothesline"],"picked":"Shrug It Off","floor":11.0},{"not_picked":["Reckless Charge","Dual Wield","Anger","Power Through"],"picked":"SKIP","floor":12.0},{"not_picked":["Second Wind","Flex","Heavy Blade","Anger"],"picked":"SKIP","floor":13.0}],"player_experience":962484,"relics_obtained":[{"floor":7.0,"key":"Blood Vial"},{"floor":9.0,"key":"Question Card"},{"floor":10.0,"key":"Bag of Preparation"},{"floor":13.0,"key":"Old Coin"}],"event_choices":[{"damage_healed":0.0,"max_hp_gain":0.0,"max_hp_loss":0.0,"gold_gain":75.0,"event_name":"World of Goop","player_choice":"Gather Gold","floor":2.0,"gold_loss":0.0,"damage_taken":11.0},{"damage_healed":0.0,"max_hp_gain":0.0,"max_hp_loss":0.0,"gold_gain":0.0,"event_name":"Upgrade Shrine","player_choice":"Upgraded","floor":3.0,"gold_loss":0.0,"damage_taken":0.0,"cards_upgraded":["Pommel Strike"]},{"damage_healed":0.0,"max_hp_gain":5.0,"max_hp_loss":0.0,"gold_gain":0.0,"event_name":"Big Fish","player_choice":"Donut","floor":14.0,"gold_loss":0.0,"damage_taken":0.0}],"is_beta":false,"boss_relics":[],"items_purged_floors":[],"is_endless":false,"potions_floor_spawned":[4,10,11],"killed_by":"Slime Boss","ascension_level":20}}