{"host":"qheym18ww6mhskxf","time":1611005143,"event":{"mods":["BaseMod","CapriCore","Friendly Minions","KOR Keyword Fix","Kiyohime£¨?ýï£©","Minty Spire (QoL Compilation)","Prisma Mod","Quick Restart","RRrroohrrRGHHhhh!!","Rare Cards Sparkle","Shop Mod","StSLib","Td1madao Mod","The Dragon Tamer","Username Fix"],"gold_per_floor":[115,115,132,147,147,147,21,21,69,79,106,106,135,147,147,245,245,257,277,192,24,42,42,70,88,157,167,30,50,180,200,200,305,305,317,333,245,257,271,386,386,504,576,681,696,30,30,30,30,126,126,146,166,166,166,336,476,136,270,297,450,591,614,750,771,771,899,899,912,436,460,460,623,623,642,667,825,846,473,73,92,110,110,233,233,246,269,332,356,174,303,324,324,457,219,368,386,544,559,559,679,679,693,757,757,1070,837,837,1142,667,932,932,953,971,1296,791,791,912,912,925,940,965,630,650,650,610,610,873,873,1196,762,762,762],"floor_reached":132,"language":"KOR","playtime":4537,"items_purged":["Bash","Strike_R","Strike_R","Strike_R","Defend_R","Defend_R","Defend_R","Defend_R","Strike_R+1","Strike_R+1","Shrug It Off+1","Iron Wave+1","Shrug It Off+1"],"score":5612,"play_id":"d57c406c-bcec-421d-9544-50175922d780","local_time":"20210119062543","daily_mods":["Heirloom","Time Dilation","DeadlyEvents","Elite Swarm"],"is_ascension_mode":true,"campfire_choices":[{"data":"PrismaMod:ChloeGaeBolg","floor":6.0,"key":"SMITH"},{"data":"Iron Wave","floor":8.0,"key":"SMITH"},{"data":"Flex","floor":12.0,"key":"SMITH"},{"data":"PrismaMod:ChloeCarnivalAttack","floor":15.0,"key":"SMITH"},{"data":"PrismaMod:ChloeRhongomyniad","floor":23.0,"key":"SMITH"},{"data":"Metallicize","floor":32.0,"key":"SMITH"},{"data":"PrismaMod:ChloeCheapAttack","floor":47.0,"key":"SMITH"},{"data":"Shrug It Off","floor":49.0,"key":"SMITH"},{"data":"Barricade","floor":66.0,"key":"SMITH"},{"data":"Limit Break","floor":74.0,"key":"SMITH"},{"data":"PrismaMod:ChloeCaladbolg","floor":83.0,"key":"SMITH"},{"data":"Entrench","floor":93.0,"key":"SMITH"},{"data":"Double Tap","floor":100.0,"key":"SMITH"},{"data":"Body Slam","floor":108.0,"key":"SMITH"},{"data":"Panache","floor":112.0,"key":"SMITH"},{"data":"Trip","floor":117.0,"key":"SMITH"},{"data":"Panacea","floor":125.0,"key":"SMITH"},{"data":"PrismaMod:ChloeCarnivalDefend","floor":127.0,"key":"SMITH"},{"data":"PrismaMod:ChloeCarnivalDefend","floor":129.0,"key":"SMITH"}],"circlet_count":0,"master_deck":["PrismaMod:ChloeGaeBolg+1","Iron Wave+1","Flex+1","PrismaMod:ChloeCarnivalAttack+1","Metallicize+1","PrismaMod:ChloeRhongomyniad+1","Twin Strike+1","PrismaMod:ChloeCheapAttack+1","PrismaMod:ChloeCarnivalDefend+1","Iron Wave+1","PrismaMod:ChloeCarnivalDefend+1","PrismaMod:ChloeCarnivalDefend+1","Shrug It Off+1","Barricade+1","Panache+1","PrismaMod:ChloeGaeBolg+1","Limit Break+1","PrismaMod:ChloeRhongomyniad+1","PrismaMod:ChloeCaladbolg+1","Shrug It Off+1","Body Slam+1","Double Tap+1","Entrench+1","Cleave","Cleave","Trip+1","Panacea+1"],"relics":["Black Blood","FossilizedHelix","InkBottle","MerchantsRug","Eternal Feather","Omamori","SlaversCollar","Potion Belt","PreservedInsect","rorgmod:Ceramic Fish","Question Card","Bronze Scales","Oddly Smooth Stone","Philosopher\u0027s Stone","Bag of Preparation","Centennial Puzzle","Calipers","Frozen Eye","Turnip","StoneCalendar","Coffee Dripper","Golden Idol","Vajra","HandDrill","rorgmod:The Boot","Toy Ornithopter","Strange Spoon","Frozen Egg 2","OrangePellets","Membership Card","Happy Flower","Runic Cube","Bag of Marbles","Medical Kit","Ancient Tea Set","ClockworkSouvenir","Anchor","rorgmod:Black Star","Sundial","Gremlin Horn","Self Forming Clay","TungstenRod","Red Skull","TheAbacus","Lantern","Nunchaku","HornCleat","Torii","Cauldron"],"acts_visited":["Exordium","TheCity","TheBeyond","Exordium","TheCity","TheBeyond","Exordium","TheCity"],"potions_floor_usage":[],"damage_taken":[{"damage":10.0,"enemies":"Small Slimes","floor":1.0,"turns":5.0},{"damage":0.0,"enemies":"Cultist","floor":3.0,"turns":4.0},{"damage":0.0,"enemies":"Jaw Worm","floor":4.0,"turns":2.0},{"damage":14.0,"enemies":"3 Louse","floor":10.0,"turns":3.0},{"damage":0.0,"enemies":"Gremlin Nob","floor":11.0,"turns":3.0},{"damage":0.0,"enemies":"Lagavulin","floor":13.0,"turns":4.0},{"damage":0.0,"enemies":"Blue Slaver","floor":14.0,"turns":3.0},{"damage":30.0,"enemies":"The Guardian","floor":16.0,"turns":8.0},{"damage":0.0,"enemies":"Shell Parasite","floor":18.0,"turns":2.0},{"damage":11.0,"enemies":"2 Thieves","floor":19.0,"turns":3.0},{"damage":27.0,"enemies":"3 Cultists","floor":22.0,"turns":5.0},{"damage":21.0,"enemies":"Slavers","floor":24.0,"turns":4.0},{"damage":4.0,"enemies":"Cultist and Chosen","floor":25.0,"turns":5.0},{"damage":0.0,"enemies":"Snecko","floor":27.0,"turns":4.0},{"damage":16.0,"enemies":"Snake Plant","floor":29.0,"turns":3.0},{"damage":7.0,"enemies":"Book of Stabbing","floor":30.0,"turns":3.0},{"damage":6.0,"enemies":"Chosen and Byrds","floor":31.0,"turns":4.0},{"damage":27.0,"enemies":"Champ","floor":33.0,"turns":9.0},{"damage":12.0,"enemies":"3 Shapes","floor":35.0,"turns":5.0},{"damage":0.0,"enemies":"Orb Walker","floor":36.0,"turns":2.0},{"damage":0.0,"enemies":"3 Darklings","floor":38.0,"turns":5.0},{"damage":0.0,"enemies":"Jaw Worm Horde","floor":39.0,"turns":4.0},{"damage":11.0,"enemies":"Giant Head","floor":40.0,"turns":7.0},{"damage":0.0,"enemies":"Reptomancer","floor":42.0,"turns":2.0},{"damage":0.0,"enemies":"Giant Head","floor":44.0,"turns":7.0},{"damage":1.0,"enemies":"4 Shapes","floor":45.0,"turns":5.0},{"damage":0.0,"enemies":"Time Eater","floor":50.0,"turns":19.0},{"damage":0.0,"enemies":"Cultist","floor":52.0,"turns":2.0},{"damage":0.0,"enemies":"Jaw Worm","floor":53.0,"turns":1.0},{"damage":0.0,"enemies":"Lagavulin","floor":56.0,"turns":3.0},{"damage":0.0,"enemies":"3 Sentries","floor":57.0,"turns":4.0},{"damage":0.0,"enemies":"Lagavulin","floor":59.0,"turns":3.0},{"damage":0.0,"enemies":"3 Sentries","floor":61.0,"turns":5.0},{"damage":0.0,"enemies":"Gremlin Nob","floor":62.0,"turns":1.0},{"damage":0.0,"enemies":"2 Louse","floor":63.0,"turns":1.0},{"damage":0.0,"enemies":"3 Sentries","floor":64.0,"turns":6.0},{"damage":0.0,"enemies":"Exordium Thugs","floor":65.0,"turns":2.0},{"damage":0.0,"enemies":"Slime Boss","floor":67.0,"turns":4.0},{"damage":0.0,"enemies":"Shell Parasite","floor":69.0,"turns":2.0},{"damage":0.0,"enemies":"Chosen","floor":71.0,"turns":3.0},{"damage":0.0,"enemies":"Gremlin Leader","floor":73.0,"turns":5.0},{"damage":0.0,"enemies":"3 Cultists","floor":75.0,"turns":5.0},{"damage":0.0,"enemies":"Snake Plant","floor":76.0,"turns":3.0},{"damage":0.0,"enemies":"Book of Stabbing","floor":77.0,"turns":3.0},{"damage":0.0,"enemies":"Centurion and Healer","floor":78.0,"turns":4.0},{"damage":0.0,"enemies":"Sentry and Sphere","floor":81.0,"turns":2.0},{"damage":0.0,"enemies":"Snecko","floor":82.0,"turns":2.0},{"damage":0.0,"enemies":"Automaton","floor":84.0,"turns":7.0},{"damage":0.0,"enemies":"Orb Walker","floor":86.0,"turns":2.0},{"damage":0.0,"enemies":"3 Darklings","floor":87.0,"turns":4.0},{"damage":45.0,"enemies":"Mind Bloom Boss Battle","floor":88.0,"turns":3.0},{"damage":0.0,"enemies":"Sphere and 2 Shapes","floor":89.0,"turns":2.0},{"damage":0.0,"enemies":"Giant Head","floor":91.0,"turns":5.0},{"damage":0.0,"enemies":"Maw","floor":92.0,"turns":4.0},{"damage":0.0,"enemies":"Nemesis","floor":94.0,"turns":2.0},{"damage":0.0,"enemies":"Reptomancer","floor":96.0,"turns":2.0},{"damage":0.0,"enemies":"Spire Growth","floor":97.0,"turns":4.0},{"damage":0.0,"enemies":"Nemesis","floor":98.0,"turns":3.0},{"damage":0.0,"enemies":"3 Darklings","floor":99.0,"turns":4.0},{"damage":43.0,"enemies":"Donu and Deca","floor":101.0,"turns":7.0},{"damage":0.0,"enemies":"Cultist","floor":103.0,"turns":1.0},{"damage":0.0,"enemies":"Lagavulin","floor":106.0,"turns":1.0},{"damage":0.0,"enemies":"3 Sentries","floor":109.0,"turns":3.0},{"damage":0.0,"enemies":"Gremlin Nob","floor":111.0,"turns":1.0},{"damage":0.0,"enemies":"Jaw Worm","floor":113.0,"turns":1.0},{"damage":0.0,"enemies":"2 Louse","floor":114.0,"turns":1.0},{"damage":0.0,"enemies":"3 Sentries","floor":115.0,"turns":1.0},{"damage":0.0,"enemies":"Hexaghost","floor":118.0,"turns":2.0},{"damage":0.0,"enemies":"Spheric Guardian","floor":120.0,"turns":1.0},{"damage":0.0,"enemies":"2 Thieves","floor":121.0,"turns":2.0},{"damage":16.0,"enemies":"Shelled Parasite and Fungi","floor":122.0,"turns":2.0},{"damage":0.0,"enemies":"Snake Plant","floor":124.0,"turns":1.0},{"damage":0.0,"enemies":"Slavers","floor":128.0,"turns":2.0},{"damage":0.0,"enemies":"Gremlin Leader","floor":130.0,"turns":1.0},{"damage":0,"enemies":"Book of Stabbing","floor":132,"turns":1}],"seed_played":"-8890910456910318715","potions_obtained":[{"floor":4.0,"key":"Explosive Potion"},{"floor":10.0,"key":"SkillPotion"},{"floor":11.0,"key":"GamblersBrew"},{"floor":16.0,"key":"SkillPotion"},{"floor":22.0,"key":"BlessingOfTheForge"},{"floor":25.0,"key":"LiquidMemories"},{"floor":27.0,"key":"GamblersBrew"},{"floor":29.0,"key":"SteroidPotion"},{"floor":30.0,"key":"SpeedPotion"},{"floor":35.0,"key":"LiquidMemories"},{"floor":36.0,"key":"GamblersBrew"},{"floor":40.0,"key":"Strength Potion"},{"floor":50.0,"key":"BloodPotion"},{"floor":52.0,"key":"CultistPotion"},{"floor":56.0,"key":"GamblersBrew"},{"floor":57.0,"key":"BlessingOfTheForge"},{"floor":59.0,"key":"EntropicBrew"},{"floor":61.0,"key":"LiquidMemories"},{"floor":69.0,"key":"ColorlessPotion"},{"floor":71.0,"key":"DistilledChaos"},{"floor":76.0,"key":"EssenceOfSteel"},{"floor":78.0,"key":"EntropicBrew"},{"floor":81.0,"key":"Dexterity Potion"},{"floor":88.0,"key":"Strength Potion"},{"floor":91.0,"key":"DuplicationPotion"},{"floor":92.0,"key":"ColorlessPotion"},{"floor":96.0,"key":"FearPotion"},{"floor":97.0,"key":"BloodPotion"},{"floor":120.0,"key":"Swift Potion"},{"floor":122.0,"key":"Swift Potion"},{"floor":131.0,"key":"SpeedPotion"},{"floor":131.0,"key":"Fruit Juice"},{"floor":131.0,"key":"FairyPotion"},{"floor":131.0,"key":"SpeedPotion"},{"floor":131.0,"key":"Swift Potion"}],"is_trial":true,"path_per_floor":["M","?","M","M","T","R","$","R","T","M","E","R","E","M","R","B",null,"M","M","?","$","M","R","E","M","T","M","$","M","E","M","R","B",null,"M","M","$","M","M","E","?","E","T","E","M","$","R","$","R","B",null,"M","M","?","?","E","E","$","E","T","E","E","M","E","M","R","B",null,"M","$","M","?","E","R","M","M","E","M","$","$","M","M","R","B",null,"M","M","?","M","$","E","M","R","E","$","E","M","E","M","R","B",null,"M","?","?","E","$","R","E","$","E","R","M","M","E","$","R","B",null,"M","M","M","$","M","R","?","R","E","R","E","$","E"],"character_chosen":"IRONCLAD","items_purchased":["MerchantsRug","PreservedInsect","PrismaMod:ChloeRhongomyniad","Bronze Scales","PrismaMod:ChloeCheapAttack","Shrug It Off","Frozen Eye","Turnip","StoneCalendar","HandDrill","rorgmod:The Boot","Whetstone","Strange Spoon","Panache","Frozen Egg 2","OrangePellets","Membership Card","Happy Flower","Strawberry","Bag of Marbles","Medical Kit","Ancient Tea Set","ClockworkSouvenir","Anchor","Sundial","Gremlin Horn","Lee\u0027s Waffle","Self Forming Clay","TungstenRod","Red Skull","TheAbacus","Trip","Lantern","Nunchaku","Panacea","HornCleat","Torii","Cauldron"],"campfire_rested":0,"item_purchase_floors":[7,21,21,28,28,37,46,46,46,58,58,70,70,70,79,79,80,80,80,90,90,90,95,95,107,110,110,110,116,116,116,116,123,123,123,131,131,131],"current_hp_per_floor":[68,68,74,80,80,80,80,80,80,72,78,80,80,80,80,56,74,80,75,75,75,54,63,48,50,50,56,56,46,45,45,57,36,69,63,69,69,75,80,75,75,80,80,80,80,80,80,80,80,80,80,80,80,74,71,74,74,74,74,74,74,74,74,74,74,74,74,74,74,74,74,74,74,74,74,74,74,74,74,81,81,81,81,81,81,81,81,42,48,48,54,60,75,81,81,81,81,81,81,81,44,72,78,78,78,81,81,81,81,88,88,88,88,88,88,88,88,88,88,88,88,84,84,88,88,88,88,88,88,88,88,88,88],"gold":762,"neow_bonus":"","is_daily":false,"chose_seed":false,"campfire_upgraded":19,"win_rate":0.0,"timestamp":1611005143,"path_taken":["M","?","?","M","?","R","?","R","T","M","?","R","E","?","R","BOSS","M","M","?","$","M","R","E","?","T","M","$","?","E","M","R","BOSS","M","M","$","M","M","E","?","E","T","E","M","$","R","?","R","BOSS","M","M","?","?","?","E","$","E","T","E","?","?","E","M","R","BOSS","M","?","?","?","?","R","M","?","E","M","?","$","?","M","R","BOSS","M","M","?","M","$","E","M","R","E","$","E","M","E","M","R","BOSS","M","?","?","?","$","R","E","$","E","R","M","?","E","$","R","BOSS","M","M","M","$","M","R","?","R","E","R","E","$","?"],"items_purchased_type":["Relic","Relic","Card","Relic","Card","Card","Relic","Relic","Relic","Relic","Relic","Relic","Relic","Card","Relic","Relic","Relic","Relic","Relic","Relic","Relic","Relic","Relic","Relic","Relic","Relic","Relic","Relic","Relic","Relic","Relic","Card","Relic","Relic","Card","Relic","Relic","Relic"],"build_version":"2020-12-22","purchased_purges":13,"victory":false,"max_hp_per_floor":[80,80,80,80,80,80,80,80,80,80,80,80,80,80,80,80,80,80,80,80,80,80,80,80,80,80,80,80,80,80,80,80,80,80,80,80,80,80,80,80,80,80,80,80,80,80,80,80,80,80,80,80,80,74,74,74,74,74,74,74,74,74,74,74,74,74,74,74,74,74,74,74,74,74,74,74,74,74,74,81,81,81,81,81,81,81,81,81,81,81,81,81,81,81,81,81,81,81,81,81,81,81,81,81,81,81,81,81,81,88,88,88,88,88,88,88,88,88,88,88,88,88,88,88,88,88,88,88,88,88,88,88,88],"card_choices":[{"not_picked":["PrismaMod:ChloeCommonAOEAttack","PrismaMod:ChloeRuleBreaker"],"picked":"Iron Wave","floor":1.0},{"not_picked":["Sever Soul","PrismaMod:ChloeChristmas"],"picked":"PrismaMod:ChloeGaeBolg","floor":3.0},{"not_picked":["True Grit","Reckless Charge"],"picked":"Iron Wave","floor":4.0},{"not_picked":["PrismaMod:ChloeExhaustOne","Anger"],"picked":"Flex","floor":10.0},{"not_picked":["PrismaMod:ChloeAnyPowerTrace","Exhume"],"picked":"PrismaMod:ChloeCarnivalAttack","floor":11.0},{"not_picked":["Brutality","Barricade","Feed"],"picked":"SKIP","floor":13.0},{"not_picked":["Combust","Spot Weakness","Clothesline"],"picked":"SKIP","floor":14.0},{"not_picked":["Perfected Strike","Pummel","Armaments"],"picked":"SKIP","floor":18.0},{"not_picked":["Headbutt","Rage"],"picked":"Metallicize","floor":19.0},{"not_picked":["PrismaMod:ChloeDemonicTutor","Flame Barrier","PrismaMod:ChloeDiscardRecovery"],"picked":"SKIP","floor":22.0},{"not_picked":["Double Tap","Impervious","PrismaMod:ChloeCarnivalAOEAttack"],"picked":"SKIP","floor":24.0},{"not_picked":["PrismaMod:ChloeCheapDefendTwo","PrismaMod:ChloeDiscardRecovery"],"picked":"Twin Strike+1","floor":25.0},{"not_picked":["Rampage+1","PrismaMod:ChloeExhaustTwo","Infernal Blade+1","Shockwave"],"picked":"SKIP","floor":27.0},{"not_picked":["PrismaMod:ChloeCheapAttackTwo","Perfected Strike","Wild Strike","PrismaMod:ChloeDiscardRecovery"],"picked":"SKIP","floor":29.0},{"not_picked":["PrismaMod:ChloeAnyPowerTrace","Bludgeon","PrismaMod:ChloeCarnivalAOEAttack"],"picked":"PrismaMod:ChloeCarnivalDefend","floor":30.0},{"not_picked":["Perfected Strike","Pommel Strike","Hemokinesis"],"picked":"Shrug It Off+1","floor":31.0},{"not_picked":["Heavy Blade+1","Clash","PrismaMod:ChloeEyeOfTheEuryale","Wild Strike+1"],"picked":"SKIP","floor":35.0},{"not_picked":["Anger","Feel No Pain","PrismaMod:ChloeUncommonDefend+1","Flex"],"picked":"SKIP","floor":36.0},{"not_picked":["Thunderclap+1","PrismaMod:ChloeExhaustOne","Shockwave+1","Sword Boomerang+1"],"picked":"SKIP","floor":38.0},{"not_picked":["PrismaMod:ChloeMaid","PrismaMod:ChloeExhaustOne","Flex","Iron Wave+1"],"picked":"SKIP","floor":39.0},{"not_picked":["PrismaMod:ChloeMaid","PrismaMod:ChloeExhaustOne","Flex"],"picked":"Iron Wave+1","floor":39.0},{"not_picked":["Double Tap","Feed","Fiend Fire"],"picked":"PrismaMod:ChloeCarnivalDefend","floor":40.0},{"not_picked":["Berserk","Limit Break","PrismaMod:ChloeDevil"],"picked":"PrismaMod:ChloeCarnivalDefend","floor":42.0},{"not_picked":["Bludgeon","PrismaMod:ChloeExhaustThree","Demon Form","Juggernaut"],"picked":"SKIP","floor":44.0},{"not_picked":["Disarm+1","PrismaMod:ChloeExhaustOne+1","Heavy Blade+1"],"picked":"Shrug It Off+1","floor":45.0},{"not_picked":["Burning Pact","PrismaMod:ChloeExhaustOne","Pommel Strike","Headbutt"],"picked":"SKIP","floor":52.0},{"not_picked":["PrismaMod:ChloeCheapDefend","True Grit","PrismaMod:ChloeExhaustOne","Anger"],"picked":"SKIP","floor":53.0},{"not_picked":["PrismaMod:ChloeAnyRareTrace","Fiend Fire","PrismaMod:ChloeAnyAttackTrace"],"picked":"Barricade","floor":56.0},{"not_picked":["Juggernaut","PrismaMod:ChloeCarnivalAttack","Berserk","Bludgeon"],"picked":"SKIP","floor":57.0},{"not_picked":["Brutality","PrismaMod:ChloeCarnivalAOEAttack","Reaper","PrismaMod:ChloeAnyCommonTrace"],"picked":"SKIP","floor":59.0},{"not_picked":["PrismaMod:ChloeAnyRareTrace","Offering","Double Tap","PrismaMod:ChloeDoubleRelicSpeed"],"picked":"SKIP","floor":61.0},{"not_picked":["PrismaMod:ChloeExhaustThree","Offering","PrismaMod:ChloeAnyRareTrace","PrismaMod:ChloeDoubleRelicSpeed"],"picked":"SKIP","floor":62.0},{"not_picked":["Shrug It Off","PrismaMod:ChloeMaid","True Grit","PrismaMod:ChloeExhaustOne"],"picked":"SKIP","floor":63.0},{"not_picked":["Reaper","Double Tap","Barricade","Juggernaut"],"picked":"SKIP","floor":64.0},{"not_picked":["PrismaMod:ChloeCheapAttack","PrismaMod:ChloeCommonAOEAttack","Armaments","Flame Barrier"],"picked":"SKIP","floor":65.0},{"not_picked":["rorgmod:Sentinel","PrismaMod:ChloeCommonAOEAttack","PrismaMod:ChloeDiscardRecovery+1","PrismaMod:ChloeCheapAttack"],"picked":"SKIP","floor":69.0},{"not_picked":["Spot Weakness+1","Thunderclap","PrismaMod:ChloeCheapDefendTwo"],"picked":"PrismaMod:ChloeGaeBolg","floor":71.0},{"not_picked":["PrismaMod:ChloeDoubleRelicSpeed","Barricade","Double Tap"],"picked":"Limit Break","floor":73.0},{"not_picked":["PrismaMod:ChloeCheapAttackTwo+1","Anger","Flex+1"],"picked":"PrismaMod:ChloeRhongomyniad+1","floor":75.0},{"not_picked":["Sever Soul","rorgmod:Searing Blow","Intimidate+1","Flex"],"picked":"SKIP","floor":76.0},{"not_picked":["Limit Break","PrismaMod:ChloeAnyPowerTrace","PrismaMod:ChloeDoubleRelicSpeed","Offering"],"picked":"SKIP","floor":77.0},{"not_picked":["Inflame","Clash","Perfected Strike","Clothesline"],"picked":"SKIP","floor":78.0},{"not_picked":["Shockwave+1","PrismaMod:ChloeCheapDefend","Anger"],"picked":"PrismaMod:ChloeCaladbolg","floor":81.0},{"not_picked":["Burning Pact","Spot Weakness+1","Sword Boomerang+1"],"picked":"Shrug It Off+1","floor":82.0},{"not_picked":["Armaments","PrismaMod:ChloeMaid","Shrug It Off","True Grit+1"],"picked":"SKIP","floor":86.0},{"not_picked":["Clash+1","Whirlwind+1","Perfected Strike","PrismaMod:ChloeCheapAttack+1"],"picked":"SKIP","floor":87.0},{"not_picked":["Bloodletting","Flex","PrismaMod:ChloeCheapDefendTwo+1"],"picked":"Body Slam","floor":88.0},{"not_picked":["Dark Embrace+1","Hemokinesis+1","Clothesline","True Grit"],"picked":"SKIP","floor":89.0},{"not_picked":["PrismaMod:ChloeExhaustThree","Exhume","rorgmod:Immolate"],"picked":"Double Tap","floor":91.0},{"not_picked":["PrismaMod:ChloeMaid+1","Fire Breathing+1","Anger"],"picked":"Entrench","floor":92.0},{"not_picked":["Fiend Fire","Limit Break","PrismaMod:ChloeAnyUncommonTrace","Barricade+1"],"picked":"SKIP","floor":94.0},{"not_picked":["PrismaMod:ChloeGreatTracePools+1","Offering","PrismaMod:ChloeCarnivalAOEAttack","Feed"],"picked":"SKIP","floor":96.0},{"not_picked":["Wild Strike+1","Headbutt+1","Twin Strike","Blood for Blood+1"],"picked":"SKIP","floor":97.0},{"not_picked":["Berserk+1","Double Tap","PrismaMod:ChloeExhaustThree","PrismaMod:ChloeCarnivalAOEAttack"],"picked":"SKIP","floor":98.0},{"not_picked":["Intimidate+1","PrismaMod:ChloeMordred","PrismaMod:ChloeDiscardRecovery","Carnage+1"],"picked":"SKIP","floor":99.0},{"not_picked":["PrismaMod:ChloeCheapAttackTwo","Dark Embrace+1","rorgmod:Searing Blow","Sever Soul"],"picked":"SKIP","floor":103.0},{"not_picked":["PrismaMod:ChloeExhaustThree","Corruption+1","PrismaMod:ChloeAnyUncommonTrace","PrismaMod:ChloeGreatTracePools+1"],"picked":"SKIP","floor":106.0},{"not_picked":["Limit Break","PrismaMod:ChloeUnlimitedBladeWorks","Corruption+1","PrismaMod:ChloeAnyAttackTrace"],"picked":"SKIP","floor":109.0},{"not_picked":["PrismaMod:ChloeGreatTracePools+1","PrismaMod:ChloeAnyCommonTrace","Offering","Juggernaut+1"],"picked":"SKIP","floor":111.0},{"not_picked":["True Grit","Wild Strike","PrismaMod:ChloeEyeOfTheEuryale"],"picked":"Cleave","floor":113.0},{"not_picked":["Shockwave","Metallicize+1","Rampage"],"picked":"Cleave","floor":114.0},{"not_picked":["Juggernaut+1","PrismaMod:ChloeAnyUncommonTrace","PrismaMod:ChloeAnySkillTrace","rorgmod:Immolate"],"picked":"SKIP","floor":115.0},{"not_picked":["Metallicize+1","PrismaMod:ChloeExhaustOne","PrismaMod:ChloeCheapDefendTwo","Battle Trance"],"picked":"SKIP","floor":120.0},{"not_picked":["Anger","Havoc","rorgmod:Sentinel","PrismaMod:ChloeCommonAOEAttack"],"picked":"SKIP","floor":121.0},{"not_picked":["Clash","Flex","Anger","Hemokinesis"],"picked":"SKIP","floor":122.0},{"not_picked":["Iron Wave","PrismaMod:ChloeCheapAttackTwo","PrismaMod:ChloeGreatTracePools+1","PrismaMod:ChloeDiscardRecovery"],"picked":"SKIP","floor":124.0},{"not_picked":["PrismaMod:ChloeUnlimitedBladeWorks","PrismaMod:ChloeAnyAttackTrace","Fiend Fire","PrismaMod:ChloeCarnivalAttack"],"picked":"SKIP","floor":128.0},{"not_picked":["PrismaMod:ChloeAnyCommonTrace","PrismaMod:ChloeHalloween","PrismaMod:ChloeAnyUncommonTrace","PrismaMod:ChloeAnyRareTrace"],"picked":"SKIP","floor":130.0}],"player_experience":405656,"relics_obtained":[{"floor":5.0,"key":"InkBottle"},{"floor":9.0,"key":"Art of War"},{"floor":11.0,"key":"Eternal Feather"},{"floor":13.0,"key":"Omamori"},{"floor":24.0,"key":"rorgmod:Ceramic Fish"},{"floor":26.0,"key":"Question Card"},{"floor":30.0,"key":"Oddly Smooth Stone"},{"floor":40.0,"key":"Bag of Preparation"},{"floor":42.0,"key":"Centennial Puzzle"},{"floor":43.0,"key":"Bottled Tornado"},{"floor":44.0,"key":"Calipers"},{"floor":60.0,"key":"Toy Ornithopter"},{"floor":88.0,"key":"Du-Vu Doll"}],"event_choices":[{"damage_healed":0.0,"max_hp_gain":0.0,"max_hp_loss":0.0,"gold_gain":0.0,"event_name":"Accursed Blacksmith","player_choice":"Forge","floor":2.0,"gold_loss":0.0,"damage_taken":0.0,"cards_upgraded":["Iron Wave"]},{"damage_healed":0.0,"max_hp_gain":0.0,"max_hp_loss":0.0,"gold_gain":0.0,"event_name":"Addict","player_choice":"Obtained Relic","floor":20.0,"gold_loss":85.0,"damage_taken":0.0,"relics_obtained":["Potion Belt"]},{"damage_healed":0.0,"max_hp_gain":0.0,"max_hp_loss":0.0,"gold_gain":0.0,"event_name":"Tomb of Lord Red Mask","player_choice":"Ignored","floor":41.0,"gold_loss":0.0,"damage_taken":0.0},{"damage_healed":0.0,"max_hp_gain":0.0,"max_hp_loss":6.0,"gold_gain":0.0,"event_name":"Golden Idol","player_choice":"Lose Max HP","floor":54.0,"gold_loss":0.0,"damage_taken":0.0,"relics_obtained":["Golden Idol"]},{"damage_healed":0.0,"max_hp_gain":0.0,"max_hp_loss":0.0,"gold_gain":0.0,"event_name":"Scrap Ooze","player_choice":"Success","floor":55.0,"gold_loss":0.0,"damage_taken":3.0,"relics_obtained":["Vajra"]},{"damage_healed":0.0,"max_hp_gain":0.0,"max_hp_loss":0.0,"gold_gain":0.0,"event_name":"Upgrade Shrine","player_choice":"Upgraded","floor":72.0,"gold_loss":0.0,"damage_taken":0.0,"cards_upgraded":["PrismaMod:ChloeGaeBolg"]},{"damage_healed":0.0,"max_hp_gain":0.0,"max_hp_loss":0.0,"gold_gain":0.0,"event_name":"MindBloom","player_choice":"Fight","floor":88.0,"gold_loss":0.0,"damage_taken":0.0},{"damage_healed":0.0,"max_hp_gain":0.0,"max_hp_loss":0.0,"gold_gain":64.0,"event_name":"Golden Wing","player_choice":"Gained Gold","floor":104.0,"gold_loss":0.0,"damage_taken":0.0},{"damage_healed":0.0,"max_hp_gain":0.0,"max_hp_loss":0.0,"gold_gain":0.0,"event_name":"Transmorgrifier","player_choice":"Ignored","floor":105.0,"gold_loss":0.0,"damage_taken":0.0},{"damage_healed":0.0,"max_hp_gain":0.0,"max_hp_loss":0.0,"gold_gain":0.0,"event_name":"Designer","player_choice":"Upgrade","floor":126.0,"gold_loss":40.0,"damage_taken":0.0,"cards_upgraded":["PrismaMod:ChloeCarnivalDefend"]}],"is_beta":false,"boss_relics":[{"not_picked":["Astrolabe","Velvet Choker"],"picked":"SlaversCollar"},{"not_picked":["Pandora\u0027s Box","Runic Cube"],"picked":"Philosopher\u0027s Stone"},{"not_picked":["Mark of Pain","rorgmod:Empty Cage"],"picked":"Coffee Dripper"},{"not_picked":["Pandora\u0027s Box","Snecko Eye"],"picked":"Fusion Hammer"},{"not_picked":["Astrolabe","Sozu"],"picked":"Runic Cube"},{"not_picked":["Runic Dome","Black Star"],"picked":"rorgmod:Black Star"},{"not_picked":["Black Star","rorgmod:Empty Cage"],"picked":"Black Blood"}],"items_purged_floors":[21,37,58,70,79,80,90,95,107,110,116,123,131],"is_endless":true,"potions_floor_spawned":[4,10,11,16,22,25,27,29,30,35,36,40,50,52,56,57,59,61,65,69,71,76,78,81,88,91,92,96,97,109,115,120,122],"killed_by":"Book of Stabbing","ascension_level":9}}