{"host":"jlz4is0nf6zo9oab","time":1611002366,"event":{"mods":["AchievementEnabler","BaseMod","Colored Map","Colored Powertips","Highlight Path","Minty Spire (QoL Compilation)","StSLib"],"gold_per_floor":[119,119,146,160,160,160,185,204,204,214,214,214,70,133,133,229,229,246,246,246,262,275,275,307,307,375,68,80,90,107,117,117,117,117],"floor_reached":33,"language":"SPA","playtime":1164,"items_purged":[],"score":478,"play_id":"5485677a-31f0-4e86-8706-4fbbcde4fbee","local_time":"20210118213926","is_ascension_mode":true,"campfire_choices":[{"data":"Defend_R","floor":6,"key":"SMITH"},{"data":"Dropkick","floor":12,"key":"SMITH"},{"data":"Spot Weakness","floor":15,"key":"SMITH"},{"floor":23,"key":"REST"},{"floor":25,"key":"REST"},{"floor":32,"key":"REST"}],"circlet_count":0,"master_deck":["AscendersBane","Strike_R","Strike_R","Strike_R","Strike_R+1","Strike_R","Defend_R+1","Defend_R+1","Defend_R+1","Defend_R","Bash+1","Pummel+1","Dropkick+1","Spot Weakness+1","Normality","Rampage","Sword Boomerang","Inflame"],"relics":["Burning Blood","NeowsBlessing","Whetstone","War Paint","InkBottle","Ancient Tea Set","Nunchaku","Black Star","Letter Opener","Eternal Feather","Lizard Tail","Pear","Sling","Anchor"],"acts_visited":["Exordium","TheCity"],"potions_floor_usage":[10,10,18,21,22,29,33],"damage_taken":[{"damage":0,"enemies":"Small Slimes","floor":1,"turns":1},{"damage":0,"enemies":"Jaw Worm","floor":4,"turns":1},{"damage":0,"enemies":"Lagavulin","floor":7,"turns":1},{"damage":0,"enemies":"Cultist","floor":8,"turns":3},{"damage":2,"enemies":"Gremlin Gang","floor":10,"turns":3},{"damage":40,"enemies":"Gremlin Nob","floor":14,"turns":5},{"damage":32,"enemies":"Hexaghost","floor":16,"turns":9},{"damage":20,"enemies":"Shell Parasite","floor":18,"turns":5},{"damage":31,"enemies":"3 Byrds","floor":21,"turns":6},{"damage":8,"enemies":"Snecko","floor":22,"turns":6},{"damage":50,"enemies":"Book of Stabbing","floor":24,"turns":5},{"damage":16,"enemies":"Chosen and Byrds","floor":28,"turns":6},{"damage":14,"enemies":"Cultist and Chosen","floor":29,"turns":4},{"damage":22,"enemies":"Snake Plant","floor":30,"turns":4},{"damage":22,"enemies":"Centurion and Healer","floor":31,"turns":7},{"damage":104,"enemies":"Automaton","floor":33,"turns":6}],"seed_played":"-2192808525341295031","potions_obtained":[{"floor":4,"key":"Fire Potion"},{"floor":7,"key":"Explosive Potion"},{"floor":14,"key":"Ancient Potion"},{"floor":18,"key":"Weak Potion"},{"floor":21,"key":"SpeedPotion"},{"floor":24,"key":"Explosive Potion"},{"floor":31,"key":"Explosive Potion"}],"is_trial":false,"path_per_floor":["M","?","T","M","?","R","E","M","T","M","$","R","$","?","R","B",null,"M","?","?","M","M","R","E","R","T","$","M","M","M","M","R","B"],"character_chosen":"IRONCLAD","items_purchased":["Ancient Tea Set","Sling","Anchor"],"campfire_rested":3,"item_purchase_floors":[13,27,27],"current_hp_per_floor":[78,83,83,85,85,85,85,85,85,85,85,85,85,51,51,25,70,56,56,56,31,29,54,10,44,54,54,44,36,20,53,90,0,0],"gold":117,"neow_bonus":"THREE_ENEMY_KILL","is_daily":false,"chose_seed":false,"campfire_upgraded":3,"win_rate":0.0,"timestamp":1611002366,"path_taken":["M","?","?","M","?","R","E","M","T","M","$","R","$","?","R","BOSS","M","?","?","M","M","R","E","R","T","$","M","?","?","M","R","BOSS"],"items_purchased_type":["Relic","Relic","Relic"],"build_version":"2020-12-22","purchased_purges":0,"victory":false,"max_hp_per_floor":[80,85,85,85,85,85,85,85,85,85,85,85,85,85,85,85,85,85,85,85,85,85,85,85,85,95,95,95,95,95,95,95,95,95],"card_choices":[{"not_picked":["Flex","Body Slam"],"picked":"Pummel","floor":1},{"not_picked":["Flex","Body Slam","Anger"],"picked":"SKIP","floor":4},{"not_picked":["Warcry","Carnage","Blood for Blood"],"picked":"SKIP","floor":7},{"not_picked":["Thunderclap","Perfected Strike","Clothesline"],"picked":"SKIP","floor":8},{"not_picked":["Disarm","Clothesline"],"picked":"Dropkick","floor":10},{"not_picked":["Wild Strike","Flame Barrier"],"picked":"Spot Weakness","floor":14},{"not_picked":["Anger+1","Sever Soul+1","Body Slam"],"picked":"SKIP","floor":18},{"not_picked":["Body Slam","Twin Strike"],"picked":"Rampage","floor":21},{"not_picked":["Sentinel","Infernal Blade","Flame Barrier+1"],"picked":"SKIP","floor":22},{"not_picked":["Pommel Strike","Infernal Blade","Offering"],"picked":"SKIP","floor":24},{"not_picked":["Heavy Blade+1","Armaments"],"picked":"Sword Boomerang","floor":28},{"not_picked":["Rampage+1","Combust"],"picked":"Inflame","floor":29},{"not_picked":["Blood for Blood+1","Uppercut","Body Slam+1"],"picked":"SKIP","floor":30},{"not_picked":["Thunderclap","Heavy Blade+1","Ghostly Armor"],"picked":"SKIP","floor":31}],"player_experience":949137,"relics_obtained":[{"floor":3,"key":"Whetstone"},{"floor":7,"key":"War Paint"},{"floor":9,"key":"InkBottle"},{"floor":14,"key":"Nunchaku"},{"floor":24,"key":"Eternal Feather"},{"floor":24,"key":"Lizard Tail"},{"floor":26,"key":"Pear"}],"event_choices":[{"damage_healed":0,"gold_gain":0,"player_choice":"Donut","damage_taken":0,"max_hp_gain":5,"max_hp_loss":0,"event_name":"Big Fish","floor":2,"gold_loss":0},{"damage_healed":0,"gold_gain":0,"player_choice":"Grow","damage_taken":0,"max_hp_gain":0,"max_hp_loss":0,"event_name":"Living Wall","floor":5,"gold_loss":0,"cards_upgraded":["Bash"]},{"damage_healed":0,"gold_gain":30,"player_choice":"Searched \u00273\u0027 times","damage_taken":0,"max_hp_gain":0,"max_hp_loss":0,"event_name":"Dead Adventurer","floor":14,"gold_loss":0},{"damage_healed":0,"gold_gain":0,"player_choice":"Opened","damage_taken":0,"relics_obtained":["Letter Opener"],"max_hp_gain":0,"max_hp_loss":0,"event_name":"The Mausoleum","floor":19,"gold_loss":0,"cards_obtained":["Writhe"]},{"damage_healed":0,"gold_gain":0,"cards_transformed":["Writhe"],"player_choice":"Transformed","damage_taken":0,"max_hp_gain":0,"max_hp_loss":0,"event_name":"Transmorgrifier","floor":20,"gold_loss":0,"cards_obtained":["Normality"]}],"is_beta":false,"boss_relics":[{"not_picked":["Pandora\u0027s Box","Ectoplasm"],"picked":"Black Star"}],"items_purged_floors":[],"is_endless":false,"potions_floor_spawned":[4,7,14,18,21,24,31],"killed_by":"Automaton","ascension_level":11}}