{"host":"jrmqsbok61y7b34d","time":1611003867,"event":{"mods":["BaseMod","Better Skull","Challenge The Spire","Colored Map","Colored Powertips","Emptier Cage","Minty Spire (QoL Compilation)","Permanent Neow","Quick Restart","Relic Stats","StSLib","Unceasing Turn Reminder"],"gold_per_floor":[115,115,131,148,168,201,201,232,232,262,275,275,275,287,287,364,364,382,382,393,6,17,17,52,52,52,68,98,98,125,153,165,253,265,291,316,278,297,297,324,324,352,379,396,396,32,48,73,73,73,73,73,39,70,70],"floor_reached":56,"language":"ENG","playtime":6908,"items_purged":["Strike_G","Parasite","Parasite"],"score":1995,"play_id":"f7038c7e-5f9b-47af-9b76-45032763f19b","local_time":"20210118210427","is_ascension_mode":true,"campfire_choices":[{"floor":7.0,"key":"REST"},{"data":"Neutralize","floor":13.0,"key":"SMITH"},{"data":"Dash","floor":15.0,"key":"SMITH"},{"data":"Caltrops","floor":23.0,"key":"SMITH"},{"data":"Well Laid Plans","floor":25.0,"key":"SMITH"},{"data":"Catalyst","floor":29.0,"key":"SMITH"},{"data":"Blind","floor":32.0,"key":"SMITH"},{"data":"Accuracy","floor":41.0,"key":"SMITH"},{"data":"Survivor","floor":45.0,"key":"SMITH"},{"floor":49.0,"key":"RECALL"},{"data":"Adrenaline","floor":52.0,"key":"SMITH"}],"circlet_count":0,"master_deck":["AscendersBane","Strike_G","Strike_G","Strike_G","Strike_G","Defend_G","Defend_G","Defend_G","Defend_G","Defend_G","Survivor+1","Neutralize+1","Blade Dance","Bouncing Flask","Bane","Caltrops+1","Dash+1","Blade Dance","Blade Dance","Crippling Poison","Corpse Explosion","CurseOfTheBell","Leg Sweep+1","Sucker Punch","Blind+1","Well Laid Plans+1","Backflip","Backflip","Leg Sweep+1","Catalyst+1","Prepared+1","Heel Hook+1","Night Terror+1","Escape Plan","Cloak And Dagger","Accuracy+1","Cloak And Dagger","Adrenaline+1","Well Laid Plans+1","PiercingWail","Accuracy+1","PiercingWail"],"relics":["SlaversCollar","CultistMask","Paper Crane","MealTicket","Letter Opener","Calipers","Calling Bell","Ancient Tea Set","Eternal Feather","TungstenRod","Vajra","Smiling Mask","Mummified Hand","Meat on the Bone","MawBank","Sozu","Frozen Egg 2","Juzu Bracelet","Art of War","Dead Branch","Nunchaku"],"acts_visited":["Exordium","TheCity","TheBeyond","TheEnding"],"potions_floor_usage":[55],"damage_taken":[{"damage":0.0,"enemies":"Small Slimes","floor":1.0,"turns":4.0},{"damage":3.0,"enemies":"Cultist","floor":3.0,"turns":5.0},{"damage":2.0,"enemies":"Jaw Worm","floor":4.0,"turns":4.0},{"damage":3.0,"enemies":"Blue Slaver","floor":5.0,"turns":5.0},{"damage":20.0,"enemies":"Lagavulin","floor":6.0,"turns":6.0},{"damage":25.0,"enemies":"Gremlin Nob","floor":8.0,"turns":5.0},{"damage":15.0,"enemies":"3 Sentries","floor":10.0,"turns":7.0},{"damage":0.0,"enemies":"Gremlin Gang","floor":11.0,"turns":3.0},{"damage":0.0,"enemies":"Red Slaver","floor":14.0,"turns":2.0},{"damage":15.0,"enemies":"The Guardian","floor":16.0,"turns":9.0},{"damage":0.0,"enemies":"3 Byrds","floor":18.0,"turns":3.0},{"damage":10.0,"enemies":"Chosen","floor":20.0,"turns":6.0},{"damage":10.0,"enemies":"Snake Plant","floor":22.0,"turns":5.0},{"damage":22.0,"enemies":"Slavers","floor":24.0,"turns":3.0},{"damage":0.0,"enemies":"Centurion and Healer","floor":27.0,"turns":3.0},{"damage":21.0,"enemies":"Book of Stabbing","floor":28.0,"turns":5.0},{"damage":22.0,"enemies":"Slavers","floor":30.0,"turns":3.0},{"damage":3.0,"enemies":"Shelled Parasite and Fungi","floor":31.0,"turns":7.0},{"damage":22.0,"enemies":"Collector","floor":33.0,"turns":11.0},{"damage":19.0,"enemies":"3 Darklings","floor":35.0,"turns":6.0},{"damage":4.0,"enemies":"Orb Walker","floor":36.0,"turns":4.0},{"damage":0.0,"enemies":"Writhing Mass","floor":38.0,"turns":12.0},{"damage":16.0,"enemies":"Giant Head","floor":40.0,"turns":7.0},{"damage":8.0,"enemies":"Nemesis","floor":42.0,"turns":5.0},{"damage":30.0,"enemies":"Jaw Worm Horde","floor":44.0,"turns":4.0},{"damage":18.0,"enemies":"3 Darklings","floor":47.0,"turns":2.0},{"damage":0.0,"enemies":"Mind Bloom Boss Battle","floor":48.0,"turns":7.0},{"damage":10.0,"enemies":"Donu and Deca","floor":50.0,"turns":4.0},{"damage":0,"enemies":"Shield and Spear","floor":54,"turns":5},{"damage":29,"enemies":"The Heart","floor":55,"turns":6}],"seed_played":"9077334780593143453","potions_obtained":[{"floor":6.0,"key":"Fire Potion"},{"floor":10.0,"key":"AttackPotion"},{"floor":11.0,"key":"Energy Potion"},{"floor":20.0,"key":"Regen Potion"},{"floor":30.0,"key":"CunningPotion"},{"floor":31.0,"key":"Dexterity Potion"},{"floor":33.0,"key":"Fruit Juice"}],"is_trial":false,"path_per_floor":["M","?","M","M","M","E","R","E","T","E","M","?","R","M","R","B",null,"M","?","M","$","M","R","E","R","T","M","E","R","E","M","R","B",null,"M","M","$","M","?","E","R","E","T","M","R","$","M","?","R","B",null,"R","$","E","B",null],"character_chosen":"THE_SILENT","items_purchased":["Vajra","Blind","Well Laid Plans","Adrenaline","Art of War","Well Laid Plans+1","Accuracy+1"],"campfire_rested":1,"item_purchase_floors":[21,21,21,46,46,46,53],"current_hp_per_floor":[59,59,56,54,51,31,50,25,25,10,10,26,26,26,26,11,52,52,52,42,57,47,62,51,66,66,66,45,63,41,38,56,34,58,44,40,55,55,55,39,60,52,52,34,55,65,47,47,65,55,63,65,65,65,36],"gold":70,"neow_bonus":"BOSS_RELIC","is_daily":false,"chose_seed":false,"campfire_upgraded":9,"win_rate":0.0,"timestamp":1611003867,"path_taken":["M","?","M","M","M","E","R","E","T","E","?","?","R","M","R","BOSS","M","?","M","$","M","R","E","R","T","M","E","R","E","M","R","BOSS","M","M","$","?","?","E","R","E","T","M","R","$","M","?","R","BOSS","R","$","E","BOSS"],"items_purchased_type":["Relic","Card","Card","Card","Relic","Card","Card"],"build_version":"2020-12-22","purchased_purges":3,"victory":true,"max_hp_per_floor":[66,66,66,66,66,66,66,66,66,66,66,66,66,66,66,66,66,66,66,66,66,66,66,66,66,66,66,66,66,66,66,66,66,66,71,71,68,68,68,68,68,68,68,68,68,65,65,65,65,65,65,65,65,65,65],"relic_stats":{"counters":[30,158],"Dead Branch":[60],"Eternal Feather":128,"Juzu Bracelet":1,"Letter Opener":[408],"Smiling Mask":125,"MawBank":84,"Sozu":4,"Nunchaku":[1],"Mummified Hand":[46],"MealTicket":43,"Art of War":[2],"obtain_stats":[{"Calipers":10,"Dead Branch":48,"Vajra":21,"Eternal Feather":17,"Juzu Bracelet":42,"Letter Opener":9,"Paper Crane":6,"Frozen Egg 2":40,"Ancient Tea Set":17,"Smiling Mask":24,"MawBank":30,"Calling Bell":17,"Sozu":34,"SlaversCollar":0,"Nunchaku":54,"Mummified Hand":26,"MealTicket":8,"CultistMask":2,"Art of War":46,"TungstenRod":17,"Ring of the Snake":0,"Meat on the Bone":28},{"Calipers":7,"Dead Branch":27,"Vajra":12,"Eternal Feather":10,"Juzu Bracelet":24,"Letter Opener":6,"Paper Crane":5,"Frozen Egg 2":23,"Ancient Tea Set":10,"Smiling Mask":14,"MawBank":17,"Calling Bell":10,"Sozu":19,"SlaversCollar":0,"Nunchaku":29,"Mummified Hand":14,"MealTicket":6,"CultistMask":1,"Art of War":25,"TungstenRod":10,"Ring of the Snake":0,"Meat on the Bone":16},{"Calipers":36,"Dead Branch":143,"Vajra":59,"Eternal Feather":50,"Juzu Bracelet":130,"Letter Opener":29,"Paper Crane":24,"Frozen Egg 2":125,"Ancient Tea Set":50,"Smiling Mask":67,"MawBank":78,"Calling Bell":50,"Sozu":96,"SlaversCollar":0,"Nunchaku":152,"Mummified Hand":67,"MealTicket":29,"CultistMask":4,"Art of War":134,"TungstenRod":50,"Ring of the Snake":0,"Meat on the Bone":75}],"TungstenRod":81,"Meat on the Bone":12},"card_choices":[{"not_picked":["Prepared","Bane","Accuracy"],"picked":"SKIP","floor":1.0},{"not_picked":["Deadly Poison","Riddle With Holes"],"picked":"Blade Dance","floor":3.0},{"not_picked":["Underhanded Strike","Reflex"],"picked":"Bouncing Flask","floor":4.0},{"not_picked":["Dodge and Roll","Deflect"],"picked":"Bane","floor":5.0},{"not_picked":["Envenom","Acrobatics"],"picked":"Caltrops","floor":6.0},{"not_picked":["Masterful Stab","Backflip"],"picked":"Dash","floor":8.0},{"not_picked":["Tactician","Dodge and Roll"],"picked":"Blade Dance","floor":10.0},{"not_picked":["Prepared","Skewer"],"picked":"Blade Dance","floor":11.0},{"not_picked":["Acrobatics","Underhanded Strike"],"picked":"Crippling Poison","floor":14.0},{"not_picked":["Burst","Adrenaline"],"picked":"Corpse Explosion","floor":16.0},{"not_picked":["Outmaneuver","Acrobatics"],"picked":"Leg Sweep","floor":18.0},{"not_picked":["Masterful Stab","Bane"],"picked":"Sucker Punch","floor":20.0},{"not_picked":["Bane+1","Expertise"],"picked":"Backflip","floor":22.0},{"not_picked":["Prepared+1","PiercingWail"],"picked":"Backflip","floor":24.0},{"not_picked":["Well Laid Plans","Cloak And Dagger"],"picked":"Leg Sweep+1","floor":27.0},{"not_picked":["Dagger Spray","Sucker Punch"],"picked":"Catalyst","floor":28.0},{"not_picked":["Sucker Punch","Deflect"],"picked":"Prepared+1","floor":30.0},{"not_picked":["Well Laid Plans","Tactician"],"picked":"Heel Hook+1","floor":31.0},{"not_picked":["After Image","Phantasmal Killer"],"picked":"Night Terror","floor":33.0},{"not_picked":["Terror","Outmaneuver+1"],"picked":"Escape Plan","floor":35.0},{"not_picked":["Flying Knee","Caltrops"],"picked":"Cloak And Dagger","floor":36.0},{"not_picked":["Dagger Throw","Caltrops"],"picked":"Accuracy","floor":38.0},{"not_picked":["Unload","Bane","Predator+1"],"picked":"SKIP","floor":40.0},{"not_picked":["Flying Knee","Deflect","Predator"],"picked":"SKIP","floor":42.0},{"not_picked":["Dagger Throw","Slice"],"picked":"Cloak And Dagger","floor":44.0},{"not_picked":["Bane+1","Flying Knee+1"],"picked":"PiercingWail","floor":47.0},{"not_picked":["Noxious Fumes+1","Quick Slash"],"picked":"PiercingWail","floor":54}],"player_experience":1034589,"relics_obtained":[{"floor":6.0,"key":"Paper Crane"},{"floor":8.0,"key":"MealTicket"},{"floor":9.0,"key":"Letter Opener"},{"floor":10.0,"key":"Calipers"},{"floor":17.0,"key":"Ancient Tea Set"},{"floor":17.0,"key":"Eternal Feather"},{"floor":17.0,"key":"TungstenRod"},{"floor":24.0,"key":"Smiling Mask"},{"floor":26.0,"key":"Mummified Hand"},{"floor":28.0,"key":"Meat on the Bone"},{"floor":30.0,"key":"MawBank"},{"floor":40.0,"key":"Frozen Egg 2"},{"floor":42.0,"key":"Juzu Bracelet"},{"floor":48.0,"key":"Dead Branch"},{"floor":54,"key":"Nunchaku"}],"event_choices":[{"damage_healed":0.0,"max_hp_gain":0.0,"max_hp_loss":0.0,"gold_gain":0.0,"event_name":"FaceTrader","player_choice":"Trade","floor":2.0,"gold_loss":0.0,"damage_taken":0.0,"relics_obtained":["CultistMask"]},{"damage_healed":16.0,"max_hp_gain":0.0,"max_hp_loss":0.0,"gold_gain":0.0,"event_name":"Mushrooms","player_choice":"Healed and dodged fight","floor":12.0,"gold_loss":0.0,"damage_taken":0.0,"cards_obtained":["Parasite"]},{"damage_healed":0.0,"max_hp_gain":0.0,"max_hp_loss":0.0,"gold_gain":0.0,"event_name":"Upgrade Shrine","player_choice":"Upgraded","floor":19.0,"gold_loss":0.0,"damage_taken":0.0,"cards_upgraded":["Leg Sweep"]},{"damage_healed":0.0,"max_hp_gain":0.0,"max_hp_loss":0.0,"gold_gain":0.0,"event_name":"Upgrade Shrine","player_choice":"Upgraded","floor":39.0,"gold_loss":0.0,"damage_taken":0.0,"cards_upgraded":["Night Terror"]},{"damage_healed":0.0,"max_hp_gain":0.0,"max_hp_loss":0.0,"gold_gain":0.0,"event_name":"MindBloom","player_choice":"Fight","floor":48.0,"gold_loss":0.0,"damage_taken":0.0}],"is_beta":false,"boss_relics":[{"not_picked":["Pandora\u0027s Box","Coffee Dripper"],"picked":"Calling Bell"},{"not_picked":["Runic Dome","Snecko Eye"],"picked":"Sozu"}],"items_purged_floors":[21,37,46],"is_endless":false,"potions_floor_spawned":[6,10,11,14,16,20,22,30,31,33,35,42,44,47],"ascension_level":14}}