{"host":"5rl1c615t3bclp2g","time":1611007864,"event":{"mods":["BaseMod","Lobotomy","LobotomyExtend","Minty Spire (QoL Compilation)","Relic Stats","Replay The Spire","StSLib","¡¾ÒÅÎï¿¨ÅÆ¡¿REMEMod"],"gold_per_floor":[117,137,153,0,0,0,0],"floor_reached":6,"language":"ZHS","playtime":507,"items_purged":[],"score":36,"play_id":"14122611-0850-4aeb-b441-ec0a53ea5e5a","local_time":"20210119061104","is_ascension_mode":false,"campfire_choices":[],"circlet_count":0,"master_deck":["Strike_R","Strike_R","Strike_R","Strike_R","Defend_R","Defend_R","Defend_R","Defend_R","Bash","Venomology","FairyFestival","MeatLantern","Infernal Blade","Mercenary"],"relics":["Burning Blood","REME_ComplimentaryCards","CogitoBucket","LetterFromLob","Chemical X"],"acts_visited":["Exordium"],"potions_floor_usage":[1,2,3,6],"damage_taken":[{"damage":1,"enemies":"Jaw Worm","floor":1,"turns":3},{"damage":11,"enemies":"2 Louse","floor":2,"turns":3},{"damage":46,"enemies":"Cultist","floor":3,"turns":3},{"damage":51,"enemies":"Gremlin Nob","floor":6,"turns":4}],"seed_played":"-3825720561626903676","potions_obtained":[{"floor":2,"key":"DistilledChaos"}],"is_trial":false,"path_per_floor":["M","M","M","$","?","E"],"character_chosen":"IRONCLAD","items_purchased":["Chemical X"],"campfire_rested":0,"item_purchase_floors":[4],"current_hp_per_floor":[80,77,38,38,38,0,0],"gold":0,"neow_bonus":"","is_daily":false,"chose_seed":false,"campfire_upgraded":0,"win_rate":0.0,"timestamp":1611007864,"path_taken":["M","M","M","$","?","E"],"items_purchased_type":["Relic"],"build_version":"2020-12-22","purchased_purges":0,"victory":false,"max_hp_per_floor":[80,80,80,80,80,80,80],"relic_stats":{"counters":[4,13],"Chemical X":[1],"obtain_stats":[{"CogitoBucket":0,"LetterFromLob":1,"Chemical X":4,"Burning Blood":0,"REME_ComplimentaryCards":0},{"CogitoBucket":0,"LetterFromLob":1,"Chemical X":3,"Burning Blood":0,"REME_ComplimentaryCards":0},{"CogitoBucket":0,"LetterFromLob":3,"Chemical X":9,"Burning Blood":0,"REME_ComplimentaryCards":0}],"Burning Blood":13},"card_choices":[{"not_picked":["Bloodbath","VoidDream"],"picked":"FairyFestival","floor":1},{"not_picked":["Pommel Strike","REME_Cut","Anger"],"picked":"SKIP","floor":1},{"not_picked":["Wellcheers","LittlePrince"],"picked":"MeatLantern","floor":2},{"not_picked":["ReplayTheSpireMod:LeadingStrike","Iron Wave"],"picked":"Infernal Blade","floor":2},{"not_picked":["Porccubus","BeautyBeast","OldLady"],"picked":"Singing Bowl","floor":3},{"not_picked":["BeautyBeast","LittlePrince"],"picked":"Mercenary","floor":3},{"not_picked":["Shrug It Off","Power Through","Rage"],"picked":"SKIP","floor":3}],"player_experience":23184,"relics_obtained":[{"floor":1,"key":"LetterFromLob"}],"event_choices":[],"is_beta":false,"boss_relics":[],"items_purged_floors":[],"is_endless":false,"potions_floor_spawned":[2],"killed_by":"Gremlin Nob","ascension_level":0}}