{"host":"jlz4is0nf6zo9oab","time":1611001190,"event":{"mods":["AchievementEnabler","BaseMod","Colored Map","Colored Powertips","Highlight Path","Minty Spire (QoL Compilation)","StSLib"],"gold_per_floor":[119,194,37,52,52,52,82,82,82,100,100,100,100,112,112,207,207,220,235,8,8,27,27,50,50,50,250,280,280,293,293,293,293,293],"floor_reached":33,"language":"SPA","playtime":890,"items_purged":[],"score":443,"play_id":"456b4799-6d04-4426-82fe-7569cdd61c09","local_time":"20210118211950","is_ascension_mode":true,"campfire_choices":[{"floor":8,"key":"REST"},{"data":"Streamline","floor":12,"key":"SMITH"},{"floor":15,"key":"REST"},{"floor":23,"key":"REST"},{"floor":25,"key":"REST"},{"floor":29,"key":"REST"},{"floor":32,"key":"REST"}],"circlet_count":0,"master_deck":["AscendersBane","Strike_B","Strike_B","Strike_B","Strike_B","Defend_B","Defend_B","Defend_B","Defend_B","Zap","Dualcast+1","Good Instincts","Ball Lightning","Streamline+1","Chill+1","Lockon","White Noise+1","Loop","Streamline+1","Skim+1","Consume+1","Leap+1","Fusion+1","Barrage+1"],"relics":["Cracked Core","Juzu Bracelet","Toxic Egg 2","Pear","Bag of Preparation","Dream Catcher","Black Star","ClockworkSouvenir","Vajra","Question Card","Darkstone Periapt","Potion Belt"],"acts_visited":["Exordium","TheCity"],"potions_floor_usage":[7],"damage_taken":[{"damage":7,"enemies":"Small Slimes","floor":1,"turns":3},{"damage":6,"enemies":"Jaw Worm","floor":4,"turns":3},{"damage":24,"enemies":"Gremlin Nob","floor":7,"turns":4},{"damage":0,"enemies":"Cultist","floor":10,"turns":3},{"damage":6,"enemies":"Red Slaver","floor":14,"turns":2},{"damage":49,"enemies":"Hexaghost","floor":16,"turns":9},{"damage":10,"enemies":"3 Byrds","floor":18,"turns":6},{"damage":28,"enemies":"Shell Parasite","floor":19,"turns":6},{"damage":22,"enemies":"Centurion and Healer","floor":22,"turns":8},{"damage":69,"enemies":"Book of Stabbing","floor":28,"turns":6},{"damage":23,"enemies":"Shelled Parasite and Fungi","floor":30,"turns":7},{"damage":83,"enemies":"Automaton","floor":33,"turns":6}],"seed_played":"-8968499227182067426","potions_obtained":[{"floor":1,"key":"SteroidPotion"},{"floor":4,"key":"Strength Potion"},{"floor":22,"key":"FairyPotion"}],"is_trial":false,"path_per_floor":["M","?","$","M","?","$","E","R","T","M","?","R","?","M","R","B",null,"M","M","$","?","M","R","T","R","T","?","E","R","M","?","R","B"],"character_chosen":"DEFECT","items_purchased":["Juzu Bracelet","ClockworkSouvenir","Loop"],"campfire_rested":6,"item_purchase_floors":[3,20,20],"current_hp_per_floor":[61,50,50,44,41,41,27,52,52,52,52,52,52,46,71,22,69,59,31,31,31,9,34,34,59,59,59,18,43,20,4,31,0,0],"gold":293,"neow_bonus":"RANDOM_COLORLESS","is_daily":false,"chose_seed":false,"campfire_upgraded":1,"win_rate":0.0,"timestamp":1611001190,"path_taken":["M","?","$","M","?","?","E","R","T","M","?","R","?","M","R","BOSS","M","M","$","?","M","R","?","R","T","?","E","R","M","?","R","BOSS"],"items_purchased_type":["Relic","Relic","Card"],"build_version":"2020-12-22","purchased_purges":0,"victory":false,"max_hp_per_floor":[75,75,75,75,75,75,85,85,85,85,85,85,85,85,85,85,85,85,85,85,85,85,85,85,85,85,85,85,85,85,90,90,90,90],"card_choices":[{"not_picked":["Finesse","Enlightenment"],"picked":"Good Instincts","floor":0},{"not_picked":["Leap","Cold Snap"],"picked":"Ball Lightning","floor":1},{"not_picked":["Coolheaded","Auto Shields"],"picked":"Streamline","floor":4},{"not_picked":["Turbo+1","Reboot+1"],"picked":"Chill+1","floor":7},{"not_picked":["Stack+1","Steam+1","Beam Cell"],"picked":"SKIP","floor":10},{"not_picked":["Beam Cell","Steam+1","Compile Driver"],"picked":"SKIP","floor":14},{"not_picked":["Rebound","Hello World"],"picked":"Lockon","floor":15},{"not_picked":["Reprogram+1","Sunder"],"picked":"White Noise+1","floor":18},{"not_picked":["Hologram+1","Coolheaded+1","Rebound+1"],"picked":"SKIP","floor":19},{"not_picked":["Hello World","Steam+1","Skim+1"],"picked":"SKIP","floor":22},{"not_picked":["Cold Snap","Coolheaded+1"],"picked":"Skim+1","floor":23},{"not_picked":["Compile Driver","Beam Cell","Coolheaded+1"],"picked":"Consume+1","floor":28},{"not_picked":["Machine Learning","Recycle+1","Stack+1"],"picked":"Leap+1","floor":29},{"not_picked":["Reinforced Body+1","Streamline","White Noise+1"],"picked":"Fusion+1","floor":30},{"not_picked":["Coolheaded+1","Steam+1","Scrape"],"picked":"Barrage+1","floor":32}],"player_experience":948247,"relics_obtained":[{"floor":7,"key":"Pear"},{"floor":9,"key":"Bag of Preparation"},{"floor":24,"key":"Vajra"},{"floor":26,"key":"Question Card"},{"floor":28,"key":"Darkstone Periapt"},{"floor":28,"key":"Potion Belt"}],"event_choices":[{"damage_healed":0,"gold_gain":75,"player_choice":"Gather Gold","damage_taken":11,"max_hp_gain":0,"max_hp_loss":0,"event_name":"World of Goop","floor":2,"gold_loss":0},{"damage_healed":0,"gold_gain":0,"player_choice":"Success","damage_taken":3,"relics_obtained":["Toxic Egg 2"],"max_hp_gain":0,"max_hp_loss":0,"event_name":"Scrap Ooze","floor":5,"gold_loss":0},{"damage_healed":0,"gold_gain":0,"player_choice":"Grow","damage_taken":0,"max_hp_gain":0,"max_hp_loss":0,"event_name":"Living Wall","floor":11,"gold_loss":0,"cards_upgraded":["Dualcast"]},{"damage_healed":0,"gold_gain":0,"player_choice":"Gave Potion","damage_taken":0,"relics_obtained":["Dream Catcher"],"max_hp_gain":0,"max_hp_loss":0,"event_name":"WeMeetAgain","floor":13,"gold_loss":0},{"damage_healed":0,"gold_gain":0,"player_choice":"Copied","damage_taken":0,"max_hp_gain":0,"max_hp_loss":0,"event_name":"Duplicator","floor":21,"gold_loss":0,"cards_obtained":["Streamline"]},{"damage_healed":0,"gold_gain":250,"player_choice":"Bet on Owner","damage_taken":0,"max_hp_gain":0,"max_hp_loss":0,"event_name":"The Joust","floor":27,"gold_loss":50},{"damage_healed":0,"gold_gain":0,"player_choice":"Shed Blood","damage_taken":21,"max_hp_gain":5,"max_hp_loss":0,"event_name":"Forgotten Altar","floor":31,"gold_loss":0}],"is_beta":false,"boss_relics":[{"not_picked":["Coffee Dripper","Cursed Key"],"picked":"Black Star"}],"items_purged_floors":[],"is_endless":false,"potions_floor_spawned":[1,4,22],"killed_by":"Automaton","ascension_level":12}}