{"host":"J","time":1611001170,"event":{"mods":["AchievementEnabler","BaseMod","Block Reminder","Highlight Path","Minty Spire (QoL Compilation)","Permanent Neow","Quick Restart","Relic Stats","UnlockEverythingMod"],"gold_per_floor":[369,382,399,417,417,450,450,450,450],"floor_reached":8,"language":"ENG","playtime":695,"items_purged":[],"score":102,"play_id":"e8f97493-7197-4379-9298-a66b6acd724d","local_time":"20210118211930","is_ascension_mode":true,"campfire_choices":[{"data":"Bash","floor":7,"key":"SMITH"}],"circlet_count":0,"master_deck":["AscendersBane","Strike_R","Strike_R","Strike_R","Strike_R","Strike_R","Defend_R","Defend_R","Defend_R","Defend_R","Bash+1","Spot Weakness","Sword Boomerang+1","Twin Strike","Impervious"],"relics":["Burning Blood","Bronze Scales"],"acts_visited":["Exordium"],"potions_floor_usage":[6],"damage_taken":[{"damage":1,"enemies":"Cultist","floor":1,"turns":4},{"damage":15,"enemies":"Small Slimes","floor":2,"turns":4},{"damage":2,"enemies":"Jaw Worm","floor":3,"turns":3},{"damage":18,"enemies":"Exordium Thugs","floor":4,"turns":6},{"damage":22,"enemies":"Gremlin Nob","floor":6,"turns":4},{"damage":51,"enemies":"Lagavulin","floor":8,"turns":6}],"seed_played":"-7519692797447786103","potions_obtained":[{"floor":2,"key":"Fruit Juice"},{"floor":4,"key":"Block Potion"}],"is_trial":false,"path_per_floor":["M","M","M","M","?","E","R","E"],"character_chosen":"IRONCLAD","items_purchased":[],"campfire_rested":0,"item_purchase_floors":[],"current_hp_per_floor":[68,59,63,51,51,35,35,0,0],"gold":450,"neow_bonus":"TWO_FIFTY_GOLD","is_daily":false,"chose_seed":false,"campfire_upgraded":1,"win_rate":0.0,"timestamp":1611001170,"path_taken":["M","M","M","M","?","E","R","E"],"items_purchased_type":[],"build_version":"2020-12-18","purchased_purges":0,"victory":false,"max_hp_per_floor":[68,68,68,68,68,68,68,68,68],"relic_stats":{"counters":[6,27],"Bronze Scales":[9],"obtain_stats":[{"Bronze Scales":6,"Burning Blood":0},{"Bronze Scales":5,"Burning Blood":0},{"Bronze Scales":21,"Burning Blood":0}],"Burning Blood":25},"card_choices":[{"not_picked":["Flex","Perfected Strike","Body Slam"],"picked":"SKIP","floor":1},{"not_picked":["Cleave","Power Through"],"picked":"Spot Weakness","floor":2},{"not_picked":["Spot Weakness","Metallicize"],"picked":"Sword Boomerang","floor":3},{"not_picked":["Clothesline","Bludgeon"],"picked":"Twin Strike","floor":4},{"not_picked":["Flex","Twin Strike"],"picked":"Impervious","floor":6}],"player_experience":159674,"relics_obtained":[{"floor":6,"key":"Bronze Scales"}],"event_choices":[{"damage_healed":0,"gold_gain":0,"player_choice":"Upgraded","damage_taken":0,"max_hp_gain":0,"max_hp_loss":0,"event_name":"Upgrade Shrine","floor":5,"gold_loss":0,"cards_upgraded":["Sword Boomerang"]}],"is_beta":true,"boss_relics":[],"items_purged_floors":[],"is_endless":false,"potions_floor_spawned":[2,4],"killed_by":"Lagavulin","ascension_level":15}}