{"host":"och2iitg9ibgz06n","time":1611000777,"event":{"mods":["Abigail Mod","AchievementEnabler","Aspiration","BaseMod","Colored Powertips","Dio Mod","FruityMod","Hubris","Hyrulean Relics","Infinite Spire","Minty Spire (QoL Compilation)","Replay The Spire","Small Relic Pack","StSLib","The Animator","The Bug Knight","The Hierophant","The Jungle","The Saiyan","TheHero","Wandering Minibosses","everything is the same but u backflip on backflip","slay the spire mod where everything is the same but ironclad has a cowboy hat","vexMod"],"gold_per_floor":[114,124,143,75,125,125,157,157,233,278,297,350,350,381,381,513,513,551,580,580,622,622,685,685,742,769,769,544,544,599,637,637,770,770,818,856,906,816,876,888,939,1015,1063,733,796,836,905,805,805,835],"floor_reached":51,"language":"ENG","playtime":2482,"items_purged":[],"score":795,"play_id":"69795281-a45a-47e8-9b38-281a47825d14","local_time":"20210118141257","is_ascension_mode":true,"campfire_choices":[{"data":"animeID:Ojiro","floor":6,"key":"SMITH"},{"data":"animeID:Deku","floor":8,"key":"SMITH"},{"floor":13,"key":"REST"},{"floor":24,"key":"REST"},{"floor":27,"key":"REST"},{"data":"animeID:Kirishima","floor":32,"key":"SMITH"},{"data":"animeID:PlusUltra","floor":40,"key":"SMITH"},{"floor":49,"key":"REST"}],"circlet_count":0,"master_deck":["animeID:Deku+1","animeID:Bakugo","animeID:Smash","animeID:Smash","animeID:Smash","animeID:Smash","animeID:DefendMH","animeID:DefendMH","animeID:DefendMH","animeID:Ojiro+1","animeID:Mina","animeID:MtLady","animeID:DetroitDelaware","animeID:DelawareSmash","animeID:Kirishima+1","animeID:DetroitSmash","animeID:DelawareSmash","animeID:Tamaki","animeID:AllMight","animeID:DelawareSmash","animeID:Rappa","animeID:DetroitSmash+1","animeID:Tomura","animeID:FatGum+1","animeID:NightEye","animeID:RedRiot","animeID:Cementoss","animeID:AllForOne+1","animeID:EraserHead+1","animeID:Hatsume+1","animeID:PlusUltra+1","animeID:TodorokiShoto+1","animeID:Hawks","animator:Curse_Nutcracker","animeID:ToruHagakure","animeID:ShootStyle","Regret","animeID:DetroitSmash+1"],"relics":["animeID:HeroCostume","hubris:OldNail","Replay:Bandana","Kunai","CeramicFish","Philosopher\u0027s Stone","Omamori","Gremlin Food","Bronze Scales","Lee\u0027s Waffle","Meat on the Bone","aspiration:FutureDiary","Ring of Misfortune","Ring of Greed","infinitespire:Midas Blood","MawBank","HornCleat","hubris:ToyBattleship","Regal Pillow","PreservedInsect","hubris:TenFootPole","Nunchaku","Pen Nib"],"acts_visited":["Exordium","TheCity","TheBeyond"],"potions_floor_usage":[12,30,33,42,50],"damage_taken":[{"damage":1,"enemies":"Cultist","floor":1,"turns":4},{"damage":1,"enemies":"Jaw Worm","floor":2,"turns":3},{"damage":0,"enemies":"Small Slimes","floor":3,"turns":1},{"damage":8,"enemies":"3 Sentries","floor":7,"turns":3},{"damage":44,"enemies":"Gremlin Nob","floor":10,"turns":4},{"damage":5,"enemies":"Looter","floor":11,"turns":2},{"damage":19,"enemies":"Lagavulin","floor":12,"turns":5},{"damage":0,"enemies":"3 Louse","floor":14,"turns":1},{"damage":8,"enemies":"Slime Boss","floor":16,"turns":7},{"damage":17,"enemies":"2 Thieves","floor":18,"turns":2},{"damage":5,"enemies":"Spheric Guardian","floor":19,"turns":2},{"damage":24,"enemies":"Snake Plant","floor":21,"turns":4},{"damage":41,"enemies":"Gremlin Leader","floor":23,"turns":7},{"damage":56,"enemies":"Book of Stabbing","floor":25,"turns":5},{"damage":56,"enemies":"Gremlin Leader","floor":30,"turns":7},{"damage":10,"enemies":"3 Cultists","floor":31,"turns":5},{"damage":60,"enemies":"Automaton","floor":33,"turns":16},{"damage":25,"enemies":"3 Shapes","floor":35,"turns":5},{"damage":8,"enemies":"Orb Walker","floor":36,"turns":4},{"damage":8,"enemies":"3 Darklings","floor":39,"turns":4},{"damage":53,"enemies":"Spire Growth","floor":41,"turns":4},{"damage":17,"enemies":"Reptomancer","floor":42,"turns":5},{"damage":20,"enemies":"Giant Head","floor":45,"turns":8},{"damage":31,"enemies":"HollowMod:SlobberingHusk","floor":46,"turns":7},{"damage":3,"enemies":"HollowMod:StalkingDevout","floor":47,"turns":5},{"damage":46,"enemies":"LordOfAnnihilation","floor":50,"turns":14}],"seed_played":"5989454623195335448","potions_obtained":[{"floor":3,"key":"SteroidPotion"},{"floor":7,"key":"Energy Potion"},{"floor":10,"key":"SkillPotion"},{"floor":14,"key":"Elixir"},{"floor":16,"key":"Venom Potion"},{"floor":25,"key":"CultistPotion"},{"floor":31,"key":"infinitespire:BlackPotion"},{"floor":35,"key":"FearPotion"},{"floor":46,"key":"SpeedPotion"},{"floor":47,"key":"AttackPotion"}],"is_trial":false,"path_per_floor":["M","M","M","$","T","R","E","R","T","E","M","E","R","M","R","B",null,"M","M","?","M","?","E","R","E","T","R","$","?","E","M","R","B",null,"M","M","?","?","M","R","M","E","T","$","E","M","E","NS","R","B",null],"character_chosen":"THE_HERO","items_purchased":["animeID:DetroitDelaware","Lee\u0027s Waffle","animeID:NightEye","PreservedInsect","animeID:ToruHagakure","hubris:TenFootPole"],"campfire_rested":4,"item_purchase_floors":[4,28,28,44,44,44],"current_hp_per_floor":[82,81,82,82,82,82,76,76,76,34,29,20,44,44,52,48,82,65,62,62,42,69,34,58,6,6,30,89,72,52,55,55,49,94,81,77,77,77,85,85,55,56,56,56,58,48,51,51,94,94],"gold":835,"neow_bonus":"TEN_PERCENT_HP_BONUS","is_daily":false,"chose_seed":false,"campfire_upgraded":4,"win_rate":0.0,"timestamp":1611000777,"path_taken":["M","?","M","?","?","R","E","R","T","E","M","E","R","M","R","BOSS","M","M","?","M","?","E","R","E","T","R","$","?","E","M","R","BOSS","M","M","?","?","M","R","M","E","T","$","E","?","E","NS","R","BOSS"],"items_purchased_type":["Card","Relic","Card","Relic","Card","Relic"],"build_version":"2020-12-22","purchased_purges":0,"victory":true,"max_hp_per_floor":[82,82,82,82,82,82,82,82,82,82,82,82,82,82,82,82,82,82,82,82,82,82,82,82,82,82,82,89,94,94,94,94,94,94,94,94,94,94,94,94,94,94,94,94,94,94,94,94,94,94],"card_choices":[{"not_picked":["animeID:Mineta","animeID:Tomura"],"picked":"animeID:Ojiro","floor":1},{"not_picked":["animeID:Kirishima","animeID:Kendo"],"picked":"animeID:Mina","floor":2},{"not_picked":["animeID:Kirishima","animeID:HighFive"],"picked":"animeID:MtLady","floor":3},{"not_picked":["animeID:Twice","animeID:Tsuyu"],"picked":"animeID:DelawareSmash","floor":7},{"not_picked":["animeID:Crystallize","animeID:Iida"],"picked":"animeID:Kirishima","floor":10},{"not_picked":["animeID:ToruHagakure","animeID:Tsuyu"],"picked":"animeID:DetroitSmash","floor":11},{"not_picked":["animeID:ToruHagakure","animeID:Tsuyu"],"picked":"animeID:DelawareSmash","floor":12},{"not_picked":["animeID:ProminenceBurn","animeID:Kaminari"],"picked":"animeID:Tamaki","floor":14},{"not_picked":["animeID:MirioTogata","animeID:USA_Smash"],"picked":"animeID:AllMight","floor":16},{"not_picked":["animeID:Mineta","animeID:Mina"],"picked":"animeID:DelawareSmash","floor":18},{"not_picked":["animeID:Tsuyu+1","animeID:Nomu"],"picked":"animeID:Rappa","floor":19},{"not_picked":["animeID:Kaminari","animeID:Bakugo"],"picked":"animeID:DetroitSmash+1","floor":21},{"not_picked":["animeID:Kaminari","animeID:Stain"],"picked":"animeID:Tomura","floor":23},{"not_picked":["animeID:Kirishima","animeID:Deku"],"picked":"animeID:FatGum+1","floor":25},{"not_picked":["animeID:FatGum","animeID:Momo"],"picked":"animeID:RedRiot","floor":30},{"not_picked":["animeID:Mina+1","animeID:Aoyama"],"picked":"animeID:Cementoss","floor":31},{"not_picked":["animeID:ProminenceBurn","animeID:Chisaki"],"picked":"animeID:AllForOne","floor":33},{"not_picked":["animeID:Mezo","animeID:DetroitSmash+1"],"picked":"animeID:EraserHead+1","floor":35},{"not_picked":["animeID:ShootStyle","animeID:DelawareSmash+1"],"picked":"animeID:Hatsume+1","floor":36},{"not_picked":["animeID:TetsuTetsu+1","animeID:Uraraka"],"picked":"animeID:PlusUltra","floor":39},{"not_picked":["animeID:Bakugo+1","animeID:Kaminari+1"],"picked":"animeID:TodorokiShoto+1","floor":41},{"not_picked":["animeID:Stain+1","animeID:Kurono"],"picked":"animeID:Hawks","floor":42},{"not_picked":["animeID:TodorokiShoto","animeID:GranTorino"],"picked":"animeID:Bakugo+1","floor":45},{"not_picked":["animeID:Mezo","animeID:Rappa"],"picked":"animeID:ShootStyle","floor":46},{"not_picked":["animeID:Hawks","animeID:Kaminari"],"picked":"animeID:DetroitSmash+1","floor":47}],"player_experience":399928,"relics_obtained":[{"floor":5,"key":"hubris:OldNail"},{"floor":7,"key":"Replay:Bandana"},{"floor":10,"key":"Kunai"},{"floor":12,"key":"CeramicFish"},{"floor":23,"key":"Omamori"},{"floor":25,"key":"Gremlin Food"},{"floor":26,"key":"Bronze Scales"},{"floor":30,"key":"Meat on the Bone"},{"floor":37,"key":"Ring of Misfortune"},{"floor":37,"key":"Ring of Greed"},{"floor":37,"key":"infinitespire:Midas Blood"},{"floor":37,"key":"MawBank"},{"floor":42,"key":"hubris:ToyBattleship"},{"floor":43,"key":"Regal Pillow"},{"floor":45,"key":"Nunchaku"},{"floor":47,"key":"Pen Nib"}],"event_choices":[{"damage_healed":27,"gold_gain":0,"player_choice":"Heal","damage_taken":0,"max_hp_gain":0,"max_hp_loss":0,"event_name":"The Library","floor":22,"gold_loss":0},{"damage_healed":0,"gold_gain":0,"player_choice":"Shed Blood","damage_taken":22,"max_hp_gain":5,"max_hp_loss":0,"event_name":"Forgotten Altar","floor":29,"gold_loss":0},{"damage_healed":0,"gold_gain":0,"player_choice":"Paid Gold","damage_taken":0,"relics_obtained":["HornCleat"],"max_hp_gain":0,"max_hp_loss":0,"event_name":"WeMeetAgain","floor":38,"gold_loss":102}],"is_beta":false,"boss_relics":[{"not_picked":["Kintsugi","Astrolabe"],"picked":"Philosopher\u0027s Stone"},{"not_picked":["Painkiller Herb","Busted Crown"],"picked":"aspiration:FutureDiary"}],"items_purged_floors":[],"is_endless":false,"potions_floor_spawned":[3,7,10,14,16,18,23,25,31,35,36,46,47],"ascension_level":1}}