{"host":"3a1ypf1irl30q4k8","time":1611004383,"event":{"mods":["AchievementEnabler","BaseMod","Bestiary","Colored Map","Minty Spire (QoL Compilation)","Relic Stats"],"gold_per_floor":[115,135,210,210,227,227,243,274,298,311,311,311,331,331,331,426,426,436,453,413,433,450,450,478,494,494,512,611,611,611],"floor_reached":29,"language":"ENG","playtime":1273,"items_purged":[],"score":315,"play_id":"e4fe3389-4c8e-4580-9c05-fce86829c453","local_time":"20210118211303","is_ascension_mode":true,"campfire_choices":[{"data":"Poisoned Stab","floor":6.0,"key":"SMITH"},{"data":"Dagger Throw","floor":12.0,"key":"SMITH"},{"data":"Noxious Fumes","floor":15.0,"key":"SMITH"},{"floor":23,"key":"REST"}],"circlet_count":0,"master_deck":["Strike_G+1","Strike_G","Strike_G","Strike_G","Defend_G","Defend_G","Defend_G","Defend_G","Defend_G","Survivor","Neutralize+1","Backflip","Dagger Throw+1","Poisoned Stab+1","Outmaneuver","Backstab+1","Dagger Spray+1","Noxious Fumes+1","Corpse Explosion","Deadly Poison+1","Catalyst+1","Die Die Die+1","Flying Knee+1","Flying Knee+1","Footwork+1"],"relics":["Ring of the Snake","Whetstone","PreservedInsect","Black Star","Nunchaku","Molten Egg 2","Prayer Wheel"],"acts_visited":["Exordium","TheCity"],"potions_floor_usage":[25,25,29],"damage_taken":[{"damage":0.0,"enemies":"Small Slimes","floor":1.0,"turns":3.0},{"damage":0.0,"enemies":"Jaw Worm","floor":2.0,"turns":6.0},{"damage":0.0,"enemies":"2 Louse","floor":5.0,"turns":4.0},{"damage":2.0,"enemies":"Red Slaver","floor":7.0,"turns":3.0},{"damage":10.0,"enemies":"3 Sentries","floor":8.0,"turns":12.0},{"damage":0.0,"enemies":"Exordium Thugs","floor":10.0,"turns":3.0},{"damage":0.0,"enemies":"Looter","floor":13.0,"turns":2.0},{"damage":4.0,"enemies":"Slime Boss","floor":16.0,"turns":9.0},{"damage":6.0,"enemies":"2 Thieves","floor":18.0,"turns":4.0},{"damage":0.0,"enemies":"3 Byrds","floor":19.0,"turns":3.0},{"damage":12,"enemies":"Snake Plant","floor":21,"turns":4},{"damage":49,"enemies":"Shelled Parasite and Fungi","floor":22,"turns":7},{"damage":0,"enemies":"Gremlin Leader","floor":24,"turns":4},{"damage":14,"enemies":"Snecko","floor":25,"turns":4},{"damage":24,"enemies":"Sentry and Sphere","floor":27,"turns":5},{"damage":15,"enemies":"Slavers","floor":29,"turns":2}],"seed_played":"-4678903575722006082","potions_obtained":[{"floor":1.0,"key":"Fire Potion"},{"floor":7.0,"key":"Block Potion"},{"floor":8.0,"key":"Weak Potion"},{"floor":20,"key":"FairyPotion"},{"floor":20,"key":"SteroidPotion"},{"floor":20,"key":"EssenceOfSteel"},{"floor":22,"key":"Block Potion"},{"floor":25,"key":"Strength Potion"}],"is_trial":false,"path_per_floor":["M","M","?","?","M","R","M","E","T","M","?","R","M","?","R","B",null,"M","M","?","M","M","R","E","M","T","M","?","E"],"character_chosen":"THE_SILENT","items_purchased":[],"campfire_rested":1,"item_purchase_floors":[],"current_hp_per_floor":[70,70,59,52,52,52,50,40,40,40,40,40,40,40,40,36,70,64,64,64,52,3,24,24,10,10,13,13,0,0],"gold":611,"neow_bonus":"UPGRADE_CARD","is_daily":false,"chose_seed":false,"campfire_upgraded":3,"win_rate":0.0,"timestamp":1611004383,"path_taken":["M","M","?","?","?","R","M","E","T","M","?","R","M","?","R","BOSS","M","M","?","M","?","R","E","M","T","M","?","E"],"items_purchased_type":[],"build_version":"2020-12-22","purchased_purges":0,"victory":false,"max_hp_per_floor":[70,70,70,70,70,70,70,70,70,70,70,70,70,70,70,70,70,70,70,70,70,70,70,70,70,70,70,70,70,70],"relic_stats":{"Nunchaku":[2],"counters":[16,75],"Prayer Wheel":1,"PreservedInsect":88,"Black Star":1,"Whetstone":["Backstab","Strike_G"],"obtain_stats":[{"Nunchaku":24,"Molten Egg 2":24,"Prayer Wheel":26,"PreservedInsect":9,"Black Star":17,"Whetstone":8,"Ring of the Snake":0},{"Nunchaku":13,"Molten Egg 2":13,"Prayer Wheel":14,"PreservedInsect":5,"Black Star":8,"Whetstone":5,"Ring of the Snake":0},{"Nunchaku":64,"Molten Egg 2":64,"Prayer Wheel":68,"PreservedInsect":28,"Black Star":42,"Whetstone":28,"Ring of the Snake":0}],"Ring of the Snake":[32]},"card_choices":[{"not_picked":["Dodge and Roll","Cloak And Dagger"],"picked":"Backflip","floor":1.0},{"not_picked":["Skewer","Riddle With Holes"],"picked":"Dagger Throw","floor":2.0},{"not_picked":["PiercingWail","Outmaneuver"],"picked":"Poisoned Stab","floor":5.0},{"not_picked":["Setup","Accuracy"],"picked":"Outmaneuver","floor":7.0},{"not_picked":["Flechettes","Sucker Punch"],"picked":"Backstab","floor":8.0},{"not_picked":["Outmaneuver","Poisoned Stab"],"picked":"Dagger Spray","floor":10.0},{"not_picked":["Backflip","Dodge and Roll"],"picked":"Noxious Fumes","floor":13.0},{"not_picked":["Venomology","Bullet Time"],"picked":"Corpse Explosion","floor":16.0},{"not_picked":["Calculated Gamble+1","Acrobatics"],"picked":"Deadly Poison+1","floor":18.0},{"not_picked":["Concentrate","Heel Hook","Slice"],"picked":"SKIP","floor":19},{"not_picked":["Concentrate","Heel Hook","Slice"],"picked":"SKIP","floor":19},{"not_picked":["Eviscerate+1","Dagger Spray"],"picked":"Catalyst+1","floor":21},{"not_picked":["Dagger Throw","Eviscerate","Prepared"],"picked":"SKIP","floor":22},{"not_picked":["Cloak And Dagger","Phantasmal Killer"],"picked":"Die Die Die+1","floor":24},{"not_picked":["Flechettes+1","Masterful Stab+1"],"picked":"Flying Knee+1","floor":25},{"not_picked":["Dagger Throw+1","Escape Plan"],"picked":"Flying Knee+1","floor":27},{"not_picked":["Cloak And Dagger","Caltrops"],"picked":"Footwork+1","floor":27}],"player_experience":1113959,"relics_obtained":[{"floor":8.0,"key":"Whetstone"},{"floor":9.0,"key":"PreservedInsect"},{"floor":24,"key":"Nunchaku"},{"floor":24,"key":"Molten Egg 2"},{"floor":26,"key":"Prayer Wheel"}],"event_choices":[{"damage_healed":0.0,"max_hp_gain":0.0,"max_hp_loss":0.0,"gold_gain":75.0,"event_name":"World of Goop","player_choice":"Gather Gold","floor":3.0,"gold_loss":0.0,"damage_taken":11.0},{"cards_removed":["Strike_G"],"damage_healed":0.0,"max_hp_gain":0.0,"max_hp_loss":0.0,"gold_gain":0.0,"event_name":"Golden Wing","player_choice":"Card Removal","floor":4.0,"gold_loss":0.0,"damage_taken":7.0},{"damage_healed":0.0,"max_hp_gain":0.0,"max_hp_loss":0.0,"gold_gain":0.0,"event_name":"Living Wall","player_choice":"Grow","floor":11.0,"gold_loss":0.0,"damage_taken":0.0,"cards_upgraded":["Dagger Spray"]},{"damage_healed":0.0,"max_hp_gain":0.0,"max_hp_loss":0.0,"gold_gain":0.0,"event_name":"Scrap Ooze","player_choice":"Fled","floor":14.0,"gold_loss":0.0,"damage_taken":0.0},{"damage_healed":0,"gold_gain":0,"player_choice":"Bought 3 Potions","damage_taken":0,"max_hp_gain":0,"max_hp_loss":0,"event_name":"The Woman in Blue","floor":20,"gold_loss":0},{"damage_healed":0,"gold_gain":99,"player_choice":"Stole From Cult","damage_taken":0,"max_hp_gain":0,"max_hp_loss":0,"event_name":"Nest","floor":28,"gold_loss":0}],"is_beta":false,"boss_relics":[{"not_picked":["Ectoplasm","Coffee Dripper"],"picked":"Black Star"}],"items_purged_floors":[],"is_endless":false,"potions_floor_spawned":[1,7,8,22,24,25],"killed_by":"Slavers","ascension_level":3}}