{"host":"2ica2wc1gg7guzbw","time":1611003359,"event":{"mods":["BaseMod","Colored Map","Minty Spire (QoL Compilation)","Replay The Spire","Shop Mod","StSLib"],"gold_per_floor":[129,157,189,221,258,270,309,321,333,373,403,429,23,73,73,73,73],"floor_reached":16,"language":"RUS","playtime":513,"items_purged":["Pain"],"score":224,"play_id":"247871a6-9eda-4ad4-afb4-39fdcff4ef2c","local_time":"20210119005559","is_ascension_mode":true,"campfire_choices":[{"floor":6.0,"key":"REST"},{"floor":8.0,"key":"REST"},{"data":"FIFO Queue","floor":15,"key":"SMITH"}],"circlet_count":0,"master_deck":["AscendersBane","Strike_B","Strike_B","Strike_B","Strike_B","Defend_B","Defend_B","Defend_B","Defend_B","Zap","Dualcast","Ball Lightning","Cold Snap","Streamline","BootSequence+1","Cold Snap","Chill+1","Ball Lightning","FIFO Queue+1","ReplayTheSpireMod:Omega Cannon"],"relics":["Cracked Core","MawBank","Potion Belt","Meat on the Bone","Calipers","Guide Book"],"acts_visited":["Exordium"],"potions_floor_usage":[],"damage_taken":[{"damage":1.0,"enemies":"Cultist","floor":1.0,"turns":3.0},{"damage":11.0,"enemies":"Small Slimes","floor":2.0,"turns":4.0},{"damage":10.0,"enemies":"2 Louse","floor":3.0,"turns":3.0},{"damage":5.0,"enemies":"Gremlin Gang","floor":4.0,"turns":4.0},{"damage":19.0,"enemies":"3 Sentries","floor":7.0,"turns":7.0},{"damage":42.0,"enemies":"Replay:BlueRogue","floor":10.0,"turns":7.0},{"damage":6.0,"enemies":"Exordium Wildlife","floor":11.0,"turns":4.0},{"damage":20.0,"enemies":"Exordium Thugs","floor":12.0,"turns":5.0},{"damage":23,"enemies":"Hexaghost","floor":16,"turns":9}],"seed_played":"-4994258379327795184","potions_obtained":[{"floor":5.0,"key":"Flashbang"},{"floor":7.0,"key":"SneckoOil"},{"floor":10.0,"key":"Cursed Concoction"},{"floor":11.0,"key":"Death Potion"},{"floor":12.0,"key":"Dexterity Potion"}],"is_trial":false,"path_per_floor":["M","M","M","M","?","R","E","R","T","E","M","M","$","?","R","B"],"character_chosen":"DEFECT","items_purchased":["Guide Book","ReplayTheSpireMod:Omega Cannon"],"campfire_rested":2,"item_purchase_floors":[13,13],"current_hp_per_floor":[63,52,42,37,37,58,39,60,60,30,36,28,28,21,21,0,0],"gold":73,"neow_bonus":"RANDOM_COMMON_RELIC","is_daily":false,"chose_seed":false,"campfire_upgraded":1,"win_rate":0.0,"timestamp":1611003359,"path_taken":["M","M","M","?","?","R","E","R","T","E","?","M","$","?","R","BOSS"],"items_purchased_type":["Relic","Card"],"build_version":"2020-12-22","purchased_purges":1,"victory":false,"max_hp_per_floor":[71,71,71,71,71,71,71,71,71,71,71,71,71,71,71,71,71],"card_choices":[{"not_picked":["Go for the Eyes","Beam Cell"],"picked":"Ball Lightning","floor":1.0},{"not_picked":["Gash","Redo"],"picked":"Cold Snap","floor":2.0},{"not_picked":["Fission","Leap"],"picked":"Streamline","floor":3.0},{"not_picked":["Redo","Double Energy"],"picked":"BootSequence","floor":4.0},{"not_picked":["Force Field","Streamline"],"picked":"Cold Snap","floor":5.0},{"not_picked":["Turbo","Storm"],"picked":"Chill","floor":7.0},{"not_picked":["Go for the Eyes","Time Bomb"],"picked":"Ball Lightning","floor":10.0},{"not_picked":["Ball Lightning","Leap","Compile Driver"],"picked":"SKIP","floor":11.0},{"not_picked":["Loop","Self Repair"],"picked":"FIFO Queue","floor":12.0}],"player_experience":915557,"relics_obtained":[{"floor":5.0,"key":"Potion Belt"},{"floor":7.0,"key":"Meat on the Bone"},{"floor":10.0,"key":"Calipers"}],"event_choices":[{"damage_healed":0.0,"max_hp_gain":0.0,"max_hp_loss":0.0,"gold_gain":50.0,"event_name":"FaceTrader","player_choice":"Touch","floor":14.0,"gold_loss":0.0,"damage_taken":7.0}],"is_beta":false,"boss_relics":[],"items_purged_floors":[13],"is_endless":false,"potions_floor_spawned":[7,10,11,12],"killed_by":"Hexaghost","ascension_level":20}}