{"host":"ebj6lkgm8suah319","time":1611004034,"event":{"mods":["2.2 Compatiblity","AchievementEnabler","BaseMod","Block Reminder","Colored Map","Colored Powertips","Minty Spire (QoL Compilation)","Quick Restart","Rare Cards Sparkle","Relic Stats","SuperFastMode"],"gold_per_floor":[364,364,539,35,50,79,79,112,138,164,10,27,27,27,27,124,124,142,153,153,170,170,28,62,62,87,105,105,138,148,166,166,261,261,281,298,46,96,96,96,111,140,191,191,219,72,91,118,118,118],"floor_reached":51,"language":"ENG","playtime":1795,"items_purged":["Doubt","Strike_R","Injury"],"score":1162,"play_id":"478c6f65-a295-438d-a854-8fa50dbc5503","local_time":"20210118160714","is_ascension_mode":true,"campfire_choices":[{"data":"Bash","floor":7,"key":"SMITH"},{"floor":13,"key":"REST"},{"data":"Armaments","floor":15,"key":"SMITH"},{"floor":25,"key":"REST"},{"floor":28,"key":"REST"},{"floor":32,"key":"REST"},{"floor":49,"key":"REST"}],"circlet_count":0,"master_deck":["Strike_R+1","Strike_R","Strike_R","Strike_R","Defend_R+1","Defend_R","Defend_R","Defend_R+1","Bash+1","Anger","Pommel Strike","Clothesline","Armaments+1","Shrug It Off","Feed","RitualDagger","Flash of Steel","Flame Barrier+1","Spot Weakness+1","Reaper","Burning Pact+1","Armaments+1","Dark Shackles+1","Battle Trance","True Grit"],"relics":["Burning Blood","PreservedInsect","Champion Belt","Toy Ornithopter","Kunai","Regal Pillow","Boot","Happy Flower","Fusion Hammer","Calipers","Juzu Bracelet","Bronze Scales","Cursed Key","Anchor","Lizard Tail","Pen Nib","War Paint","CaptainsWheel","Bag of Marbles"],"acts_visited":["Exordium","TheCity","TheBeyond"],"potions_floor_usage":[8,16,21,23,24,33,45,50,50,50],"damage_taken":[{"damage":13,"enemies":"2 Louse","floor":1,"turns":3},{"damage":0,"enemies":"Small Slimes","floor":5,"turns":4},{"damage":17,"enemies":"Lagavulin","floor":6,"turns":5},{"damage":22,"enemies":"3 Sentries","floor":8,"turns":6},{"damage":12,"enemies":"Lagavulin","floor":10,"turns":5},{"damage":0,"enemies":"Cultist","floor":12,"turns":3},{"damage":47,"enemies":"Hexaghost","floor":16,"turns":10},{"damage":3,"enemies":"3 Byrds","floor":18,"turns":5},{"damage":30,"enemies":"Spheric Guardian","floor":19,"turns":6},{"damage":11,"enemies":"Centurion and Healer","floor":21,"turns":10},{"damage":14,"enemies":"Slavers","floor":24,"turns":5},{"damage":9,"enemies":"3 Cultists","floor":27,"turns":6},{"damage":6,"enemies":"Book of Stabbing","floor":29,"turns":5},{"damage":1,"enemies":"Shelled Parasite and Fungi","floor":30,"turns":4},{"damage":9,"enemies":"Snecko","floor":31,"turns":6},{"damage":56,"enemies":"Collector","floor":33,"turns":9},{"damage":0,"enemies":"Orb Walker","floor":35,"turns":3},{"damage":8,"enemies":"3 Shapes","floor":36,"turns":6},{"damage":0,"enemies":"Mind Bloom Boss Battle","floor":38,"turns":4},{"damage":1,"enemies":"Jaw Worm Horde","floor":41,"turns":7},{"damage":27,"enemies":"Nemesis","floor":42,"turns":8},{"damage":31,"enemies":"Giant Head","floor":45,"turns":9},{"damage":24,"enemies":"Writhing Mass","floor":47,"turns":5},{"damage":1,"enemies":"Reptomancer","floor":48,"turns":6},{"damage":42,"enemies":"Donu and Deca","floor":50,"turns":10}],"seed_played":"-2238714362439787193","potions_obtained":[{"floor":5,"key":"Fire Potion"},{"floor":6,"key":"ColorlessPotion"},{"floor":8,"key":"Weak Potion"},{"floor":12,"key":"BlessingOfTheForge"},{"floor":18,"key":"Dexterity Potion"},{"floor":21,"key":"BloodPotion"},{"floor":31,"key":"GamblersBrew"},{"floor":33,"key":"SpeedPotion"},{"floor":36,"key":"Block Potion"},{"floor":38,"key":"GamblersBrew"},{"floor":48,"key":"Regen Potion"}],"is_trial":false,"path_per_floor":["M","?","?","$","M","E","R","E","T","E","$","M","R","?","R","B",null,"M","M","?","M","?","$","E","R","T","M","R","E","M","M","R","B",null,"M","M","$","?","?","?","M","E","T","?","E","$","M","E","R","B",null],"character_chosen":"IRONCLAD","items_purchased":["PreservedInsect","Champion Belt","Happy Flower","Flash of Steel","PowerPotion","Anchor","True Grit"],"campfire_rested":5,"item_purchase_floors":[4,4,11,23,23,37,46],"current_hp_per_floor":[65,49,49,49,55,44,44,33,33,27,27,33,72,77,77,41,74,80,59,59,63,57,81,81,98,98,98,101,101,104,101,104,54,92,108,111,111,114,104,104,112,100,100,100,89,89,71,91,121,111],"gold":118,"neow_bonus":"TWO_FIFTY_GOLD","is_daily":false,"chose_seed":false,"campfire_upgraded":2,"win_rate":0.0,"timestamp":1611004034,"path_taken":["M","?","?","$","M","E","R","E","T","E","$","M","R","?","R","BOSS","M","M","?","?","?","$","E","R","T","M","R","E","M","M","R","BOSS","M","M","$","?","?","?","M","E","T","?","E","$","M","E","R","BOSS"],"items_purchased_type":["Relic","Relic","Relic","Card","Potion","Relic","Card"],"build_version":"2020-12-22","purchased_purges":3,"victory":true,"max_hp_per_floor":[80,80,80,80,80,80,80,80,80,80,80,80,80,85,85,85,85,88,91,91,95,95,95,98,98,98,101,101,101,104,104,104,104,104,108,111,111,114,114,114,117,121,121,121,121,121,121,121,121,121],"relic_stats":{"Regal Pillow":15,"Happy Flower":[42],"counters":[25,150],"PreservedInsect":413,"Pen Nib":[7],"Juzu Bracelet":2,"War Paint":["Defend_R","Dark Shackles"],"Boot":[61],"Cursed Key":1,"Burning Blood":132,"Lizard Tail":0,"Bronze Scales":[190],"Champion Belt":[28],"Kunai":[59],"obtain_stats":[{"Regal Pillow":9,"Calipers":24,"Happy Flower":11,"PreservedInsect":4,"Pen Nib":42,"Juzu Bracelet":26,"War Paint":43,"Boot":10,"Cursed Key":34,"Burning Blood":0,"Anchor":37,"Lizard Tail":38,"CaptainsWheel":45,"Bronze Scales":29,"Fusion Hammer":17,"Bag of Marbles":48,"Champion Belt":4,"Kunai":8,"Toy Ornithopter":6},{"Regal Pillow":4,"Calipers":11,"Happy Flower":5,"PreservedInsect":1,"Pen Nib":21,"Juzu Bracelet":11,"War Paint":21,"Boot":5,"Cursed Key":16,"Burning Blood":0,"Anchor":18,"Lizard Tail":19,"CaptainsWheel":22,"Bronze Scales":13,"Fusion Hammer":7,"Bag of Marbles":24,"Champion Belt":1,"Kunai":4,"Toy Ornithopter":3},{"Regal Pillow":18,"Calipers":62,"Happy Flower":23,"PreservedInsect":3,"Pen Nib":120,"Juzu Bracelet":62,"War Paint":120,"Boot":23,"Cursed Key":92,"Burning Blood":0,"Anchor":101,"Lizard Tail":105,"CaptainsWheel":129,"Bronze Scales":73,"Fusion Hammer":36,"Bag of Marbles":140,"Champion Belt":3,"Kunai":18,"Toy Ornithopter":12}],"Toy Ornithopter":45},"card_choices":[{"not_picked":["Searing Blow","Blood for Blood"],"picked":"Anger","floor":1},{"not_picked":["Anger","Feel No Pain"],"picked":"Pommel Strike","floor":5},{"not_picked":["Reckless Charge","Dropkick"],"picked":"Clothesline","floor":6},{"not_picked":["Rupture","Anger"],"picked":"Armaments","floor":8},{"not_picked":["Sever Soul","Havoc","Evolve"],"picked":"SKIP","floor":10},{"not_picked":["Bludgeon","Anger"],"picked":"Shrug It Off","floor":12},{"not_picked":["Limit Break","Fiend Fire"],"picked":"Feed","floor":16},{"not_picked":["Wild Strike","Clothesline"],"picked":"Metallicize","floor":18},{"not_picked":["Headbutt","Carnage","Body Slam+1"],"picked":"SKIP","floor":19},{"not_picked":["Hemokinesis","Clash","Anger"],"picked":"SKIP","floor":21},{"not_picked":["Iron Wave+1","Reckless Charge+1","Twin Strike"],"picked":"SKIP","floor":24},{"not_picked":["Heavy Blade+1","Anger+1","Body Slam"],"picked":"SKIP","floor":27},{"not_picked":["Bludgeon","Double Tap"],"picked":"Flame Barrier+1","floor":29},{"not_picked":["Seeing Red+1","Dark Embrace"],"picked":"Spot Weakness+1","floor":30},{"not_picked":["Anger","Headbutt+1","Pummel"],"picked":"SKIP","floor":31},{"not_picked":["Corruption","Limit Break"],"picked":"Reaper","floor":33},{"not_picked":["Seeing Red","Wild Strike+1"],"picked":"Burning Pact+1","floor":35},{"not_picked":["Clothesline","Seeing Red","Thunderclap+1"],"picked":"SKIP","floor":36},{"not_picked":["Havoc+1","Clothesline"],"picked":"Armaments+1","floor":38},{"not_picked":["Discovery","Jack Of All Trades"],"picked":"Dark Shackles","floor":39},{"not_picked":["Fiend Fire","Flex","Dropkick"],"picked":"SKIP","floor":41},{"not_picked":["Sword Boomerang+1","Twin Strike+1","Cleave+1"],"picked":"SKIP","floor":42},{"not_picked":["Clash","Power Through+1"],"picked":"Battle Trance","floor":45},{"not_picked":["Clash+1","Infernal Blade","Rage"],"picked":"SKIP","floor":47},{"not_picked":["Iron Wave","Corruption","Searing Blow"],"picked":"SKIP","floor":48}],"player_experience":25104,"relics_obtained":[{"floor":6,"key":"Toy Ornithopter"},{"floor":8,"key":"Kunai"},{"floor":9,"key":"Regal Pillow"},{"floor":10,"key":"Boot"},{"floor":24,"key":"Calipers"},{"floor":26,"key":"Juzu Bracelet"},{"floor":29,"key":"Bronze Scales"},{"floor":38,"key":"Lizard Tail"},{"floor":42,"key":"Pen Nib"},{"floor":43,"key":"War Paint"},{"floor":45,"key":"CaptainsWheel"},{"floor":48,"key":"Bag of Marbles"}],"event_choices":[{"damage_healed":0,"gold_gain":0,"player_choice":"Entered Light","damage_taken":16,"max_hp_gain":0,"max_hp_loss":0,"event_name":"Shining Light","floor":2,"gold_loss":0,"cards_upgraded":["Defend_R","Strike_R"]},{"damage_healed":0,"gold_gain":175,"player_choice":"AGREE","damage_taken":0,"max_hp_gain":0,"max_hp_loss":0,"event_name":"Liars Game","floor":3,"gold_loss":0,"cards_obtained":["Doubt"]},{"damage_healed":0,"gold_gain":0,"player_choice":"Donut","damage_taken":0,"max_hp_gain":5,"max_hp_loss":0,"event_name":"Big Fish","floor":14,"gold_loss":0},{"cards_removed":["Clumsy"],"damage_healed":0,"gold_gain":0,"player_choice":"Removed Curses","damage_taken":0,"max_hp_gain":0,"max_hp_loss":0,"event_name":"Fountain of Cleansing","floor":20,"gold_loss":0},{"damage_healed":0,"gold_gain":0,"player_choice":"Joined the Cult","damage_taken":6,"max_hp_gain":0,"max_hp_loss":0,"event_name":"Nest","floor":22,"gold_loss":0,"cards_obtained":["RitualDagger"]},{"damage_healed":0,"gold_gain":0,"player_choice":"Fight","damage_taken":0,"max_hp_gain":0,"max_hp_loss":0,"event_name":"MindBloom","floor":38,"gold_loss":0},{"damage_healed":0,"gold_gain":0,"player_choice":"Memory 3","damage_taken":10,"max_hp_gain":0,"max_hp_loss":0,"event_name":"SensoryStone","floor":39,"gold_loss":0},{"damage_healed":0,"gold_gain":0,"player_choice":"Bought 0 Potions","damage_taken":0,"max_hp_gain":0,"max_hp_loss":0,"event_name":"The Woman in Blue","floor":40,"gold_loss":0},{"cards_removed":["Metallicize"],"damage_healed":0,"gold_gain":0,"player_choice":"Removed Power","damage_taken":0,"max_hp_gain":0,"max_hp_loss":0,"event_name":"Falling","floor":44,"gold_loss":0}],"is_beta":false,"boss_relics":[{"not_picked":["Ectoplasm","Busted Crown"],"picked":"Fusion Hammer"},{"not_picked":["Philosopher\u0027s Stone","Runic Cube"],"picked":"Cursed Key"}],"items_purged_floors":[4,37,46],"is_endless":false,"potions_floor_spawned":[5,6,8,12,18,21,31,33,35,36,38,48],"ascension_level":8}}