{"host":"0rxdudjy6rylha1k","time":1611012434,"event":{"mods":["Aspiration","BaseMod","Colored Map","Colored Powertips","Downfall","Highlight Path","Hubris","Minty Spire (QoL Compilation)","StSLib"],"gold_per_floor":[99,99,549,549,549,549,575,107,133,146,165,165,65,97,113,213,213,113,128,146,165,165,185,259,278,278,27,57,57,57,42,57,162,162,162,178,193,193,21,21,45,45,45,45,55,55,5,5,19,19],"floor_reached":51,"language":"ENG","playtime":15830,"items_purged":["downfall:Icky","downfall:Icky","bronze:DelayedGuard","bronze:MaxOutput"],"score":777,"play_id":"c27d41ce-a26a-4e1c-80b9-28765e7f4ee3","local_time":"20210118162714","is_ascension_mode":true,"campfire_choices":[{"floor":1.0,"key":"RECALL"},{"data":"bronze:ItsAFeature","floor":13.0,"key":"SMITH"},{"data":"bronze:RecursiveStrike","floor":18.0,"key":"SMITH"},{"floor":26.0,"key":"REST"},{"data":"expansioncontent:QuickStudy","floor":30.0,"key":"SMITH"},{"data":"bronze:Verify","floor":35.0,"key":"SMITH"},{"data":"bronze:Library","floor":40.0,"key":"SMITH"},{"data":"bronze:InfiniteBeams","floor":42.0,"key":"SMITH"}],"circlet_count":0,"master_deck":["bronze:Strike","bronze:Strike","bronze:Strike","bronze:Strike","bronze:Defend","bronze:Defend","bronze:Defend","bronze:Defend","bronze:Replicate","bronze:Goto","bronze:ItsAFeature+1","bronze:Repair","Bandage Up","bronze:Terminator","bronze:Iterate","bronze:Allocate","bronze:RecursiveStrike+1","bronze:Fortify","bronze:Optimize","bronze:InfiniteBeams+1","bronze:ChosenStrike","bronze:Boost","expansioncontent:QuickStudy+1","bronze:Constructor+1","bronze:Library+1","bronze:Verify+1","bronze:Shell","bronze:ClassDefault","expansioncontent:PrepareCrush+1","bronze:WhirlingStrike+1"],"relics":["bronze:BronzeCore","downfall:HeartsMalice","Pen Nib","Toolbox","hubris:OldNail","Mummified Hand","downfall:HeartBlessingRed","Smiling Mask","bronze:MakeshiftBattery","downfall:HeartBlessingGreen","InkBottle","sneckomod:SneckoTalon","hubris:Towel","ClockworkSouvenir","Strawberry","MealTicket","hubris:TenFootPole","hubris:Icosahedron"],"acts_visited":["Exordium","TheCity","TheBeyond"],"potions_floor_usage":[50],"damage_taken":[{"damage":0.0,"enemies":"2 Louse","floor":2.0,"turns":1.0},{"damage":0.0,"enemies":"Jaw Worm","floor":5.0,"turns":1.0},{"damage":0.0,"enemies":"downfall:FleeingMerchant","floor":8.0,"turns":1.0},{"damage":36.0,"enemies":"Gremlin Nob","floor":9.0,"turns":6.0},{"damage":5.0,"enemies":"Small Slimes","floor":10.0,"turns":5.0},{"damage":0.0,"enemies":"Gremlin Gang","floor":11.0,"turns":6.0},{"damage":12.0,"enemies":"Lagavulin","floor":14.0,"turns":7.0},{"damage":0.0,"enemies":"Exordium Wildlife","floor":15.0,"turns":2.0},{"damage":17.0,"enemies":"IC_STATUS_ARCHETYPE","floor":16.0,"turns":7.0},{"damage":0.0,"enemies":"3 Byrds","floor":19.0,"turns":4.0},{"damage":5.0,"enemies":"Shell Parasite","floor":20.0,"turns":5.0},{"damage":47.0,"enemies":"Snake Plant","floor":21.0,"turns":6.0},{"damage":17.0,"enemies":"Cultist and Chosen","floor":23.0,"turns":6.0},{"damage":3.0,"enemies":"Centurion and Healer","floor":25.0,"turns":5.0},{"damage":0.0,"enemies":"downfall:FleeingMerchant","floor":27.0,"turns":4.0},{"damage":21.0,"enemies":"Slavers","floor":28.0,"turns":4.0},{"damage":0.0,"enemies":"downfall:FleeingMerchant","floor":31.0,"turns":4.0},{"damage":0.0,"enemies":"Shelled Parasite and Fungi","floor":32.0,"turns":3.0},{"damage":37.0,"enemies":"WA_ARCHETYPE_CALM","floor":33.0,"turns":7.0},{"damage":9.0,"enemies":"3 Shapes","floor":36.0,"turns":3.0},{"damage":1.0,"enemies":"Orb Walker","floor":37.0,"turns":2.0},{"damage":0.0,"enemies":"downfall:FleeingMerchant","floor":39.0,"turns":3.0},{"damage":6.0,"enemies":"3 Darklings","floor":45.0,"turns":3.0},{"damage":18,"enemies":"4 Shapes","floor":49,"turns":4},{"damage":36,"enemies":"DF_ARCHETYPE_ORBS","floor":50,"turns":7}],"seed_played":"-3540019111257293042","potions_obtained":[{"floor":9.0,"key":"Fire Potion"},{"floor":11.0,"key":"bronze:CleanCodePotion"},{"floor":15.0,"key":"PowerPotion"},{"floor":16.0,"key":"Block Potion"},{"floor":21.0,"key":"SpeedPotion"},{"floor":33.0,"key":"EntropicBrew"},{"floor":45.0,"key":"sneckomod:MuddlingPotion"}],"is_trial":false,"path_per_floor":["R","M","?","?","M","?","T","$","E","M","M","?","R","E","M","B",null,"R","M","M","M","?","M","T","M","R","$","E","?","R","$","M","B",null,"R","M","M","?","$","R","T","R","?","$","M","?","$","NS","M","B",null],"character_chosen":"THE_AUTOMATON","items_purchased":["Toolbox","hubris:OldNail","Bandage Up","expansioncontent:QuickStudy","ClockworkSouvenir","Strawberry","MealTicket"],"campfire_rested":1,"item_purchase_floors":[8,8,8,27,39,39,39],"current_hp_per_floor":[70,70,70,70,70,75,75,75,39,45,56,56,56,60,67,61,75,75,75,73,37,37,31,31,39,61,75,65,65,65,75,75,45,75,75,73,72,72,82,82,82,82,82,82,76,76,82,82,75,55],"gold":19,"neow_bonus":"THREE_ENEMY_KILL","is_daily":false,"chose_seed":false,"campfire_upgraded":6,"win_rate":0.0,"timestamp":1611012434,"path_taken":["R","M","?","?","M","?","T","?","E","M","M","?","R","E","M","BOSS","R","M","M","?","?","M","T","M","R","$","E","?","R","?","M","BOSS","R","M","M","?","$","R","T","R","?","$","M","?","?","NS","M","BOSS"],"items_purchased_type":["Relic","Relic","Card","Card","Relic","Relic","Relic"],"build_version":"2020-12-22","purchased_purges":4,"victory":true,"max_hp_per_floor":[70,70,70,70,70,75,75,75,75,75,75,75,75,75,75,75,75,75,75,75,75,75,75,75,75,75,75,75,75,75,75,75,75,75,75,75,75,75,82,82,82,82,82,82,82,82,82,82,82,82],"card_choices":[{"not_picked":["bronze:Refactor","bronze:NullPointer"],"picked":"bronze:DelayedGuard","floor":2.0},{"not_picked":["bronze:Constructor","bronze:DarkDash"],"picked":"bronze:ItsAFeature","floor":5.0},{"not_picked":["bronze:CutThrough","bronze:ItsAFeature"],"picked":"bronze:Repair","floor":8.0},{"not_picked":["bronze:DarkDash","bronze:Turbo"],"picked":"bronze:Terminator","floor":9.0},{"not_picked":["bronze:Backtrace","bronze:Turbo"],"picked":"bronze:MaxOutput","floor":10.0},{"not_picked":["bronze:BitShift","bronze:Branch","bronze:DelayedGuard"],"picked":"SKIP","floor":11.0},{"not_picked":["bronze:ItsAFeature","bronze:Turbo"],"picked":"bronze:Iterate","floor":14.0},{"not_picked":["bronze:GetLatest","bronze:DelayedGuard"],"picked":"bronze:Allocate","floor":15.0},{"not_picked":["bronze:AlphaBuild","bronze:ShipIt"],"picked":"bronze:RecursiveStrike","floor":16.0},{"not_picked":["bronze:Separator","bronze:BitShift"],"picked":"bronze:Fortify","floor":19.0},{"not_picked":["bronze:BitShift","bronze:CloningBeam"],"picked":"bronze:Optimize","floor":20.0},{"not_picked":["bronze:CutThrough","bronze:Flail"],"picked":"bronze:InfiniteBeams","floor":21.0},{"not_picked":["bronze:Boost","bronze:WildBeam"],"picked":"bronze:ChosenStrike","floor":23.0},{"not_picked":["bronze:BuggyMess","bronze:MaxOutput"],"picked":"bronze:Boost","floor":25.0},{"not_picked":["bronze:CutThrough+1","bronze:Shield+1","bronze:WildBeam"],"picked":"SKIP","floor":27.0},{"not_picked":["bronze:Frontload","bronze:WhirlingStrike+1"],"picked":"bronze:Constructor+1","floor":28.0},{"not_picked":["bronze:Repulsor","bronze:NullPointer"],"picked":"bronze:Library","floor":31.0},{"not_picked":["bronze:ForLoop","bronze:Overheat","bronze:ChildClass+1"],"picked":"SKIP","floor":32.0},{"not_picked":["bronze:BurnOut","bronze:AlphaBuild"],"picked":"bronze:Verify","floor":33.0},{"not_picked":["bronze:DelayedGuard+1","bronze:Philosophize+1"],"picked":"bronze:Shell","floor":36.0},{"not_picked":["bronze:Invalidate","bronze:Fortify+1","bronze:Allocate"],"picked":"SKIP","floor":37.0},{"not_picked":["bronze:Invalidate","bronze:Shield+1"],"picked":"bronze:ClassDefault","floor":39.0},{"not_picked":["bronze:BronzeArmor+1","bronze:Shield+1","bronze:Boost"],"picked":"SKIP","floor":45.0},{"not_picked":["expansioncontent:Chronoboost","expansioncontent:AwakenDeath"],"picked":"expansioncontent:PrepareCrush","floor":46.0},{"not_picked":["bronze:Turbo","bronze:BronzeArmor+1"],"picked":"bronze:WhirlingStrike+1","floor":49}],"player_experience":2578450,"relics_obtained":[{"floor":7.0,"key":"Pen Nib"},{"floor":9.0,"key":"Mummified Hand"},{"floor":14.0,"key":"Smiling Mask"},{"floor":24.0,"key":"InkBottle"},{"floor":41.0,"key":"hubris:TenFootPole"}],"event_choices":[{"damage_healed":0.0,"max_hp_gain":5.0,"max_hp_loss":0.0,"gold_gain":0.0,"event_name":"Big Fish","player_choice":"Donut","floor":6.0,"gold_loss":0.0,"damage_taken":0.0},{"damage_healed":0.0,"max_hp_gain":0.0,"max_hp_loss":0.0,"gold_gain":0.0,"event_name":"Ghosts","player_choice":"Ignored","floor":22.0,"gold_loss":0.0,"damage_taken":0.0}],"is_beta":false,"boss_relics":[{"not_picked":["Calling Bell","hubris:HollowSoul"],"picked":"bronze:MakeshiftBattery"},{"not_picked":["Coffee Dripper","Astrolabe"],"picked":"sneckomod:SneckoTalon"}],"items_purged_floors":[8,27,39,47],"is_endless":false,"potions_floor_spawned":[9,11,15,16,20,21,33,36,45],"ascension_level":1}}