{"host":"f14d6hm2349s9jse","time":1611001687,"event":{"mods":["2.2 Compatiblity","BaseMod","Minty Spire (QoL Compilation)","Shade Mod","StSLib"],"gold_per_floor":[116,116,130,17,92,92,104,180,204,217,146,146,163,183,183,183,183],"floor_reached":16,"language":"ENG","playtime":350,"items_purged":[],"score":106,"play_id":"24bb614c-52b7-4354-ace5-3ab7c6078d91","local_time":"20210118152807","is_ascension_mode":true,"campfire_choices":[{"floor":6,"key":"REST"},{"floor":12,"key":"REST"},{"floor":15,"key":"REST"}],"circlet_count":0,"master_deck":["Shade:Strike_Shade","Shade:Strike_Shade+1","Shade:Strike_Shade","Shade:Strike_Shade","Shade:Defend_Shade+1","Shade:Defend_Shade","Shade:Defend_Shade","Shade:Defend_Shade","Shade:AnimateDead","Shade:CarefulCut","Shade:StitchTogether","Shade:PressTheAttack","Shade:SoulToxin","Shade:AuraOfUnlife","Shade:AncientSpear","Shade:Asphyxiate"],"relics":["Busted Crown","Dream Catcher"],"acts_visited":["Exordium"],"potions_floor_usage":[14,14],"damage_taken":[{"damage":0,"enemies":"Jaw Worm","floor":1,"turns":2},{"damage":0,"enemies":"2 Louse","floor":3,"turns":2},{"damage":0,"enemies":"Small Slimes","floor":7,"turns":2},{"damage":8,"enemies":"Looter","floor":10,"turns":3},{"damage":8,"enemies":"Gremlin Gang","floor":13,"turns":4},{"damage":0,"enemies":"Large Slime","floor":14,"turns":3},{"damage":0,"enemies":"Hexaghost","floor":16,"turns":1}],"seed_played":"-6300339979839910930","potions_obtained":[{"floor":7,"key":"Fire Potion"},{"floor":10,"key":"AttackPotion"},{"floor":14,"key":"SpeedPotion"}],"is_trial":false,"path_per_floor":["M","?","M","$","?","R","M","T","T","M","$","R","M","M","R","B"],"character_chosen":"SHADE","items_purchased":["Shade:StitchTogether","Shade:PressTheAttack","Shade:AuraOfUnlife"],"campfire_rested":3,"item_purchase_floors":[4,4,11],"current_hp_per_floor":[65,52,52,52,41,60,60,60,60,52,52,65,57,57,65,65,65],"gold":183,"neow_bonus":"BOSS_RELIC","is_daily":false,"chose_seed":false,"campfire_upgraded":0,"win_rate":0.0,"timestamp":1611001687,"path_taken":["M","?","M","$","?","R","M","?","T","M","?","R","M","M","R","BOSS"],"items_purchased_type":["Card","Card","Card"],"build_version":"2020-12-22","purchased_purges":0,"victory":false,"max_hp_per_floor":[65,65,65,65,65,65,65,65,65,65,65,65,65,65,65,65,65],"card_choices":[{"not_picked":["Shade:BoneShards"],"picked":"SKIP","floor":1},{"not_picked":["Shade:Frenzy"],"picked":"SKIP","floor":3},{"not_picked":[],"picked":"Shade:SoulToxin","floor":7},{"not_picked":["Shade:GreyBargain"],"picked":"SKIP","floor":10},{"not_picked":[],"picked":"Shade:AncientSpear","floor":13},{"not_picked":[],"picked":"Shade:Asphyxiate","floor":14}],"player_experience":2477323,"relics_obtained":[{"floor":9,"key":"Dream Catcher"}],"event_choices":[{"damage_healed":0,"gold_gain":0,"player_choice":"Entered Light","damage_taken":13,"max_hp_gain":0,"max_hp_loss":0,"event_name":"Shining Light","floor":2,"gold_loss":0,"cards_upgraded":["Shade:Strike_Shade","Shade:Defend_Shade"]},{"damage_healed":0,"gold_gain":75,"player_choice":"Gather Gold","damage_taken":11,"max_hp_gain":0,"max_hp_loss":0,"event_name":"World of Goop","floor":5,"gold_loss":0}],"is_beta":false,"boss_relics":[],"items_purged_floors":[],"is_endless":false,"potions_floor_spawned":[7,10,14],"killed_by":"Hexaghost","ascension_level":3}}