{"host":"d66n7ln59ex8canu","time":1611004749,"event":{"mods":["AchievementEnabler","BaseMod","Colored Map","Minty Spire (QoL Compilation)","Quick Restart","StSLib"],"gold_per_floor":[117,136,136,154,164,164,198,198,198,232,245,270,280,280,280,280,280],"floor_reached":16,"language":"ENG","playtime":668,"items_purged":[],"score":122,"play_id":"2d9dac2d-44f0-421f-bfe5-6d3d379938bd","local_time":"20210118161909","is_ascension_mode":false,"campfire_choices":[{"data":"Prostrate","floor":6,"key":"SMITH"},{"data":"Eruption","floor":8,"key":"SMITH"},{"data":"LikeWater","floor":15,"key":"SMITH"}],"circlet_count":0,"master_deck":["Strike_P","Strike_P","Strike_P","Strike_P","Defend_P","Defend_P","Defend_P","Defend_P","Eruption+1","Vigilance","ClearTheMind+1","Consecrate","Prostrate+1","Consecrate","FlyingSleeves","ReachHeaven+1","LikeWater+1","Prostrate","CutThroughFate+1","PanicButton","ThirdEye"],"relics":["Coffee Dripper","Boot","Molten Egg 2","White Beast Statue"],"acts_visited":["Exordium"],"potions_floor_usage":[7,7,16,16,16],"damage_taken":[{"damage":0,"enemies":"Cultist","floor":1,"turns":2},{"damage":0,"enemies":"2 Louse","floor":2,"turns":4},{"damage":0,"enemies":"Small Slimes","floor":4,"turns":2},{"damage":15,"enemies":"Gremlin Gang","floor":5,"turns":6},{"damage":8,"enemies":"Gremlin Nob","floor":7,"turns":3},{"damage":19,"enemies":"3 Sentries","floor":10,"turns":7},{"damage":9,"enemies":"2 Fungi Beasts","floor":11,"turns":3},{"damage":22,"enemies":"Gremlin Nob","floor":12,"turns":4},{"damage":2,"enemies":"Exordium Thugs","floor":13,"turns":5},{"damage":21,"enemies":"The Guardian","floor":16,"turns":4}],"seed_played":"-8229378560036105961","potions_obtained":[{"floor":1,"key":"Regen Potion"},{"floor":5,"key":"Swift Potion"},{"floor":7,"key":"BottledMiracle"},{"floor":11,"key":"Ambrosia"},{"floor":13,"key":"CultistPotion"}],"is_trial":false,"path_per_floor":["M","M","?","M","M","R","E","R","T","E","M","E","M","?","R","B"],"character_chosen":"WATCHER","items_purchased":[],"campfire_rested":0,"item_purchase_floors":[],"current_hp_per_floor":[72,72,72,72,57,57,58,58,58,39,30,8,6,6,6,0,0],"gold":280,"neow_bonus":"BOSS_RELIC","is_daily":false,"chose_seed":false,"campfire_upgraded":3,"win_rate":0.0,"timestamp":1611004749,"path_taken":["M","?","?","?","M","R","E","R","T","E","M","E","M","?","R","BOSS"],"items_purchased_type":[],"build_version":"2020-12-22","purchased_purges":0,"victory":false,"max_hp_per_floor":[72,72,72,72,72,72,72,72,72,72,72,72,72,72,72,72,72],"card_choices":[{"not_picked":["Indignation","PathToVictory"],"picked":"ClearTheMind","floor":1},{"not_picked":["SashWhip","PathToVictory"],"picked":"Consecrate","floor":2},{"not_picked":["EmptyFist","CrushJoints"],"picked":"Prostrate","floor":4},{"not_picked":["CrushJoints","ClearTheMind"],"picked":"Consecrate","floor":5},{"not_picked":["EmptyFist","PathToVictory"],"picked":"FlyingSleeves","floor":7},{"not_picked":["PathToVictory","Study"],"picked":"ReachHeaven+1","floor":10},{"not_picked":["SignatureMove+1","Protect"],"picked":"LikeWater","floor":11},{"not_picked":["WheelKick+1","Meditate"],"picked":"Prostrate","floor":12},{"not_picked":["Establishment","Evaluate"],"picked":"CutThroughFate+1","floor":13}],"player_experience":339060,"relics_obtained":[{"floor":7,"key":"Boot"},{"floor":10,"key":"Molten Egg 2"},{"floor":12,"key":"White Beast Statue"}],"event_choices":[{"damage_healed":0,"gold_gain":0,"player_choice":"Forge","damage_taken":0,"max_hp_gain":0,"max_hp_loss":0,"event_name":"Accursed Blacksmith","floor":3,"gold_loss":0,"cards_upgraded":["ClearTheMind"]},{"damage_healed":0,"gold_gain":0,"player_choice":"2 cards matched","damage_taken":0,"max_hp_gain":0,"max_hp_loss":0,"event_name":"Match and Keep!","floor":14,"gold_loss":0,"cards_obtained":["PanicButton","ThirdEye"]}],"is_beta":false,"boss_relics":[],"items_purged_floors":[],"is_endless":false,"potions_floor_spawned":[1,5,7,11,13],"killed_by":"The Guardian","ascension_level":0}}