{"host":"xp5rvh2jwe2ejyfm","time":1611012775,"event":{"mods":["BaseMod","Hermit","Minty Spire (QoL Compilation)","Replay The Spire","StSLib","The Construct","The Cursed","The Disciple","The Hierophant","The Necromancer","The Runesmith"],"gold_per_floor":[113,113,128,142,23,53,53,53,53,73,86,161,18,36,36,138,138,148,21,21,38,38,38,52,52,52,80,95,115,129,129,129,226,226,242,254,254,267,285,285,285,333,333,360,360,0,29,39,39,39,39,39,39,71,71,71],"floor_reached":55,"language":"ENG","playtime":4385,"items_purged":["TheCursedMod:Defend_TheCursed"],"score":899,"play_id":"10baa3b1-b750-407c-9d1b-15f12ef5813e","local_time":"20210118183255","is_ascension_mode":false,"campfire_choices":[{"data":"TheCursedMod:HellfireBreathing","floor":7,"key":"SMITH"},{"data":"TheCursedMod:CursedMace","floor":15,"key":"SMITH"},{"floor":23,"key":"RECALL"},{"floor":25,"key":"REST"},{"data":"TheCursedMod:VoidForm","floor":32,"key":"SMITH"},{"data":"TheCursedMod:AntiAging","floor":40,"key":"SMITH"},{"data":"Specialist","floor":45,"key":"SMITH"},{"floor":49,"key":"REST"},{"data":"Madness","floor":52,"key":"SMITH"}],"circlet_count":0,"master_deck":["TheCursedMod:Strike_TheCursed","TheCursedMod:Strike_TheCursed","TheCursedMod:Strike_TheCursed","TheCursedMod:Strike_TheCursed","TheCursedMod:Defend_TheCursed","TheCursedMod:Defend_TheCursed","TheCursedMod:Defend_TheCursed","TheCursedMod:CursedWand","TheCursedMod:CleanUpWorkshop","TheCursedMod:Dregs","TheCursedMod:TacticalStrike","TheCursedMod:SmokeScreen","TheCursedMod:SpitefulStrike","TheCursedMod:HellfireBreathing+1","TheCursedMod:RapidMovement+1","TheCursedMod:CircleOfAbyss","Parasite","TheCursedMod:WearCloak","TheCursedMod:CursedMace","TheCursedMod:HellfireBreathing+1","TheCursedMod:CursedMace+1","TheCursedMod:VoidForm+1","TheCursedMod:Obscuration+1","TheCursedMod:EmpowerCircles+1","Shame","TheCursedMod:CursedShiv+1","TheCursedMod:CircleOfBlood","Replay:Hysterical Blindness","TheCursedMod:SmokeScreen","TheCursedMod:CircleOfCorruption","TheCursedMod:StingEye","TheCursedMod:WearCloak","TheCursedMod:AntiAging+1","TheCursedMod:CircleOfCorruption+1","TheCursedMod:CursedBoomerang+1","Specialist+1","TheCursedMod:Stigma+1","TheCursedMod:FleshFromBone","Madness","Madness+1","TheCursedMod:CursedBlade+1","Languid","TheCursedMod:AntiAging","TheCursedMod:CircleOfFlame+1","TheCursedMod:VitalStrike+1","TheCursedMod:CursedBlade+1"],"relics":["TheCursedMod:BlackMagic101","NeowsBlessing","CultistMask","Blood Vial","DollysMirror","Cursed Key","Nunchaku","ReplayTheSpireMod:Ring of Collecting","Snack Pack","Ring of Misfortune","Du-Vu Doll","construct:WeddingRing","FossilizedHelix","Lizard Tail","Ring of Searing","Pocketwatch","Red Mask","Peace Pipe","Happy Flower"],"acts_visited":["Exordium","TheCity","TheBeyond","TheEnding"],"potions_floor_usage":[6,16,36,42,44,47,50],"damage_taken":[{"damage":0,"enemies":"Jaw Worm","floor":1,"turns":1},{"damage":0,"enemies":"Cultist","floor":3,"turns":1},{"damage":0,"enemies":"2 Louse","floor":4,"turns":1},{"damage":34,"enemies":"Lagavulin","floor":6,"turns":9},{"damage":6,"enemies":"Large Slime","floor":10,"turns":5},{"damage":2,"enemies":"3 Louse","floor":11,"turns":3},{"damage":0,"enemies":"Blue Slaver","floor":14,"turns":3},{"damage":38,"enemies":"Hexaghost","floor":16,"turns":13},{"damage":7,"enemies":"Chosen","floor":18,"turns":4},{"damage":23,"enemies":"3 Byrds","floor":21,"turns":3},{"damage":4,"enemies":"Centurion and Healer","floor":24,"turns":6},{"damage":0,"enemies":"Replay:Snechameleon","floor":27,"turns":7},{"damage":13,"enemies":"Snake Plant","floor":28,"turns":4},{"damage":0,"enemies":"Snecko","floor":29,"turns":5},{"damage":0,"enemies":"Chosen and Byrds","floor":30,"turns":5},{"damage":18,"enemies":"Champ","floor":33,"turns":8},{"damage":22,"enemies":"3 Darklings","floor":35,"turns":5},{"damage":3,"enemies":"Orb Walker","floor":36,"turns":2},{"damage":0,"enemies":"Maw","floor":38,"turns":7},{"damage":0,"enemies":"Transient","floor":39,"turns":5},{"damage":25,"enemies":"2 Orb Walkers","floor":42,"turns":6},{"damage":0,"enemies":"Nemesis","floor":44,"turns":5},{"damage":28,"enemies":"Reptomancer","floor":47,"turns":3},{"damage":0,"enemies":"Writhing Mass","floor":48,"turns":4},{"damage":73,"enemies":"Awakened One","floor":50,"turns":8},{"damage":62,"enemies":"Shield and Spear","floor":54,"turns":6},{"damage":97,"enemies":"The Heart","floor":55,"turns":6}],"seed_played":"467575973121188653","potions_obtained":[{"floor":3,"key":"SpeedPotion"},{"floor":4,"key":"Explosive Potion"},{"floor":10,"key":"Adrenaline Potion"},{"floor":16,"key":"Reflective Coating"},{"floor":24,"key":"GamblersBrew"},{"floor":28,"key":"Flashbang"},{"floor":35,"key":"ColorlessPotion"},{"floor":42,"key":"Toxic Potion"},{"floor":47,"key":"Block Potion"}],"is_trial":false,"path_per_floor":["M","?","M","M","$","E","R","?","T","M","M","?","$","M","R","B",null,"M","$","?","M","?","R","M","R","T","E","M","M","M","?","R","B",null,"M","M","?","M","M","R","?","?","T","E","R","?","E","M","R","B",null,"R","$","E","B"],"character_chosen":"THE_CURSED","items_purchased":["TheCursedMod:HellfireBreathing","TheCursedMod:RapidMovement+1","DollysMirror","TheCursedMod:EmpowerCircles+1"],"campfire_rested":2,"item_purchase_floors":[5,5,13,19],"current_hp_per_floor":[75,75,75,75,75,41,41,59,59,55,55,55,55,57,57,21,75,68,68,68,47,47,47,45,67,67,75,64,72,75,68,68,61,75,55,64,64,72,79,79,69,52,52,61,61,61,39,45,69,15,85,85,85,34,0,0],"gold":71,"neow_bonus":"THREE_ENEMY_KILL","is_daily":false,"chose_seed":false,"campfire_upgraded":6,"win_rate":0.0,"timestamp":1611012775,"path_taken":["M","?","M","M","?","E","R","?","T","M","M","?","$","M","R","BOSS","M","$","?","M","?","R","M","R","T","E","M","M","M","?","R","BOSS","M","M","?","M","M","R","?","?","T","E","R","?","E","M","R","BOSS","R","$","E","BOSS"],"items_purchased_type":["Card","Card","Relic","Card"],"build_version":"2020-12-22","purchased_purges":1,"victory":false,"max_hp_per_floor":[75,75,75,75,75,75,75,75,75,75,75,75,75,75,75,75,75,75,75,75,75,75,75,75,75,75,75,75,75,75,75,75,75,75,75,75,75,77,79,79,79,79,79,82,82,82,82,82,82,85,85,85,85,88,91,91],"card_choices":[{"not_picked":["TheCursedMod:BloodBarrier","TheCursedMod:Torture"],"picked":"TheCursedMod:TacticalStrike","floor":1},{"not_picked":["TheCursedMod:BlessingInDisguise","TheCursedMod:Wield"],"picked":"TheCursedMod:SmokeScreen","floor":3},{"not_picked":["TheCursedMod:CursedMace","TheCursedMod:RavingStaff"],"picked":"TheCursedMod:SpitefulStrike","floor":4},{"not_picked":["TheCursedMod:CursedArmor","TheCursedMod:SoulCrush"],"picked":"TheCursedMod:CircleOfAbyss","floor":6},{"not_picked":["TheCursedMod:Obscuration","TheCursedMod:RapidMovement"],"picked":"TheCursedMod:WearCloak","floor":10},{"not_picked":["TheCursedMod:Torture","TheCursedMod:SpitefulPlan"],"picked":"TheCursedMod:CursedMace","floor":11},{"not_picked":["TheCursedMod:CursedAmulet","TheCursedMod:RapidMovement"],"picked":"TheCursedMod:CursedMace","floor":14},{"not_picked":["TheCursedMod:CursedRelics","TheCursedMod:StunningStrike"],"picked":"TheCursedMod:VoidForm","floor":16},{"not_picked":["TheCursedMod:CursedMace","TheCursedMod:Torture"],"picked":"TheCursedMod:Obscuration+1","floor":18},{"not_picked":["TheCursedMod:RapidMovement","TheCursedMod:Stigma+1"],"picked":"TheCursedMod:CursedShiv+1","floor":21},{"not_picked":["TheCursedMod:CursedStaff+1","TheCursedMod:SmokeScreen"],"picked":"TheCursedMod:CircleOfBlood","floor":24},{"not_picked":["TheCursedMod:SurpriseAttack","TheCursedMod:CircleOfAmplification"],"picked":"TheCursedMod:SmokeScreen","floor":27},{"not_picked":["TheCursedMod:Stigma","TheCursedMod:Grudge"],"picked":"TheCursedMod:CircleOfCorruption","floor":28},{"not_picked":["TheCursedMod:VitalStrike","TheCursedMod:CursedAmulet+1"],"picked":"TheCursedMod:StingEye","floor":29},{"not_picked":["TheCursedMod:CursedBoomerang","TheCursedMod:CursedShiv"],"picked":"TheCursedMod:WearCloak","floor":30},{"not_picked":["TheCursedMod:CircleOfAbyss","TheCursedMod:DarkBarrier"],"picked":"TheCursedMod:AntiAging","floor":33},{"not_picked":["TheCursedMod:CircleOfAmplification","TheCursedMod:Torture+1"],"picked":"TheCursedMod:CircleOfCorruption+1","floor":35},{"not_picked":["TheCursedMod:RapidMovement+1","TheCursedMod:Obscuration+1"],"picked":"TheCursedMod:CursedBoomerang+1","floor":36},{"not_picked":["Panacea","Magnetism"],"picked":"Specialist","floor":37},{"not_picked":["TheCursedMod:SpitefulPlan","TheCursedMod:SoulCrush"],"picked":"TheCursedMod:Stigma+1","floor":38},{"not_picked":["TheCursedMod:EmpowerCircles+1","TheCursedMod:Obscuration"],"picked":"TheCursedMod:FleshFromBone","floor":39},{"not_picked":["TheCursedMod:Evocation+1","TheCursedMod:ReleasedStrength+1"],"picked":"TheCursedMod:CursedBlade+1","floor":42},{"not_picked":["TheCursedMod:CursedAmulet+1","TheCursedMod:CircleOfFlame"],"picked":"TheCursedMod:AntiAging","floor":44},{"not_picked":["TheCursedMod:CursedBlade","TheCursedMod:Wield"],"picked":"TheCursedMod:CircleOfFlame+1","floor":47},{"not_picked":["TheCursedMod:Evocation+1","TheCursedMod:WearCloak+1"],"picked":"TheCursedMod:VitalStrike+1","floor":48},{"not_picked":["TheCursedMod:CursedMace","TheCursedMod:RavingStaff+1"],"picked":"TheCursedMod:CursedBlade+1","floor":54}],"player_experience":230683,"relics_obtained":[{"floor":6,"key":"Blood Vial"},{"floor":22,"key":"ReplayTheSpireMod:Ring of Collecting"},{"floor":26,"key":"Snack Pack"},{"floor":26,"key":"Ring of Misfortune"},{"floor":27,"key":"Du-Vu Doll"},{"floor":42,"key":"FossilizedHelix"},{"floor":43,"key":"Lizard Tail"},{"floor":43,"key":"Ring of Searing"},{"floor":44,"key":"Pocketwatch"},{"floor":47,"key":"Peace Pipe"},{"floor":54,"key":"Happy Flower"}],"event_choices":[{"damage_healed":0,"gold_gain":0,"player_choice":"Trade","damage_taken":0,"relics_obtained":["CultistMask"],"max_hp_gain":0,"max_hp_loss":0,"event_name":"FaceTrader","floor":2,"gold_loss":0},{"damage_healed":18,"gold_gain":0,"player_choice":"Healed and dodged fight","damage_taken":0,"max_hp_gain":0,"max_hp_loss":0,"event_name":"Mushrooms","floor":8,"gold_loss":0,"cards_obtained":["Parasite"]},{"damage_healed":0,"gold_gain":75,"player_choice":"Gained Gold","damage_taken":0,"max_hp_gain":0,"max_hp_loss":0,"event_name":"Golden Wing","floor":12,"gold_loss":0},{"damage_healed":0,"gold_gain":0,"player_choice":"Stole Relic","damage_taken":0,"relics_obtained":["Nunchaku"],"max_hp_gain":0,"max_hp_loss":0,"event_name":"Addict","floor":20,"gold_loss":0,"cards_obtained":["Shame"]},{"damage_healed":0,"gold_gain":0,"player_choice":"Damaged","damage_taken":7,"max_hp_gain":0,"max_hp_loss":0,"event_name":"Wheel of Change","floor":31,"gold_loss":0},{"damage_healed":0,"gold_gain":0,"player_choice":"Memory 1","damage_taken":0,"max_hp_gain":0,"max_hp_loss":0,"event_name":"SensoryStone","floor":37,"gold_loss":0},{"damage_healed":0,"gold_gain":0,"player_choice":"Embrace Madness","damage_taken":10,"max_hp_gain":0,"max_hp_loss":0,"event_name":"Winding Halls","floor":41,"gold_loss":0,"cards_obtained":["Madness","Madness"]},{"damage_healed":0,"gold_gain":0,"player_choice":"Fight","damage_taken":0,"max_hp_gain":0,"max_hp_loss":0,"event_name":"Mysterious Sphere","floor":42,"gold_loss":0},{"damage_healed":0,"gold_gain":0,"player_choice":"Paid","damage_taken":0,"relics_obtained":["Red Mask"],"max_hp_gain":0,"max_hp_loss":0,"event_name":"Tomb of Lord Red Mask","floor":46,"gold_loss":360}],"is_beta":false,"boss_relics":[{"not_picked":["TheCursedMod:BlackMagicAdvanced","TheCursedMod:FourLeafCloverCharm"],"picked":"Cursed Key"},{"not_picked":["Velvet Choker","Replay:Drink Me"],"picked":"construct:WeddingRing"}],"items_purged_floors":[19],"is_endless":false,"potions_floor_spawned":[3,4,10,16,24,28,35,42,47],"killed_by":"The Heart","ascension_level":0}}