{"host":"8d3fefv2347kqkpz","time":1611005020,"event":{"mods":["100% Spire Juice","AchievementEnabler","Act Like it!","Aspiration","BaseMod","Better Vampires","Colored Map","Colored Powertips","Conspire","GifTheSpireLib","Highlight Path","Mimic Mod","Minty Spire (QoL Compilation)","Quick Restart","Reimu£®≤©¿ˆ¡È√Œ£©","Relic Stats","Remilia£®¿Ÿ√◊¿Ú—«£©","Replay The Spire","Spicy Shops","StSLib","The Gatherer","The Jungle","The Senshi","The Servant 0.9.4","Waifu the Spire","vexMod"],"gold_per_floor":[110,121,121,140,157,157,175,175,175,193,213,58,58,86,86,188,188,206,52,52,68,68,96,96,96,126,51,51,82,101,120,120,219,219,235,249,265,285,285,285],"floor_reached":39,"language":"ZHS","playtime":2165,"items_purged":["Strike_B"],"score":440,"play_id":"9c5fae90-78e8-4aa3-a0cb-7f209a9e6798","local_time":"20210119052340","is_ascension_mode":false,"campfire_choices":[{"data":"Zap","floor":6.0,"key":"SMITH"},{"data":"Capacitor","floor":8.0,"key":"SMITH"},{"data":"Loop","floor":13.0,"key":"SMITH"},{"floor":15.0,"key":"REST"},{"data":"Self Repair","floor":24.0,"key":"SMITH"},{"floor":28.0,"key":"REST"},{"floor":32.0,"key":"REST"}],"circlet_count":0,"master_deck":["Strike_B","Strike_B","Strike_B","Defend_B","Defend_B","Defend_B","Defend_B","Zap+1","Dualcast","Leap","Capacitor+1","Loop+1","Conserve Battery","ReplayRNGCard","FIFO Queue","aspiration:Polymerization","aspiration:Polymerization","Self Repair+1","BootSequence","Time Bomb","Reboot","Loop","ReplayRNGCard","Rainbow","Conserve Battery+1","Parasite"],"relics":["Cracked Core","InkBottle","Orrery","Odd Mushroom","Snecko Heart","Prayer Wheel","Nloth\u0027s Gift","Iron Hammer","HornCleat","Replay:WaspNest","aspiration:PoetsPen_weak"],"acts_visited":["Exordium","TheCity","TheBeyond"],"potions_floor_usage":[],"damage_taken":[{"damage":0.0,"enemies":"2 Louse","floor":1.0,"turns":3.0},{"damage":0.0,"enemies":"Cultist","floor":2.0,"turns":3.0},{"damage":0.0,"enemies":"Small Slimes","floor":4.0,"turns":3.0},{"damage":17.0,"enemies":"Exordium Thugs","floor":5.0,"turns":6.0},{"damage":2.0,"enemies":"Blue Slaver","floor":7.0,"turns":4.0},{"damage":7.0,"enemies":"3 Louse","floor":10.0,"turns":5.0},{"damage":11.0,"enemies":"Gremlin Gang","floor":11.0,"turns":5.0},{"damage":19.0,"enemies":"The Mushroom Lair","floor":14.0,"turns":6.0},{"damage":35.0,"enemies":"Hexaghost","floor":16.0,"turns":12.0},{"damage":21.0,"enemies":"3 Byrds","floor":18.0,"turns":8.0},{"damage":6.0,"enemies":"Chosen","floor":21.0,"turns":8.0},{"damage":43.0,"enemies":"Slavers","floor":23.0,"turns":8.0},{"damage":11.0,"enemies":"Snecko","floor":26.0,"turns":8.0},{"damage":12.0,"enemies":"conspire:Head Lice","floor":29.0,"turns":8.0},{"damage":31.0,"enemies":"Snecko","floor":30.0,"turns":8.0},{"damage":67.0,"enemies":"3 Cultists","floor":31.0,"turns":6.0},{"damage":14.0,"enemies":"Champ","floor":33.0,"turns":8.0},{"damage":28,"enemies":"3 Shapes","floor":35,"turns":6},{"damage":52,"enemies":"Orb Walker","floor":36,"turns":6},{"damage":26,"enemies":"Writhing Mass","floor":37,"turns":8},{"damage":30,"enemies":"Spire Growth","floor":38,"turns":5},{"damage":28,"enemies":"Transient","floor":39,"turns":3}],"seed_played":"-7234291570564372036","potions_obtained":[{"floor":5.0,"key":"Toxic Potion"},{"floor":10.0,"key":"Flashbang"},{"floor":11.0,"key":"LifebloodPotion"},{"floor":30.0,"key":"SteroidPotion"},{"floor":31.0,"key":"ColorlessPotion"},{"floor":37,"key":"DuplicationPotion"}],"is_trial":false,"path_per_floor":["M","M","?","M","M","R","M","R","T","M","M","$","R","?","R","B",null,"M","$","?","M","$","E","R","?","MIM","$","R","E","M","M","R","B",null,"M","M","M","M","M"],"character_chosen":"DEFECT","items_purchased":["Orrery","Self Repair"],"campfire_rested":3,"item_purchase_floors":[12,19],"current_hp_per_floor":[82,82,82,82,65,65,63,63,68,61,50,50,50,31,57,22,87,66,66,66,74,74,45,45,45,51,51,77,82,68,18,44,47,87,79,47,41,28,0,0],"gold":285,"neow_bonus":"TEN_PERCENT_HP_BONUS","is_daily":false,"chose_seed":false,"campfire_upgraded":4,"win_rate":0.0,"timestamp":1611005020,"path_taken":["M","M","?","M","?","R","M","R","T","M","M","$","R","?","R","BOSS","M","$","?","M","?","E","R","?","MIM","$","R","E","M","M","R","BOSS","M","?","M","M","M"],"items_purchased_type":["Relic","Card"],"build_version":"2020-12-22","purchased_purges":1,"victory":false,"max_hp_per_floor":[82,82,82,82,82,82,82,82,87,87,87,87,87,87,87,87,87,87,87,87,87,87,87,87,87,87,87,87,87,87,87,87,87,87,87,87,87,87,87,87],"relic_stats":{"counters":[22,133],"Prayer Wheel":8,"Nloth\u0027s Gift":4,"obtain_stats":[{"vexMod:Dragonfruit":9,"Snecko Heart":17,"HornCleat":26,"Orrery":12,"Prayer Wheel":18,"Iron Hammer":23,"Replay:WaspNest":29,"aspiration:PoetsPen_weak":34,"Nloth\u0027s Gift":20,"Odd Mushroom":14,"Cracked Core":0,"InkBottle":3},{"vexMod:Dragonfruit":5,"Snecko Heart":9,"HornCleat":13,"Orrery":7,"Prayer Wheel":10,"Iron Hammer":12,"Replay:WaspNest":14,"aspiration:PoetsPen_weak":17,"Nloth\u0027s Gift":10,"Odd Mushroom":8,"Cracked Core":0,"InkBottle":2},{"vexMod:Dragonfruit":19,"Snecko Heart":45,"HornCleat":75,"Orrery":28,"Prayer Wheel":48,"Iron Hammer":68,"Replay:WaspNest":83,"aspiration:PoetsPen_weak":105,"Nloth\u0027s Gift":53,"Odd Mushroom":33,"Cracked Core":0,"InkBottle":6}],"InkBottle":[45]},"card_choices":[{"not_picked":["Hologram","Streamline"],"picked":"Leap","floor":1.0},{"not_picked":["Barrage","Reinforced Body","Panic Button"],"picked":"SKIP","floor":2.0},{"not_picked":["Force Field","Blizzard","Hello World"],"picked":"SKIP","floor":4.0},{"not_picked":["Cold Snap","Stack","Leap"],"picked":"SKIP","floor":5.0},{"not_picked":["Static Discharge","conspire:SharedLibrary"],"picked":"Capacitor","floor":7.0},{"not_picked":["Sweeping Beam","Go for the Eyes"],"picked":"Loop","floor":10.0},{"not_picked":["Rebound","Turbo","Genetic Algorithm"],"picked":"SKIP","floor":11.0},{"not_picked":["Glacier","Hologram"],"picked":"Conserve Battery","floor":12.0},{"not_picked":["Ball Lightning","Sweeping Beam"],"picked":"ReplayRNGCard","floor":12.0},{"not_picked":["Hyperbeam","Glacier"],"picked":"FIFO Queue","floor":12.0},{"not_picked":["Streamline","Gash"],"picked":"aspiration:Polymerization","floor":14.0},{"not_picked":["Echo Form","Seek"],"picked":"ReplayTheSpireMod:Fabricate Wheel","floor":16.0},{"not_picked":["Chill+1","Force Field+1"],"picked":"aspiration:Polymerization","floor":18.0},{"not_picked":["Streamline","Doom and Gloom","Ball Lightning"],"picked":"SKIP","floor":18.0},{"not_picked":["Ball Lightning","Conserve Battery"],"picked":"BootSequence","floor":21.0},{"not_picked":["Auto Shields","Ball Lightning","Gash"],"picked":"SKIP","floor":21.0},{"not_picked":["ReplayRNGCard","Hologram"],"picked":"Time Bomb","floor":23.0},{"not_picked":["Steam","Conserve Battery+1"],"picked":"Reboot","floor":29.0},{"not_picked":["Gash","Hologram","Glacier"],"picked":"SKIP","floor":30.0},{"not_picked":["Compile Driver","Beam Cell","Leap"],"picked":"SKIP","floor":30.0},{"not_picked":["Cold Snap","Meteor Strike"],"picked":"Loop","floor":31.0},{"not_picked":["Streamline","Static Discharge","Go for the Eyes+1"],"picked":"SKIP","floor":31.0},{"not_picked":["Fission","Seek"],"picked":"ReplayRNGCard","floor":33.0},{"not_picked":["Streamline","Gash"],"picked":"Rainbow","floor":35},{"not_picked":["Sweeping Beam+1","Hologram+1","Auto Shields"],"picked":"SKIP","floor":35},{"not_picked":["Ball Lightning","Sweeping Beam"],"picked":"Conserve Battery+1","floor":36},{"not_picked":["Auto Shields","Coolheaded","Stack"],"picked":"SKIP","floor":36},{"not_picked":["Sweeping Beam","Amplify","Go for the Eyes+1"],"picked":"SKIP","floor":37},{"not_picked":["Heatsinks+1","ReplayTheSpireMod:Omega Cannon","Cold Snap+1"],"picked":"SKIP","floor":37},{"not_picked":["Recycle","Aggregate","Redo+1"],"picked":"SKIP","floor":38},{"not_picked":["Chill+1","Streamline","Hologram+1"],"picked":"SKIP","floor":38}],"player_experience":103892,"relics_obtained":[{"floor":3.0,"key":"InkBottle"},{"floor":9.0,"key":"vexMod:Dragonfruit"},{"floor":14.0,"key":"Odd Mushroom"},{"floor":23.0,"key":"Iron Hammer"},{"floor":26.0,"key":"HornCleat"},{"floor":29.0,"key":"Replay:WaspNest"}],"event_choices":[{"damage_healed":0.0,"max_hp_gain":0.0,"max_hp_loss":0.0,"gold_gain":0.0,"event_name":"Wheel of Change","player_choice":"Relic","floor":3.0,"gold_loss":0.0,"damage_taken":0.0},{"damage_healed":0.0,"max_hp_gain":0.0,"max_hp_loss":0.0,"gold_gain":0.0,"event_name":"Mushrooms","player_choice":"Fought Mushrooms","floor":14.0,"gold_loss":0.0,"damage_taken":0.0},{"damage_healed":0.0,"max_hp_gain":0.0,"max_hp_loss":0.0,"gold_gain":0.0,"event_name":"N\u0027loth","player_choice":"Traded Relic","floor":20.0,"relics_lost":["vexMod:Dragonfruit"],"gold_loss":0.0,"damage_taken":0.0,"relics_obtained":["Nloth\u0027s Gift"]},{"damage_healed":0.0,"max_hp_gain":0.0,"max_hp_loss":0.0,"gold_gain":0.0,"event_name":"conspire:Investor","player_choice":"Leave","floor":25.0,"gold_loss":0.0,"damage_taken":0.0}],"is_beta":false,"boss_relics":[{"not_picked":["aspiration:BursterCore","Replay:Wanted Poster"],"picked":"Snecko Heart"},{"not_picked":["vexMod:MysteryBossChallenge","Cursed Key"],"picked":"aspiration:PoetsPen_weak"}],"items_purged_floors":[27],"is_endless":false,"potions_floor_spawned":[5,10,11,21,30,31,37],"killed_by":"Transient","ascension_level":0}}