{"host":"kn32u0f2pym5bozc","time":1608979716,"event":{"mods":["2.2 Compatiblity","BaseMod","Better Third Choice","Minty Spire (QoL Compilation)","Permanent Neow","Relic Stats","StSLib","The Animator"],"gold_per_floor":[119,84,84,4,19,19,19,19],"floor_reached":7,"playtime":750,"items_purged":[],"score":62,"play_id":"91a937f1-7570-42fe-baf6-0c4909f79f27","local_time":"20201226054836","is_ascension_mode":true,"campfire_choices":[{"data":"animator:DwarfShaman","floor":6,"key":"SMITH"}],"circlet_count":0,"master_deck":["AscendersBane","animator:Strike_GoblinSlayer","animator:Defend_GoblinSlayer","animator:Strike","animator:Strike","animator:Strike","animator:Defend","animator:Defend","animator:Defend","animator:LizardPriest","animator:DwarfShaman+1","animator:LeleiLaLalena","animator:Gillette","animator:Darkness","animator:Megumin+1"],"relics":["animator:LivingPicture","animator:TheMissingPiece","animator:PurgingStone","Prayer Wheel","betterThird:SlimedRelic"],"acts_visited":["Exordium"],"potions_floor_usage":[],"damage_taken":[{"damage":1,"enemies":"2 Louse","floor":1,"turns":3},{"damage":12,"enemies":"Jaw Worm","floor":5,"turns":6},{"damage":40,"enemies":"Gremlin Nob","floor":7,"turns":5}],"seed_played":"-1369882584086283265","potions_obtained":[{"floor":5,"key":"LiquidBronze"}],"is_trial":false,"path_per_floor":["M","?","?","$","M","R","E"],"character_chosen":"THE_ANIMATOR","items_purchased":["animator:Darkness"],"campfire_rested":0,"item_purchase_floors":[4],"current_hp_per_floor":[58,47,47,47,35,35,0,0],"gold":19,"neow_bonus":"ONE_RARE_RELIC","is_daily":false,"chose_seed":false,"campfire_upgraded":1,"win_rate":0.0,"timestamp":1608979716,"path_taken":["M","?","?","$","M","R","E"],"items_purchased_type":["Card"],"build_version":"2020-12-22","purchased_purges":0,"victory":false,"max_hp_per_floor":[60,60,60,60,60,60,60,60],"relic_stats":{"counters":[3,13],"Prayer Wheel":2,"obtain_stats":[{"animator:PurgingStone":0,"animator:TheMissingPiece":0,"betterThird:SlimedRelic":2,"Prayer Wheel":0,"animator:LivingPicture":0},{"animator:PurgingStone":0,"animator:TheMissingPiece":0,"betterThird:SlimedRelic":1,"Prayer Wheel":0,"animator:LivingPicture":0},{"animator:PurgingStone":0,"animator:TheMissingPiece":0,"betterThird:SlimedRelic":3,"Prayer Wheel":0,"animator:LivingPicture":0}]},"card_choices":[{"not_picked":["animator:Konayuki","animator:ZankiKiguchi"],"picked":"animator:LeleiLaLalena","floor":1},{"not_picked":["animator:Benimaru","animator:Chris"],"picked":"animator:Gillette","floor":1},{"not_picked":["animator:TukaLunaMarceau","animator:Raven"],"picked":"animator:Megumin","floor":5},{"not_picked":["animator:Viivi","animator:TsurugaMeisai","animator:Illya"],"picked":"SKIP","floor":5}],"player_experience":755877,"relics_obtained":[],"event_choices":[{"damage_healed":0,"gold_gain":0,"player_choice":"Slimed","damage_taken":11,"max_hp_gain":0,"max_hp_loss":0,"event_name":"betterThird:BetterGoop","floor":2,"gold_loss":35}],"is_beta":false,"boss_relics":[],"items_purged_floors":[],"is_endless":false,"potions_floor_spawned":[5],"killed_by":"Gremlin Nob","ascension_level":12}}