{"host":"7o30bgpqouqblh42","time":1608996268,"event":{"mods":["AchievementEnabler","Aspiration","BaseMod","Colored Map","Downfall","Highlight Path","Minty Spire (QoL Compilation)","StSLib","SuperFastMode"],"gold_per_floor":[0,13,29,41,41,141,195,214,64,64,4,4,24,43,54,149,149,149,169,169,169,169,169,169,195,195,208,125,125,125,125,125,125],"floor_reached":31,"playtime":1896,"items_purged":[],"score":267,"play_id":"53a189a2-447d-4820-9e6f-4777b0a3c2f2","local_time":"20201226102428","is_ascension_mode":true,"campfire_choices":[{"floor":1,"key":"RECALL"},{"data":"Guardian:TimeSifter","floor":9,"key":"SMITH"},{"data":"Guardian:ShieldCharger","floor":12,"key":"SMITH"},{"data":"Guardian:Orbwalk","floor":18,"key":"SMITH"},{"floor":26,"key":"REST"}],"circlet_count":0,"master_deck":["Guardian:Strike_Guardian","Guardian:Strike_Guardian","Guardian:Defend_Guardian","Guardian:Defend_Guardian","Guardian:Defend_Guardian","Guardian:CurlUp","Guardian:TwinSlam","Guardian:TimeSifter+1","Guardian:Planning","Guardian:Recover","Guardian:Incinerate","Guardian:TemporalStrike","Guardian:ShieldCharger+1","Guardian:Orbwalk+1","Guardian:TemporalStrike","Guardian:Gem_Yellow","Guardian:BaubleBeam","Guardian:AncientConstruct+1","Guardian:Gem_Blue","Guardian:BronzeOrb"],"relics":["Guardian:ModeShifter","downfall:HeartBlessingRed","downfall:HeartBlessingBlue","WarpedTongs","Astrolabe","Happy Flower","Unceasing Top","aspiration:ChemicalBlood","MutagenicStrength"],"acts_visited":["Exordium","TheCity"],"potions_floor_usage":[8,14,31,31,31],"damage_taken":[{"damage":0,"enemies":"Cultist","floor":2,"turns":4},{"damage":2,"enemies":"Jaw Worm","floor":3,"turns":5},{"damage":2,"enemies":"2 Louse","floor":4,"turns":2},{"damage":5,"enemies":"Exordium Thugs","floor":8,"turns":5},{"damage":7,"enemies":"downfall:FleeingMerchant","floor":11,"turns":4},{"damage":14,"enemies":"3 Louse","floor":13,"turns":3},{"damage":5,"enemies":"2 Fungi Beasts","floor":14,"turns":3},{"damage":11,"enemies":"Blue Slaver","floor":15,"turns":4},{"damage":19,"enemies":"downfall:Watcher","floor":16,"turns":9},{"damage":12,"enemies":"Shell Parasite","floor":19,"turns":5},{"damage":61,"enemies":"Gremlin Leader","floor":25,"turns":7},{"damage":15,"enemies":"3 Byrds","floor":27,"turns":4},{"damage":0,"enemies":"downfall:FleeingMerchant","floor":28,"turns":4},{"damage":37,"enemies":"Slavers","floor":31,"turns":5}],"seed_played":"-2063294058414411708","potions_obtained":[{"floor":2,"key":"DuplicationPotion"},{"floor":4,"key":"Weak Potion"},{"floor":13,"key":"Swift Potion"},{"floor":16,"key":"Energy Potion"},{"floor":25,"key":"Strength Potion"},{"floor":27,"key":"Guardian:BlockOnCardUsePotion"},{"floor":30,"key":"champ:CounterPotion"}],"is_trial":false,"path_per_floor":["R","M","M","M","?","?","T","M","R","?","$","R","M","M","M","B",null,"R","M","?","?","T","?","T","E","R","M","$","?","?","E"],"character_chosen":"GUARDIAN","items_purchased":["Guardian:ShieldCharger","Guardian:BronzeOrb"],"campfire_rested":1,"item_purchase_floors":[11,28],"current_hp_per_floor":[80,80,78,76,76,76,76,71,81,81,74,74,60,55,44,25,90,90,78,78,78,78,78,78,17,44,29,29,29,29,0,0,0],"gold":125,"neow_bonus":"THREE_RARE_CARDS","is_daily":false,"chose_seed":false,"campfire_upgraded":3,"win_rate":0.0,"timestamp":1608996268,"path_taken":["R","M","M","?","?","?","T","M","R","?","$","R","M","?","M","BOSS","R","M","?","?","?","?","T","E","R","M","?","?","?","E"],"items_purchased_type":["Card","Card"],"build_version":"2020-12-22","purchased_purges":0,"victory":false,"max_hp_per_floor":[80,80,80,80,80,80,80,80,90,90,90,90,90,90,90,90,90,90,90,90,90,90,90,90,90,90,90,90,90,90,90,90,90],"card_choices":[{"not_picked":["Guardian:StasisStrike","Guardian:FastForward"],"picked":"Guardian:TimeSifter","floor":0},{"not_picked":["Guardian:Gem_Green","Guardian:PrismaticBarrier"],"picked":"Guardian:Planning","floor":2},{"not_picked":["Guardian:Gem_Cyan","Guardian:CrystalBeam"],"picked":"Guardian:Gem_Yellow","floor":3},{"not_picked":["Guardian:Gem_Green","Guardian:CrystalBeam"],"picked":"Guardian:Recover","floor":4},{"not_picked":["Guardian:SpikerProtocol","Guardian:RollAttack","Guardian:Gem_Lightblue"],"picked":"SKIP","floor":8},{"not_picked":["Guardian:Suspension","Guardian:Gem_Cyan"],"picked":"Guardian:TemporalStrike","floor":11},{"not_picked":["Guardian:Harden","Guardian:PrismaticBeam"],"picked":"Guardian:Orbwalk","floor":13},{"not_picked":["Guardian:Planning","Guardian:VentSteam"],"picked":"Guardian:TemporalStrike","floor":14},{"not_picked":["Guardian:Planning","Guardian:TemporalShield"],"picked":"Guardian:Gem_Yellow","floor":15},{"not_picked":["Guardian:GemFinder","Guardian:GemFire"],"picked":"Guardian:BaubleBeam","floor":16},{"not_picked":["Guardian:Incinerate","Guardian:WalkerClaw+1","Guardian:VentSteam"],"picked":"SKIP","floor":19},{"not_picked":["Guardian:BronzeArmor","Guardian:Gem_Lightblue"],"picked":"Guardian:Gem_Purple","floor":25},{"not_picked":["Guardian:SentryBeam","Guardian:Harden"],"picked":"Guardian:Gem_Blue","floor":27},{"not_picked":["Guardian:Emergency+1","Guardian:CrystalBeam+1","Guardian:Incinerate"],"picked":"SKIP","floor":28}],"player_experience":180590,"relics_obtained":[{"floor":22,"key":"Happy Flower"},{"floor":24,"key":"Unceasing Top"},{"floor":25,"key":"aspiration:ChemicalBlood"}],"event_choices":[{"damage_healed":0,"gold_gain":0,"cards_transformed":["Guardian:Strike_Guardian"],"player_choice":"Change","damage_taken":0,"max_hp_gain":0,"max_hp_loss":0,"event_name":"Living Wall","floor":5,"gold_loss":0,"cards_obtained":["Guardian:Incinerate"]},{"cards_removed":["Guardian:Gem_Green"],"damage_healed":0,"gold_gain":0,"player_choice":"Elegance","damage_taken":0,"max_hp_gain":0,"max_hp_loss":0,"event_name":"Back to Basics","floor":21,"gold_loss":0},{"damage_healed":0,"gold_gain":0,"player_choice":"Ignored","damage_taken":0,"max_hp_gain":0,"max_hp_loss":0,"event_name":"Vampires","floor":23,"gold_loss":0},{"damage_healed":0,"gold_gain":0,"player_choice":"Inject Mutagens","damage_taken":0,"relics_obtained":["MutagenicStrength"],"max_hp_gain":0,"max_hp_loss":0,"event_name":"Drug Dealer","floor":29,"gold_loss":0},{"damage_healed":0,"gold_gain":0,"player_choice":"Got Potions","damage_taken":0,"max_hp_gain":0,"max_hp_loss":0,"event_name":"Lab","floor":30,"gold_loss":0}],"is_beta":false,"boss_relics":[{"not_picked":["aspiration:RunicSpoon","aspiration:RitualDagger"],"picked":"Astrolabe"}],"items_purged_floors":[],"is_endless":false,"potions_floor_spawned":[2,4,13,16,25,27],"killed_by":"Slavers","ascension_level":2}}