{"host":"bq4pt811tk9yrmjl","time":1608941482,"event":{"mods":["AchievementEnabler","BaseMod","Colored Map","Colored Powertips","Defuse TimeMaze Blight","Minty Spire (QoL Compilation)","StSLib","SuperFastMode","UnlockEverythingMod"],"gold_per_floor":[116,116,116,130,209,209,240,240,240,251,251,265,265,277,277,376,376,386,386,386],"floor_reached":19,"playtime":253,"items_purged":[],"score":202,"play_id":"78be3c89-8a11-43ea-902f-8f39479af63d","local_time":"20201225221122","is_ascension_mode":true,"campfire_choices":[{"data":"Zap","floor":6,"key":"SMITH"},{"data":"Redo","floor":8,"key":"SMITH"},{"data":"Dualcast","floor":11,"key":"SMITH"},{"data":"Conserve Battery","floor":13,"key":"SMITH"},{"data":"Tempest","floor":15,"key":"SMITH"}],"circlet_count":0,"master_deck":["Strike_B","Strike_B","Strike_B","Strike_B","Defend_B","Defend_B","Defend_B","Defend_B","Zap+1","Dualcast+1","Tempest+1","Redo+1","Conserve Battery+1","Cold Snap","Seek","BootSequence"],"relics":["Cracked Core","NeowsBlessing","Ancient Tea Set","White Beast Statue","Inserter"],"acts_visited":["Exordium","TheCity"],"potions_floor_usage":[12,16,16,16,18,18],"damage_taken":[{"damage":0,"enemies":"Small Slimes","floor":1,"turns":1},{"damage":0,"enemies":"Cultist","floor":4,"turns":1},{"damage":0,"enemies":"3 Sentries","floor":7,"turns":1},{"damage":0,"enemies":"2 Louse","floor":10,"turns":1},{"damage":0,"enemies":"Looter","floor":12,"turns":2},{"damage":7,"enemies":"Blue Slaver","floor":14,"turns":3},{"damage":12,"enemies":"Slime Boss","floor":16,"turns":10},{"damage":10,"enemies":"Spheric Guardian","floor":18,"turns":4},{"damage":0,"enemies":"3 Byrds","floor":19,"turns":2}],"seed_played":"-6749929155410721181","potions_obtained":[{"floor":4,"key":"Energy Potion"},{"floor":7,"key":"Strength Potion"},{"floor":10,"key":"SteroidPotion"},{"floor":12,"key":"Regen Potion"},{"floor":14,"key":"LiquidMemories"},{"floor":16,"key":"Ancient Potion"},{"floor":18,"key":"Fruit Juice"}],"is_trial":false,"path_per_floor":["M","?","$","M","T","R","E","R","T","M","R","M","R","M","R","B",null,"M","M"],"character_chosen":"DEFECT","items_purchased":[],"campfire_rested":0,"item_purchase_floors":[],"current_hp_per_floor":[75,75,75,75,75,75,75,75,75,75,75,75,75,68,68,64,75,70,70,70],"gold":386,"neow_bonus":"THREE_ENEMY_KILL","is_daily":false,"chose_seed":false,"campfire_upgraded":5,"win_rate":0.0,"timestamp":1608941482,"path_taken":["M","?","$","?","?","R","E","R","T","M","R","M","R","M","R","BOSS","M","M"],"items_purchased_type":[],"build_version":"2020-12-22","purchased_purges":0,"victory":false,"max_hp_per_floor":[75,75,75,75,75,75,75,75,75,75,75,75,75,75,75,75,75,80,80,80],"card_choices":[{"not_picked":["Beam Cell","Steam"],"picked":"Tempest","floor":1},{"not_picked":["Cold Snap","Turbo"],"picked":"Redo","floor":4},{"not_picked":["Beam Cell","Sweeping Beam"],"picked":"Conserve Battery","floor":7},{"not_picked":["Chill","Tempest","Turbo"],"picked":"SKIP","floor":10},{"not_picked":["Rip and Tear","Meteor Strike"],"picked":"Cold Snap","floor":12},{"not_picked":["Coolheaded","Chaos","Compile Driver"],"picked":"SKIP","floor":14},{"not_picked":["Multi-Cast","Hyperbeam"],"picked":"Seek","floor":16},{"not_picked":["Compile Driver","Go for the Eyes"],"picked":"BootSequence","floor":18}],"player_experience":116278,"relics_obtained":[{"floor":7,"key":"Ancient Tea Set"},{"floor":9,"key":"White Beast Statue"}],"event_choices":[{"cards_removed":["Panacea"],"damage_healed":0,"gold_gain":0,"player_choice":"Took Card","damage_taken":0,"max_hp_gain":0,"max_hp_loss":0,"event_name":"NoteForYourself","floor":2,"gold_loss":0,"cards_obtained":["Panacea"]}],"is_beta":false,"boss_relics":[{"not_picked":["Philosopher\u0027s Stone","Fusion Hammer"],"picked":"Inserter"}],"items_purged_floors":[],"is_endless":false,"potions_floor_spawned":[4,7,10,12,14,16,18],"killed_by":"3 Byrds","ascension_level":1}}