{"host":"7k2a2omxz3voj5ax","time":1608992879,"event":{"mods":["BaseMod","Marisa£¨ìFÓê¡¡Ä§ÀíÉ³£©","Minty Spire (QoL Compilation)","Quick Restart","Spicy Shops","StSLib","Starting Relic: Pandora\u0027s Box","óô»ðÖ¸ÄÏ"],"gold_per_floor":[117,130,1762,1762,1779,1805,1805,1837,1837,1867,1920,1949,1949,1949,1949,2026,2026,2036,2051,2061,1638,1553,1553,1553],"floor_reached":23,"playtime":1127,"items_purged":["Clash","Thunderclap"],"score":484,"play_id":"65946967-7efa-48ff-a602-41f1c7c9007f","local_time":"20201226232759","is_ascension_mode":true,"campfire_choices":[{"data":"Immolate","floor":7.0,"key":"SMITH"},{"floor":13.0,"key":"REST"},{"data":"Limit Break","floor":15.0,"key":"SMITH"}],"circlet_count":0,"master_deck":["AscendersBane","Sentinel","Flex","Wild Strike","Cleave","True Grit","Armaments","Demon Form","Rupture","Feel No Pain","Second Wind","Immolate+1","Double Tap","Bloodletting","Limit Break+1","Exhume","Brutality","Battle Trance"],"relics":["Pandora\u0027s Box","Bag of Preparation","Lantern","Medical Kit","The Courier","Potion Belt","Dream Catcher","Red Skull","Eternal Feather","Black Star","Omamori","Toy Ornithopter"],"acts_visited":["Exordium","TheCity"],"potions_floor_usage":[23,23],"damage_taken":[{"damage":15.0,"enemies":"Small Slimes","floor":1.0,"turns":5.0},{"damage":7.0,"enemies":"Jaw Worm","floor":2.0,"turns":3.0},{"damage":6.0,"enemies":"Cultist","floor":5.0,"turns":4.0},{"damage":18.0,"enemies":"Lagavulin","floor":6.0,"turns":7.0},{"damage":5.0,"enemies":"Gremlin Nob","floor":8.0,"turns":3.0},{"damage":12.0,"enemies":"Lagavulin","floor":10.0,"turns":5.0},{"damage":0.0,"enemies":"3 Sentries","floor":12.0,"turns":2.0},{"damage":30.0,"enemies":"Hexaghost","floor":16.0,"turns":8.0},{"damage":20.0,"enemies":"2 Thieves","floor":18.0,"turns":2.0},{"damage":0.0,"enemies":"Chosen","floor":19.0,"turns":3.0},{"damage":14.0,"enemies":"3 Cultists","floor":20.0,"turns":3.0},{"damage":54,"enemies":"Book of Stabbing","floor":23,"turns":5}],"seed_played":"-6347681820756986245","potions_obtained":[{"floor":1.0,"key":"BlessingOfTheForge"},{"floor":6.0,"key":"Dexterity Potion"},{"floor":18.0,"key":"Strength Potion"}],"is_trial":false,"path_per_floor":["M","M","$","?","M","E","R","E","T","E","T","E","R","?","R","B",null,"M","M","M","$","?","E"],"character_chosen":"IRONCLAD","items_purchased":["Bag of Preparation","Lantern","Medical Kit","Omamori","Battle Trance","Explosive Potion","BloodPotion","Swift Potion"],"campfire_rested":1,"item_purchase_floors":[3,3,3,21,21,21,21,21],"current_hp_per_floor":[53,46,46,46,40,22,22,17,17,5,5,5,34,34,43,13,54,34,34,20,20,20,0,0],"gold":1553,"neow_bonus":"TRANSFORM_TWO_CARDS","is_daily":false,"chose_seed":false,"campfire_upgraded":2,"win_rate":0.0,"timestamp":1608992879,"path_taken":["M","M","$","?","M","E","R","E","T","E","?","E","R","?","R","BOSS","M","M","?","$","?","E"],"items_purchased_type":["Relic","Relic","Relic","Relic","Card","Potion","Potion","Potion"],"build_version":"2020-12-22","purchased_purges":2,"victory":false,"max_hp_per_floor":[68,68,68,68,68,68,68,68,68,68,68,68,68,68,68,68,68,68,68,68,68,68,68,68],"card_choices":[{"not_picked":["Metallicize","Fire Breathing"],"picked":"Feel No Pain","floor":1.0},{"not_picked":["Body Slam","Warcry","Inflame"],"picked":"SKIP","floor":2.0},{"not_picked":["Pommel Strike","Cleave"],"picked":"Second Wind","floor":5.0},{"not_picked":["Iron Wave","Entrench"],"picked":"Immolate","floor":6.0},{"not_picked":["Perfected Strike","Havoc"],"picked":"Double Tap","floor":8.0},{"not_picked":["Wild Strike","Flex"],"picked":"Bloodletting","floor":10.0},{"not_picked":["Dual Wield","Heavy Blade","Thunderclap"],"picked":"SKIP","floor":12.0},{"not_picked":["Pummel","Havoc"],"picked":"Limit Break","floor":13.0},{"not_picked":["Corruption","Immolate"],"picked":"Brutality","floor":16.0},{"not_picked":["Dropkick","Clothesline","Havoc"],"picked":"SKIP","floor":18.0},{"not_picked":["Sword Boomerang","Clothesline","Shrug It Off"],"picked":"SKIP","floor":19.0},{"not_picked":["Anger","Thunderclap","Disarm"],"picked":"SKIP","floor":20.0}],"player_experience":367596,"relics_obtained":[{"floor":6.0,"key":"The Courier"},{"floor":8.0,"key":"Potion Belt"},{"floor":10.0,"key":"Dream Catcher"},{"floor":11.0,"key":"Red Skull"},{"floor":12.0,"key":"Eternal Feather"}],"event_choices":[{"damage_healed":0.0,"max_hp_gain":0.0,"max_hp_loss":0.0,"gold_gain":0.0,"event_name":"Liars Game","player_choice":"Ignored","floor":4.0,"gold_loss":0.0,"damage_taken":0.0},{"damage_healed":0.0,"max_hp_gain":0.0,"max_hp_loss":0.0,"gold_gain":0.0,"event_name":"Match and Keep!","player_choice":"1 cards matched","floor":14.0,"gold_loss":0.0,"damage_taken":0.0,"cards_obtained":["Exhume"]},{"damage_healed":0.0,"max_hp_gain":0.0,"max_hp_loss":0.0,"gold_gain":0.0,"event_name":"Addict","player_choice":"Obtained Relic","floor":22.0,"gold_loss":85.0,"damage_taken":0.0,"relics_obtained":["Toy Ornithopter"]}],"is_beta":false,"boss_relics":[{"not_picked":["Calling Bell","Ectoplasm"],"picked":"Black Star"}],"items_purged_floors":[3,21],"is_endless":false,"potions_floor_spawned":[1,6,18],"killed_by":"Book of Stabbing","ascension_level":20}}