{"host":"od099uxc49ip1k8b","time":1608983168,"event":{"mods":["AchievementEnabler","Act Like it!","BaseMod","Downfall","Friendly Minions","Gensokyo","Hermit","Highlight Path","Koishi","KomeijiMod","Marisa????????","Minty Spire (QoL Compilation)","Quick Restart","Rare Cards Sparkle","Reimu??????","Remilia??????","StSLib","Td1madao Mod","The Administrix","The Alterego","The Animator","The Cursed","The Gatherer","The Servant 0.9.4","The Wild Card","Waifu the Spire","WarShipGirlsR/????R mod","Yohane!","Yuyuko"],"gold_per_floor":[15,32,43,43,13,45,45,65,65,65,65,65,65,83,83,83,83],"floor_reached":16,"playtime":1070,"items_purged":[],"score":150,"play_id":"e0d87f0e-f9d2-42ff-b936-f9ccdd570806","local_time":"20201226064608","is_ascension_mode":false,"campfire_choices":[{"data":"Infernal Blade","floor":7,"key":"SMITH"},{"data":"Iron Wave","floor":10,"key":"SMITH"},{"floor":13,"key":"REST"},{"data":"Ghostly Armor","floor":15,"key":"SMITH"}],"circlet_count":0,"master_deck":["Strike_R","Strike_R","Strike_R","Strike_R","Strike_R","Defend_R+1","Defend_R","Defend_R","Defend_R","Bash+1","Disarm","Metallicize","Cleave","Decay","Iron Wave+1","Infernal Blade+1","Impervious","Ghostly Armor+1"],"relics":["Burning Blood","Lantern","Pear","Sundial"],"acts_visited":[],"potions_floor_usage":[11,16],"damage_taken":[{"damage":10,"enemies":"Jaw Worm","floor":1,"turns":5},{"damage":1,"enemies":"Cultist","floor":2,"turns":3},{"damage":2,"enemies":"Small Slimes","floor":3,"turns":4},{"damage":2,"enemies":"Looter","floor":5,"turns":4},{"damage":28,"enemies":"3 Sentries","floor":6,"turns":9},{"damage":6,"enemies":"Red Slaver","floor":8,"turns":4},{"damage":0,"enemies":"Lots of Slimes","floor":14,"turns":3},{"damage":84,"enemies":"Slime Boss","floor":16,"turns":15}],"seed_played":"3629944566876530972","potions_obtained":[{"floor":6,"key":"BloodPotion"},{"floor":8,"key":"Block Potion"}],"is_trial":false,"path_per_floor":["M","M","M","?","M","E","R","M","T","R","?","?","R","M","R","B"],"character_chosen":"IRONCLAD","items_purchased":[],"campfire_rested":1,"item_purchase_floors":[],"current_hp_per_floor":[76,80,80,80,80,58,58,58,68,68,68,50,77,83,83,0,0],"gold":83,"neow_bonus":"RANDOM_COLORLESS_2","is_daily":false,"chose_seed":false,"campfire_upgraded":3,"win_rate":0.0,"timestamp":1608983168,"path_taken":["M","M","M","?","M","E","R","?","T","R","?","?","R","M","R","BOSS"],"items_purchased_type":[],"build_version":"2020-12-22","purchased_purges":0,"victory":false,"max_hp_per_floor":[80,80,80,80,80,80,80,80,90,90,90,90,90,90,90,90,90],"card_choices":[{"not_picked":["Magnetism","Sadistic Nature"],"picked":"Mayhem","floor":0.0},{"not_picked":["Hemokinesis","Second Wind"],"picked":"Disarm","floor":1},{"not_picked":["Warcry","Disarm"],"picked":"Metallicize","floor":2},{"not_picked":["Carnage","True Grit"],"picked":"Cleave","floor":3},{"not_picked":["Body Slam","Wild Strike"],"picked":"Iron Wave","floor":5},{"not_picked":["Burning Pact","Twin Strike"],"picked":"Infernal Blade","floor":6},{"not_picked":["True Grit","Cleave"],"picked":"Impervious","floor":8},{"not_picked":["Disarm","Carnage"],"picked":"Ghostly Armor","floor":14}],"player_experience":118271,"relics_obtained":[{"floor":6,"key":"Lantern"},{"floor":9,"key":"Pear"}],"event_choices":[{"damage_healed":0,"gold_gain":0,"player_choice":"Cursed","damage_taken":0,"max_hp_gain":0,"max_hp_loss":0,"event_name":"Wheel of Change","floor":4,"gold_loss":0,"cards_obtained":["Decay"]},{"damage_healed":0,"gold_gain":0,"player_choice":"Entered Light","damage_taken":18,"max_hp_gain":0,"max_hp_loss":0,"event_name":"Shining Light","floor":11,"gold_loss":0,"cards_upgraded":["Bash","Defend_R"]},{"damage_healed":0,"gold_gain":0,"player_choice":"Success","damage_taken":18,"relics_obtained":["Sundial"],"max_hp_gain":0,"max_hp_loss":0,"event_name":"Scrap Ooze","floor":12,"gold_loss":0}],"is_beta":false,"boss_relics":[],"items_purged_floors":[],"is_endless":false,"potions_floor_spawned":[6,8],"killed_by":"Slime Boss","ascension_level":0}}