{"host":"chv1qanoipyt46jc","time":1608956594,"event":{"mods":["2.2 Compatiblity","AchievementEnabler","BaseMod","BetterRewards","CapriCore","Card Filter","Conspire","Downfall","Gold Saver","Grow up Mod","Minty Spire (QoL Compilation)","Rare Cards Sparkle","Relic Filter","Remove Card Discount Mod","Reorder Act Four","StSLib"],"gold_per_floor":[1153,1169,1186,999102,999117,999042,999042,999060,998985,998998,999010,999010,999037,998466,998476,998574,998574,998499,998510,998556,998568,997902,997939,997939,997949,997949,997949,997991,998116,998116,998173,998212,998314,998314,998314,998327,998338,998355,998375,998375,998375,998375,998392,998410,998435,998435,998535,998585,998603,998603,998603,998628,998628,998107,998107],"floor_reached":56,"playtime":3898,"items_purged":["Guardian:Strike_Guardian","Guardian:Strike_Guardian","Guardian:Strike_Guardian","Guardian:Strike_Guardian","Guardian:Defend_Guardian","Guardian:Defend_Guardian","Guardian:Defend_Guardian","Guardian:Defend_Guardian"],"score":1380,"play_id":"8d83685a-a887-41bc-8197-a9c773aecb8a","local_time":"20201225222314","is_ascension_mode":false,"campfire_choices":[{"floor":1.0,"key":"RECALL"},{"data":"Guardian:SentryBeam","floor":6.0,"key":"SMITH"},{"data":"Guardian:CurlUp","floor":9.0,"key":"SMITH"},{"data":"Guardian:PrismaticBeam","floor":18.0,"key":"SMITH"},{"data":"HandOfGreed","floor":26.0,"key":"SMITH"},{"data":"Guardian:FierceBash","floor":30.0,"key":"SMITH"},{"data":"conspire:Banana","floor":35.0,"key":"SMITH"},{"data":"conspire:Banana","floor":40.0,"key":"SMITH"},{"data":"Guardian:TimeCapacitor","floor":42.0,"key":"SMITH"},{"data":"Guardian:FastForward","floor":53,"key":"SMITH"}],"circlet_count":0,"master_deck":["Guardian:CurlUp+1","Guardian:TwinSlam","Guardian:RollAttack","Guardian:PrimingBeam","Guardian:SentryBeam+1","Dramatic Entrance","Guardian:ShieldSpikes","Guardian:TemporalShield","Guardian:Reroute","Guardian:PrismaticBeam+1","Guardian:TimeSifter","Guardian:PiercingHide","Guardian:TimeCapacitor","Guardian:Planning","Guardian:Incinerate","Guardian:TemporalStrike","Guardian:PrimingBeam","Guardian:ChargeCore","Guardian:Planning+1","conspire:Banana+1","HandOfGreed+1","Guardian:Planning","Guardian:CurlUp+1","Guardian:TwinSlam","Guardian:RollAttack","Guardian:PrimingBeam","Guardian:SentryBeam+1","Dramatic Entrance","Guardian:ShieldSpikes","Guardian:TemporalShield","Guardian:Reroute","Guardian:PrismaticBeam+1","Guardian:TimeSifter","Guardian:PiercingHide","Guardian:TimeCapacitor+1","Guardian:Planning","Guardian:Incinerate","Guardian:TemporalStrike","Guardian:PrimingBeam+1","Guardian:ChargeCore","Guardian:Planning+1","conspire:Banana+1","HandOfGreed+1","Guardian:Planning","Guardian:CrystalBeam","Guardian:FierceBash+1","Guardian:VentSteam","Normality","expansioncontent:GoopSpray","Guardian:PrismaticBeam","Guardian:TimeSifter","Guardian:SentryBeam","Guardian:Incinerate","Guardian:TemporalStrike+1","Parasite","Guardian:PrimingBeam+1","Guardian:Planning+1","Guardian:Suspension+1","Guardian:FuturePlans+1","Guardian:FastForward+1","Guardian:RollAttack","Guardian:TimeCapacitor"],"relics":["Guardian:ModeShifter","Calipers","Lee\u0027s Waffle","Meat on the Bone","downfall:HeartBlessingRed","downfall:HeartBlessingBlue","Mummified Hand","Blue Candle","Ice Cream","Guardian:StasisUpgradeRelic","Black Star","downfall:HeartBlessingGreen","Juzu Bracelet","Gremlin Horn","Anchor","Matryoshka","downfall:GremlinSack","MealTicket","Darkstone Periapt","SlaversCollar","Eternal Feather","Potion Belt","Pear","Guardian:PocketSentry","Mango","conspire:GiftBox","Oddly Smooth Stone","Medical Kit","Strawberry","Centennial Puzzle"],"acts_visited":["Exordium","TheCity","TheBeyond","TheEnding"],"potions_floor_usage":[],"damage_taken":[{"damage":11.0,"enemies":"Jaw Worm","floor":2.0,"turns":4.0},{"damage":0.0,"enemies":"2 Louse","floor":3.0,"turns":2.0},{"damage":5.0,"enemies":"downfall:FleeingMerchant","floor":4.0,"turns":4.0},{"damage":0.0,"enemies":"Small Slimes","floor":5.0,"turns":2.0},{"damage":0.0,"enemies":"Gremlin Gang","floor":8.0,"turns":1.0},{"damage":5.0,"enemies":"Blue Slaver","floor":10.0,"turns":2.0},{"damage":6.0,"enemies":"Red Slaver","floor":11.0,"turns":2.0},{"damage":27.0,"enemies":"3 Sentries","floor":13.0,"turns":5.0},{"damage":0.0,"enemies":"downfall:FleeingMerchant","floor":14.0,"turns":1.0},{"damage":7.0,"enemies":"Gremlin Gang","floor":15.0,"turns":3.0},{"damage":13.0,"enemies":"downfall:Watcher","floor":16.0,"turns":6.0},{"damage":0.0,"enemies":"Spheric Guardian","floor":19.0,"turns":3.0},{"damage":27.0,"enemies":"conspire:MimicChest","floor":20.0,"turns":6.0},{"damage":10.0,"enemies":"Shell Parasite","floor":21.0,"turns":3.0},{"damage":0.0,"enemies":"Shelled Parasite and Fungi","floor":23.0,"turns":4.0},{"damage":26.0,"enemies":"Snecko","floor":25.0,"turns":6.0},{"damage":2.0,"enemies":"Sentry and Sphere","floor":28.0,"turns":3.0},{"damage":13.0,"enemies":"Sentry and Sphere","floor":29.0,"turns":3.0},{"damage":17.0,"enemies":"Slavers","floor":31.0,"turns":4.0},{"damage":7.0,"enemies":"Shelled Parasite and Fungi","floor":32.0,"turns":4.0},{"damage":58.0,"enemies":"downfall:Silent","floor":33.0,"turns":8.0},{"damage":0.0,"enemies":"3 Shapes","floor":36.0,"turns":2.0},{"damage":32.0,"enemies":"3 Darklings","floor":37.0,"turns":4.0},{"damage":47.0,"enemies":"Writhing Mass","floor":38.0,"turns":5.0},{"damage":16.0,"enemies":"Spire Growth","floor":39.0,"turns":3.0},{"damage":21.0,"enemies":"Maw","floor":43.0,"turns":6.0},{"damage":33.0,"enemies":"Writhing Mass","floor":44.0,"turns":4.0},{"damage":19.0,"enemies":"Reptomancer","floor":45.0,"turns":4.0},{"damage":35.0,"enemies":"2 Orb Walkers","floor":48.0,"turns":4.0},{"damage":2.0,"enemies":"Sphere and 2 Shapes","floor":49.0,"turns":3.0},{"damage":13.0,"enemies":"downfall:Ironclad","floor":50.0,"turns":9.0},{"damage":58,"enemies":"downfall:CharBossMerchant","floor":52,"turns":7},{"damage":50,"enemies":"downfall:NeowBoss","floor":55,"turns":19}],"seed_played":"1395487197203625019","potions_obtained":[{"floor":5.0,"key":"Swift Potion"},{"floor":8.0,"key":"SneckoOil"},{"floor":13.0,"key":"ColorlessPotion"},{"floor":15.0,"key":"Weak Potion"},{"floor":20.0,"key":"PowerPotion"},{"floor":45.0,"key":"Fire Potion"},{"floor":48.0,"key":"champ:CounterPotion"}],"is_trial":false,"path_per_floor":["R","M","M","$","M","R","T","M","R","M","M","?","E","$","M","B",null,"R","M","?","M","$","M","T","M","R","?","M","?","R","E","M","B",null,"R","M","M","M","M","R","T","R","M","M","E","?","?","?","M","B",null,"E","R","$","B",null],"character_chosen":"GUARDIAN","items_purchased":["Calipers","Lee\u0027s Waffle","Meat on the Bone","Guardian:SentryBeam","Dramatic Entrance","Blue Candle","Ice Cream","Guardian:StasisUpgradeRelic","Guardian:TimeCapacitor","Guardian:Planning","Guardian:Incinerate","Gremlin Horn","conspire:Banana","HandOfGreed","Anchor","Medical Kit","Strawberry","Centennial Puzzle","Guardian:TimeCapacitor"],"campfire_rested":0,"item_purchase_floors":[4,4,4,4,4,14,14,14,14,14,14,22,22,22,22,54,54,54,54],"current_hp_per_floor":[108,107,117,145,155,165,175,185,205,210,214,229,212,222,225,222,290,300,310,293,293,303,314,324,309,319,329,337,334,344,339,342,297,467,477,489,468,439,434,444,454,497,490,467,468,478,488,479,487,488,683,639,685,717,681],"gold":998107,"neow_bonus":"TEN_PERCENT_HP_BONUS","is_daily":false,"chose_seed":false,"campfire_upgraded":9,"win_rate":0.0,"timestamp":1608956594,"path_taken":["R","M","M","$","M","R","T","M","R","M","M","?","E","$","M","BOSS","R","M","?","M","$","M","T","M","R","?","M","?","R","E","M","BOSS","R","M","M","M","M","R","T","R","M","M","E","?","?","?","M","BOSS","E","R","$","BOSS"],"items_purchased_type":["Relic","Relic","Relic","Card","Card","Relic","Relic","Relic","Card","Card","Card","Relic","Card","Card","Relic","Relic","Relic","Relic","Card"],"build_version":"2020-12-22","purchased_purges":8,"victory":true,"max_hp_per_floor":[108,118,128,145,155,165,175,185,205,215,225,240,250,260,270,280,290,300,310,320,330,340,351,361,372,382,392,402,412,422,434,444,457,467,477,489,500,518,529,539,549,559,573,583,603,613,623,649,659,673,683,697,707,724,738],"card_choices":[{"not_picked":["Guardian:Gem_Red","Guardian:ChargeCore"],"picked":"Guardian:RollAttack","floor":2.0},{"not_picked":["Guardian:EvasiveProtocol","Guardian:Recover","Guardian:WalkerClaw"],"picked":"SKIP","floor":3.0},{"not_picked":["Guardian:Gem_Green","Guardian:HyperBeam_Guardian"],"picked":"Guardian:PrimingBeam","floor":4.0},{"not_picked":["Guardian:Gem_Cyan","Guardian:ShieldCharger"],"picked":"Guardian:ShieldSpikes","floor":5.0},{"not_picked":["Guardian:Gem_Cyan","Guardian:Orbwalk"],"picked":"Guardian:TemporalShield","floor":8.0},{"not_picked":["Guardian:Gem_Fragmented","Guardian:ShieldSpikes"],"picked":"Guardian:Reroute","floor":10.0},{"not_picked":["Guardian:GuardianWhirl","Guardian:RollAttack"],"picked":"Guardian:PrismaticBeam","floor":11.0},{"not_picked":["Guardian:WalkerClaw","Guardian:GuardianWhirl"],"picked":"Guardian:TimeSifter","floor":13.0},{"not_picked":["Guardian:VentSteam","Guardian:SpikerProtocol"],"picked":"Guardian:PiercingHide","floor":14.0},{"not_picked":["Guardian:Suspension","Guardian:EvasiveProtocol"],"picked":"Guardian:TemporalStrike","floor":15.0},{"not_picked":["Guardian:AncientConstruct","Guardian:ConstructionForm"],"picked":"Guardian:Gem_Orange","floor":16.0},{"not_picked":["Guardian:Suspension","Guardian:Gem_Lightblue"],"picked":"Guardian:PrimingBeam","floor":19.0},{"not_picked":["Guardian:Emergency","Guardian:Gem_Blue"],"picked":"Guardian:ChargeCore","floor":20.0},{"not_picked":["Guardian:Suspension+1","Guardian:Emergency+1"],"picked":"Guardian:Planning+1","floor":21.0},{"not_picked":["Guardian:FloatingOrbs","Guardian:Gem_Red","Guardian:Repulse"],"picked":"SKIP","floor":23.0},{"not_picked":["Guardian:PiercingHide","Guardian:ChargeUp"],"picked":"Guardian:Planning","floor":25.0},{"not_picked":["Guardian:Preprogram","Guardian:SpikerProtocol+1"],"picked":"Guardian:CrystalBeam","floor":28.0},{"not_picked":["Guardian:SpikerProtocol","Guardian:Gem_Green"],"picked":"Guardian:PrismaticBeam","floor":29.0},{"not_picked":["Guardian:PrismaticBeam","Guardian:ShieldCharger"],"picked":"Guardian:TimeSifter","floor":31.0},{"not_picked":["Guardian:Gem_Lightblue","Guardian:CrystalBeam"],"picked":"Guardian:SentryBeam","floor":32.0},{"not_picked":["Guardian:RevengeProtocol","Guardian:ExploitGems"],"picked":"Guardian:Gem_Orange","floor":33.0},{"not_picked":["Guardian:PiercingHide+1","Guardian:Preprogram"],"picked":"Guardian:Incinerate","floor":36.0},{"not_picked":["Guardian:Suspension","Guardian:Gem_Green"],"picked":"Guardian:TemporalStrike+1","floor":37.0},{"not_picked":["Guardian:Recover","Guardian:RollAttack+1"],"picked":"Guardian:PrimingBeam+1","floor":38.0},{"not_picked":["Guardian:VentSteam","Guardian:ChargeCore+1"],"picked":"Guardian:Planning+1","floor":39.0},{"not_picked":["Guardian:VentSteam","Guardian:WalkerClaw+1","Guardian:Gem_Blue"],"picked":"SKIP","floor":43.0},{"not_picked":["Guardian:Gem_Fragmented","Guardian:Clone+1"],"picked":"Guardian:Suspension+1","floor":44.0},{"not_picked":["Guardian:ShieldSpikes","Guardian:Gem_Green"],"picked":"Guardian:FuturePlans+1","floor":45.0},{"not_picked":["Guardian:Gem_Green","Guardian:Gem_Cyan","Guardian:DonusPower"],"picked":"SKIP","floor":49.0},{"not_picked":["Guardian:Gem_Synthetic","Guardian:GemFinder"],"picked":"Guardian:FastForward","floor":52},{"not_picked":["Guardian:AncientConstruct","Guardian:Gem_Cyan"],"picked":"Guardian:RollAttack","floor":52}],"player_experience":355870,"relics_obtained":[{"floor":13.0,"key":"Mummified Hand"},{"floor":20.0,"key":"Juzu Bracelet"},{"floor":24.0,"key":"Matryoshka"},{"floor":29.0,"key":"downfall:GremlinSack"},{"floor":31.0,"key":"MealTicket"},{"floor":31.0,"key":"Darkstone Periapt"},{"floor":41.0,"key":"Eternal Feather"},{"floor":41.0,"key":"Potion Belt"},{"floor":45.0,"key":"Pear"},{"floor":45.0,"key":"Guardian:PocketSentry"},{"floor":48.0,"key":"Mango"},{"floor":52,"key":"conspire:GiftBox"},{"floor":52,"key":"Oddly Smooth Stone"}],"event_choices":[{"damage_healed":0.0,"max_hp_gain":5.0,"max_hp_loss":0.0,"gold_gain":0.0,"event_name":"Big Fish","player_choice":"Donut","floor":12.0,"gold_loss":0.0,"damage_taken":0.0},{"damage_healed":0.0,"max_hp_gain":0.0,"max_hp_loss":0.0,"gold_gain":0.0,"event_name":"Upgrade Shrine","player_choice":"Upgraded","floor":46.0,"gold_loss":0.0,"damage_taken":0.0,"cards_upgraded":["Guardian:PrimingBeam"]},{"damage_healed":0.0,"max_hp_gain":0.0,"max_hp_loss":0.0,"gold_gain":0.0,"event_name":"Mysterious Sphere","player_choice":"Fight","floor":48.0,"gold_loss":0.0,"damage_taken":0.0}],"is_beta":false,"boss_relics":[{"not_picked":["Astrolabe","Runic Pyramid"],"picked":"Black Star"},{"not_picked":["Cursed Key","Guardian:StasisSlotReductionRelic"],"picked":"SlaversCollar"}],"items_purged_floors":[4,4,4,4,4,4,4,4],"is_endless":false,"potions_floor_spawned":[5,8,13,15,16,19,20,23,36,45,48],"ascension_level":0}}