{"host":"hm3ikmf8oxbtqms2","time":1608970955,"event":{"mods":["BaseMod","Best Route Mod","Bestiary","Better Vampires","Block Reminder","Colored Map","Colored Powertips","Curses Come First","DeckTracker","Displayed Cursed Tome","Highlight Path","Minty Spire (QoL Compilation)","Quick Restart","StSLib"],"gold_per_floor":[162,162,162,176,195,229,229,256,304,304,335,349,379,392,392,490,490,502,520,520,520,539,539,569,569,569,494,529,40,55,55,55,155,155,171,221,221,221,24,51,65,85,112,139,139,164,164,175,175,175],"floor_reached":51,"playtime":5417,"items_purged":["Strike_G","Strike_G"],"score":906,"play_id":"53005419-3a0b-4cef-9d1f-d7e7f629dcec","local_time":"20201226032235","is_ascension_mode":true,"campfire_choices":[{"data":"Catalyst","floor":7.0,"key":"SMITH"},{"floor":10.0,"key":"REST"},{"floor":15.0,"key":"REST"},{"data":"Noxious Fumes","floor":23.0,"key":"SMITH"},{"floor":25.0,"key":"REST"},{"data":"Phantasmal Killer","floor":32.0,"key":"SMITH"},{"floor":45.0,"key":"REST"},{"data":"Catalyst","floor":47,"key":"SMITH"},{"data":"Night Terror","floor":49,"key":"SMITH"}],"circlet_count":0,"master_deck":["Strike_G","Strike_G","Defend_G+1","Defend_G","Defend_G","Defend_G+1","Defend_G","Survivor","Neutralize","Crippling Poison+1","Acrobatics","Catalyst+1","Prepared+1","Blur","Infinite Blades","Noxious Fumes+1","Cloak And Dagger","Bane","Underhanded Strike","Adrenaline","CurseOfTheBell","Blade Dance","Phantasmal Killer+1","Footwork","Poisoned Stab+1","Sadistic Nature","Dark Shackles","Well Laid Plans","Catalyst+1","Accuracy","Bouncing Flask+1","PiercingWail+1","Night Terror+1","Neutralize","Burst","Flash of Steel","Backflip+1","Cloak And Dagger+1","Parasite","Dodge and Roll+1","Deadly Poison","Backstab","Blur+1"],"relics":["Tiny House","Blue Candle","Anchor","War Paint","Ancient Tea Set","Vajra","Calling Bell","Blood Vial","HornCleat","StoneCalendar","Snake Skull","Regal Pillow","Pear","Prayer Wheel","HoveringKite","Bird Faced Urn","White Beast Statue","Oddly Smooth Stone","Eternal Feather","Pen Nib"],"acts_visited":["Exordium","TheCity","TheBeyond"],"potions_floor_usage":[48,50,50],"damage_taken":[{"damage":0.0,"enemies":"Small Slimes","floor":1.0,"turns":4.0},{"damage":4.0,"enemies":"Jaw Worm","floor":4.0,"turns":3.0},{"damage":0.0,"enemies":"Cultist","floor":5.0,"turns":3.0},{"damage":3.0,"enemies":"Lagavulin","floor":6.0,"turns":5.0},{"damage":47.0,"enemies":"3 Sentries","floor":8.0,"turns":21.0},{"damage":10.0,"enemies":"Lagavulin","floor":11.0,"turns":6.0},{"damage":6.0,"enemies":"2 Fungi Beasts","floor":12.0,"turns":3.0},{"damage":10.0,"enemies":"3 Sentries","floor":13.0,"turns":6.0},{"damage":4.0,"enemies":"Exordium Wildlife","floor":14.0,"turns":3.0},{"damage":10.0,"enemies":"Slime Boss","floor":16.0,"turns":10.0},{"damage":11.0,"enemies":"2 Thieves","floor":18.0,"turns":4.0},{"damage":1.0,"enemies":"3 Byrds","floor":19.0,"turns":4.0},{"damage":20.0,"enemies":"3 Cultists","floor":22.0,"turns":5.0},{"damage":31.0,"enemies":"Gremlin Leader","floor":24.0,"turns":7.0},{"damage":15.0,"enemies":"Slavers","floor":28.0,"turns":4.0},{"damage":6.0,"enemies":"Snake Plant","floor":30.0,"turns":4.0},{"damage":13.0,"enemies":"Champ","floor":33.0,"turns":8.0},{"damage":52.0,"enemies":"3 Darklings","floor":35.0,"turns":4.0},{"damage":1.0,"enemies":"Mind Bloom Boss Battle","floor":36.0,"turns":4.0},{"damage":33.0,"enemies":"Nemesis","floor":40.0,"turns":7.0},{"damage":0.0,"enemies":"Orb Walker","floor":41.0,"turns":3.0},{"damage":6.0,"enemies":"Writhing Mass","floor":42.0,"turns":6.0},{"damage":54.0,"enemies":"Reptomancer","floor":44.0,"turns":5.0},{"damage":1,"enemies":"Nemesis","floor":46,"turns":5},{"damage":4,"enemies":"Maw","floor":48,"turns":6},{"damage":49,"enemies":"Time Eater","floor":50,"turns":10}],"seed_played":"-1919970118246808381","potions_obtained":[{"floor":0.0,"key":"Swift Potion"},{"floor":5.0,"key":"DuplicationPotion"},{"floor":8.0,"key":"SpeedPotion"},{"floor":11.0,"key":"Regen Potion"},{"floor":16.0,"key":"Energy Potion"},{"floor":18.0,"key":"Dexterity Potion"},{"floor":22.0,"key":"Energy Potion"},{"floor":24.0,"key":"PowerPotion"},{"floor":40.0,"key":"FearPotion"},{"floor":41.0,"key":"Swift Potion"},{"floor":42.0,"key":"Block Potion"},{"floor":44.0,"key":"Block Potion"},{"floor":46,"key":"ColorlessPotion"},{"floor":48,"key":"BlessingOfTheForge"}],"is_trial":false,"path_per_floor":["M","?","?","M","M","E","R","E","T","R","E","M","E","M","R","B",null,"M","M","?","T","M","R","E","R","T","?","E","$","M","$","R","B",null,"M","?","?","?","$","E","M","M","T","E","R","E","R","M","R","B",null],"character_chosen":"THE_SILENT","items_purchased":["Sadistic Nature","Dark Shackles","Well Laid Plans","Catalyst","GhostInAJar"],"campfire_rested":4,"item_purchase_floors":[29,29,29,29,39],"current_hp_per_floor":[75,75,68,64,64,61,61,14,14,36,26,32,22,18,40,30,75,64,65,65,65,47,47,18,55,65,65,52,52,48,48,48,37,85,33,34,74,74,74,45,53,61,61,19,74,74,74,72,74,31],"gold":175,"neow_bonus":"BOSS_RELIC","is_daily":false,"chose_seed":false,"campfire_upgraded":5,"win_rate":0.0,"timestamp":1608970955,"path_taken":["M","?","?","M","M","E","R","E","T","R","E","M","E","M","R","BOSS","M","?","?","?","M","R","E","R","T","?","E","$","M","?","R","BOSS","M","?","?","?","$","E","?","M","T","E","R","E","R","M","R","BOSS"],"items_purchased_type":["Card","Card","Card","Card","Potion"],"build_version":"2020-12-22","purchased_purges":2,"victory":true,"max_hp_per_floor":[75,75,75,75,75,75,75,75,75,75,75,75,75,75,75,75,75,75,75,75,75,75,75,75,75,85,85,85,85,85,85,85,85,85,85,85,74,74,74,74,74,74,74,74,74,74,74,74,74,74],"card_choices":[{"not_picked":["Prepared","Reflex"],"picked":"Crippling Poison","floor":0.0},{"not_picked":["Terror","Sucker Punch"],"picked":"Acrobatics","floor":1.0},{"not_picked":["Bouncing Flask","Bane"],"picked":"Catalyst","floor":4.0},{"not_picked":["Choke","Crippling Poison"],"picked":"Prepared","floor":5.0},{"not_picked":["Sucker Punch","Dash"],"picked":"Blur","floor":6.0},{"not_picked":["Blade Dance","Slice"],"picked":"Infinite Blades","floor":8.0},{"not_picked":["Envenom","Deadly Poison"],"picked":"Noxious Fumes","floor":11.0},{"not_picked":["Dagger Spray","Quick Slash"],"picked":"Cloak And Dagger","floor":12.0},{"not_picked":["Storm of Steel","Dodge and Roll"],"picked":"Bane","floor":13.0},{"not_picked":["Infinite Blades","Slice"],"picked":"Underhanded Strike","floor":14.0},{"not_picked":["Storm of Steel","Grand Finale"],"picked":"Adrenaline","floor":16.0},{"not_picked":["Sucker Punch","Bane+1"],"picked":"Blade Dance","floor":18.0},{"not_picked":["Infinite Blades+1","Outmaneuver"],"picked":"Phantasmal Killer","floor":19.0},{"not_picked":["Sucker Punch","Crippling Poison"],"picked":"Footwork","floor":22.0},{"not_picked":["Distraction","Deflect"],"picked":"Poisoned Stab+1","floor":24.0},{"not_picked":["All Out Attack","Quick Slash","Prepared"],"picked":"SKIP","floor":28.0},{"not_picked":["Expertise","Slice+1"],"picked":"Accuracy","floor":30.0},{"not_picked":["Outmaneuver","PiercingWail"],"picked":"Bouncing Flask+1","floor":30.0},{"not_picked":["Acrobatics","Noxious Fumes+1"],"picked":"PiercingWail+1","floor":35.0},{"not_picked":["Prepared+1","Deflect","PiercingWail+1"],"picked":"SKIP","floor":35.0},{"not_picked":["Crippling Poison","Riddle With Holes+1"],"picked":"Night Terror","floor":36.0},{"not_picked":["PiercingWail","Sucker Punch"],"picked":"Backflip+1","floor":40.0},{"not_picked":["Outmaneuver","Masterful Stab+1"],"picked":"Cloak And Dagger+1","floor":41.0},{"not_picked":["Leg Sweep+1","Choke+1","Flying Knee"],"picked":"SKIP","floor":41.0},{"not_picked":["Cloak And Dagger+1","All Out Attack"],"picked":"Dodge and Roll+1","floor":42.0},{"not_picked":["Distraction+1","Well Laid Plans+1"],"picked":"Deadly Poison","floor":42.0},{"not_picked":["A Thousand Cuts","Bane"],"picked":"Backstab","floor":44.0},{"not_picked":["Dash","Quick Slash+1"],"picked":"Blur+1","floor":46},{"not_picked":["Dagger Spray","All Out Attack+1","Flying Knee"],"picked":"SKIP","floor":48},{"not_picked":["Backflip","Underhanded Strike+1","Prepared+1"],"picked":"SKIP","floor":48}],"player_experience":236670,"relics_obtained":[{"floor":6.0,"key":"Blue Candle"},{"floor":8.0,"key":"Anchor"},{"floor":9.0,"key":"War Paint"},{"floor":11.0,"key":"Ancient Tea Set"},{"floor":13.0,"key":"Vajra"},{"floor":17.0,"key":"Blood Vial"},{"floor":17.0,"key":"HornCleat"},{"floor":17.0,"key":"StoneCalendar"},{"floor":21.0,"key":"Snake Skull"},{"floor":24.0,"key":"Regal Pillow"},{"floor":26.0,"key":"Pear"},{"floor":28.0,"key":"Prayer Wheel"},{"floor":36.0,"key":"Bird Faced Urn"},{"floor":40.0,"key":"White Beast Statue"},{"floor":43.0,"key":"Oddly Smooth Stone"},{"floor":44.0,"key":"Eternal Feather"},{"floor":46,"key":"Pen Nib"}],"event_choices":[{"damage_healed":0.0,"max_hp_gain":0.0,"max_hp_loss":0.0,"gold_gain":0.0,"event_name":"Living Wall","player_choice":"Grow","floor":2.0,"gold_loss":0.0,"damage_taken":0.0,"cards_upgraded":["Crippling Poison"]},{"damage_healed":0.0,"max_hp_gain":0.0,"max_hp_loss":0.0,"gold_gain":0.0,"event_name":"Wheel of Change","player_choice":"Damaged","floor":3.0,"gold_loss":0.0,"damage_taken":7.0},{"damage_healed":0.0,"max_hp_gain":0.0,"max_hp_loss":0.0,"gold_gain":0.0,"event_name":"Ghosts","player_choice":"Ignored","floor":20.0,"gold_loss":0.0,"damage_taken":0.0},{"cards_removed":["Strike_G"],"damage_healed":0.0,"max_hp_gain":0.0,"max_hp_loss":0.0,"gold_gain":0.0,"event_name":"Beggar","player_choice":"Gave Gold","floor":27.0,"gold_loss":75.0,"damage_taken":0.0},{"damage_healed":0.0,"max_hp_gain":0.0,"max_hp_loss":0.0,"gold_gain":0.0,"event_name":"MindBloom","player_choice":"Fight","floor":36.0,"gold_loss":0.0,"damage_taken":0.0},{"damage_healed":74.0,"max_hp_gain":0.0,"max_hp_loss":11.0,"gold_gain":0.0,"event_name":"The Moai Head","player_choice":"Heal","floor":37.0,"gold_loss":0.0,"damage_taken":0.0},{"damage_healed":0.0,"max_hp_gain":0.0,"max_hp_loss":0.0,"gold_gain":0.0,"event_name":"Match and Keep!","player_choice":"3 cards matched","floor":38.0,"gold_loss":0.0,"damage_taken":0.0,"cards_obtained":["Neutralize","Burst","Flash of Steel"]}],"is_beta":false,"boss_relics":[{"not_picked":["Cursed Key","Runic Dome"],"picked":"Calling Bell"},{"not_picked":["Busted Crown","Velvet Choker"],"picked":"HoveringKite"}],"items_purged_floors":[29,39],"is_endless":false,"potions_floor_spawned":[5,8,11,16,18,22,24,40,41,42,44,46,48],"ascension_level":2}}