{"host":"vfjw5z5u57sxa51v","time":1608989013,"event":{"mods":["AchievementEnabler","Act Like it!","Aspiration","BaseMod","Better Altar","Better Match","Better Note","Better Sensory Stone","Better Skull","Better Synergies","Better Third Choice","BetterRewards","CCEM","Colored Map","Conspire","Downfall","Duelist Mod","Ekko","GifTheSpireLib","GungeonMod","Halation","Hallownest","Highlight Path","Hubris","Hunter ??","Infinite Spire","Jedi Mod","Minty Spire (QoL Compilation)","Permanent Neow","Replay The Spire","Shade Mod","Shop Mod","Spicy Shops","StSLib","Stuff the Spire","The Bug Knight","The Death Knight","The Mystic","The Necromancer","The Runesmith","The Servant 0.9.4","Unceasing Turn Reminder","everything is the same but u backflip on backflip"],"gold_per_floor":[0,11,24,24,35,54,79,79,90,90,106,116,136,147,163,263,263,263,275,375,392,48,67,94,94,94,94,106,106,121,221,240,339,339,339,351,351,362,378,378,401,427,440,440,457,457,48,68,86,86],"floor_reached":51,"playtime":4604,"items_purged":[],"score":731,"play_id":"1d611ade-4352-4007-b3e9-2fc6cec5aaaa","local_time":"20201226142333","is_ascension_mode":false,"campfire_choices":[{"floor":1,"key":"DIG"},{"data":"Slimebound:LeechEnergy","floor":8,"key":"SMITH"},{"data":"Slimebound:MegaLick","floor":10,"key":"SMITH"},{"data":"Slimebound:SlimeSlap","floor":18,"key":"SMITH"},{"data":"Slimebound:SplitMire","floor":25,"key":"SMITH"},{"data":"Slimebound:Grow","floor":27,"key":"SMITH"},{"data":"Slimebound:AcidTongue","floor":29,"key":"SMITH"},{"data":"Slimebound:SlimeSlap","floor":35,"key":"SMITH"},{"data":"Slimebound:SlimeSlap","floor":44,"key":"SMITH"}],"circlet_count":0,"master_deck":["Slimebound:Strike_Slimebound+1","Slimebound:Strike_Slimebound","Slimebound:Strike_Slimebound","Slimebound:Defend_Slimebound","Slimebound:Defend_Slimebound","Slimebound:Defend_Slimebound","Slimebound:Defend_Slimebound","Slimebound:Split","Slimebound:CorrosiveSpit","Slimebound:SplitMire+1","Slimebound:Grow+1","Slimebound:SpikyOuterGoop","Slimebound:LeechEnergy+1","Slimebound:AcidTongue+1","Slimebound:MegaLick+1","Slimebound:LeechEnergy","Slimebound:Gluttony","Slimebound:LeechEnergy","Slimebound:Equalize","Slimebound:SlimeSlap+1","Slimebound:Schlurp+1","Slimebound:GrowthPunch+1","Slimebound:Equalize","Slimebound:LivingWall","Slimebound:PressTheAttack+1","Slimebound:LeadByExample+1","Slimebound:GrowthPunch+1","Slimebound:SlimeSlap+1","Slimebound:LivingWall","Slimebound:SplitBruiser","Replay:Hysterical Blindness","Slimebound:Split","Replay:SS_forest_5","Slimebound:OneTwoCombo","Slimebound:SlimeSlap+1","Slimebound:Prepare","Slimebound:SamplingLick+1","Slimebound:WasteNot","Slimebound:SpikyOuterGoop+1","Parasite","Slimebound:TongueLash+1","Slimebound:LeechingTouch+1"],"relics":["Slimebound:AbsorbEndCombat","infinitespire:CursedDice","Regal Pillow","infinitespire:Lucky Rock","hubris:TerracottaHorce","White Beast Statue","CCEMRelics:WrappedPresent","halation:BottledHappiness","CCEMRelics:OrganicArmor","CCEMRelics:GrindingGear","downfall:GremlinSack","Painkiller Herb","halation:PinkSoulGem","Whetstone","halation:PromiseList","Molten Egg 2","DemoMod:MeatBun","halation:TwoAmDonut","DemoMod:GlassGuonStoneRelic"],"acts_visited":["Exordium","TheCity","TheBeyond"],"potions_floor_usage":[16,16,33,33,42,42,43,43,49,49,49],"damage_taken":[{"damage":13,"enemies":"Jaw Worm","floor":2,"turns":3},{"damage":9,"enemies":"Cultist","floor":3,"turns":3},{"damage":16,"enemies":"conspire:RoseBush","floor":5,"turns":3},{"damage":18,"enemies":"2 Fungi Beasts","floor":6,"turns":4},{"damage":26,"enemies":"conspire:2 RoseBushes","floor":9,"turns":4},{"damage":32,"enemies":"Exordium Thugs","floor":11,"turns":5},{"damage":17,"enemies":"Gremlin Gang","floor":12,"turns":5},{"damage":25,"enemies":"Large Slime","floor":13,"turns":5},{"damage":16,"enemies":"Red Slaver","floor":14,"turns":3},{"damage":13,"enemies":"Blue Slaver","floor":15,"turns":2},{"damage":69,"enemies":"downfall:Defect","floor":16,"turns":6},{"damage":31,"enemies":"Shell Parasite","floor":19,"turns":5},{"damage":21,"enemies":"downfall:LadyInBlue","floor":20,"turns":5},{"damage":19,"enemies":"Chosen","floor":21,"turns":3},{"damage":8,"enemies":"downfall:FleeingMerchant","floor":22,"turns":4},{"damage":31,"enemies":"Centurion and Healer","floor":23,"turns":5},{"damage":15,"enemies":"Snake Plant","floor":28,"turns":3},{"damage":23,"enemies":"3 Cultists","floor":30,"turns":5},{"damage":20,"enemies":"3 Cultists","floor":31,"turns":4},{"damage":43,"enemies":"Sentry and Sphere","floor":32,"turns":5},{"damage":32,"enemies":"downfall:Silent","floor":33,"turns":7},{"damage":28,"enemies":"Orb Walker","floor":36,"turns":3},{"damage":18,"enemies":"3 Shapes","floor":38,"turns":4},{"damage":49,"enemies":"3 Darklings","floor":39,"turns":6},{"damage":80,"enemies":"Giant Head","floor":42,"turns":8},{"damage":27,"enemies":"Transient","floor":43,"turns":5},{"damage":37,"enemies":"Sphere and 2 Shapes","floor":45,"turns":5},{"damage":11,"enemies":"downfall:FleeingMerchant","floor":47,"turns":4},{"damage":44,"enemies":"Writhing Mass","floor":48,"turns":4},{"damage":66,"enemies":"Transient","floor":49,"turns":5},{"damage":4,"enemies":"downfall:Watcher","floor":50,"turns":1}],"seed_played":"-1989601325410867538","potions_obtained":[{"floor":3,"key":"Venom Potion"},{"floor":6,"key":"Block Potion"},{"floor":11,"key":"SkillPotion"},{"floor":13,"key":"SkillPotion"},{"floor":15,"key":"PowerPotion"},{"floor":19,"key":"sneckomod:MuddlingPotion"},{"floor":20,"key":"SmokeBomb"},{"floor":21,"key":"DemoMod:LeadSkinPotion"},{"floor":22,"key":"LiquidMemories"},{"floor":33,"key":"FearPotion"},{"floor":36,"key":"Slimebound:SlimedPotion"},{"floor":38,"key":"SkillPotion"},{"floor":42,"key":"Block Potion"},{"floor":43,"key":"FearPotion"},{"floor":45,"key":"DeathKnight:RimePotion"},{"floor":47,"key":"Elixir"},{"floor":48,"key":"ColorlessPotion"},{"floor":49,"key":"Elixir"}],"is_trial":false,"path_per_floor":["R_BF","M","M","?","M","M","T","R","M","R","M","M","M","M","M","B",null,"R","M","?","M","$","M","T","R","?","R","M","R","M","?","M","B",null,"T","?","?","?","?","?","T","E","?","T","?","T","T","?","?","B",null],"character_chosen":"SLIMEBOUND","items_purchased":["CCEMRelics:WrappedPresent","halation:BottledHappiness","DemoMod:MeatBun","halation:TwoAmDonut"],"campfire_rested":0,"item_purchase_floors":[22,22,47,47],"current_hp_per_floor":[60,57,60,60,59,60,60,60,58,58,56,60,60,60,60,33,53,53,60,60,57,65,65,65,65,65,65,64,64,65,63,52,65,65,65,53,53,55,62,62,62,23,42,42,43,43,62,58,24,36],"gold":86,"neow_bonus":"ONE_RARE_RELIC","is_daily":false,"chose_seed":false,"campfire_upgraded":8,"win_rate":0.0,"timestamp":1608989013,"path_taken":["R_BF","M","M","?","M","M","T","R","M","R","M","?","M","M","M","BOSS","R","M","?","M","$","M","T","R","?","R","M","R","?","?","M","BOSS","T","?","?","?","?","?","T","E","?","T","?","?","T","?","?","BOSS"],"items_purchased_type":["Relic","Relic","Relic","Relic"],"build_version":"2020-12-22","purchased_purges":0,"victory":true,"max_hp_per_floor":[60,60,60,60,60,60,60,60,60,60,60,60,60,60,60,60,60,60,60,60,60,65,65,65,65,65,65,65,65,65,65,65,65,65,65,65,65,65,65,65,65,65,65,65,65,65,65,65,65,65],"card_choices":[{"not_picked":["Slimebound:LeechingTouch","Slimebound:GoopSpray"],"picked":"Slimebound:SplitMire","floor":2},{"not_picked":["Slimebound:ViciousTackle","Slimebound:RollThrough"],"picked":"Slimebound:Grow","floor":3},{"not_picked":["Slimebound:GoopSpray","Slimebound:SplitAcid"],"picked":"Slimebound:LeechEnergy","floor":5},{"not_picked":["Slimebound:RollThrough","Slimebound:SplitAcid"],"picked":"Slimebound:AcidTongue","floor":6},{"not_picked":["Slimebound:DisruptingSlam","Slimebound:Repurpose"],"picked":"Slimebound:MegaLick","floor":9},{"not_picked":["Slimebound:RollThrough","Slimebound:SplitLeeching"],"picked":"Slimebound:LeechEnergy","floor":11},{"not_picked":["Slimebound:FinishingTackle","Slimebound:SlimeBrawl","Slimebound:SplitAcid"],"picked":"SKIP","floor":12},{"not_picked":["Slimebound:AcidTongue","Slimebound:SlimeSpikes"],"picked":"Slimebound:Gluttony","floor":13},{"not_picked":["Slimebound:FormOfPuddle","Slimebound:FirmFortitude"],"picked":"Slimebound:LeechEnergy","floor":14},{"not_picked":["Slimebound:LeechEnergy","Slimebound:GoopSpray"],"picked":"Slimebound:Equalize","floor":15},{"not_picked":["Slimebound:MassFeed","Slimebound:PrepareCrush"],"picked":"Slimebound:SlimeSlap","floor":16},{"not_picked":["Slimebound:HauntingLick","Slimebound:ItLooksTasty+1"],"picked":"Slimebound:Schlurp+1","floor":19},{"not_picked":["Slimebound:RejuvenatingLick","Slimebound:Schlurp"],"picked":"Slimebound:GrowthPunch+1","floor":20},{"not_picked":["Slimebound:SplitMire","Slimebound:Teamwork"],"picked":"Slimebound:Equalize","floor":21},{"not_picked":["Slimebound:Chomp","Slimebound:ComboTackle"],"picked":"Slimebound:LivingWall","floor":22},{"not_picked":["Slimebound:SplitAcid","Slimebound:SplitBruiser"],"picked":"Slimebound:PressTheAttack","floor":23},{"not_picked":["Slimebound:DisruptingSlam","Slimebound:SlimeSpikes"],"picked":"Slimebound:LeadByExample+1","floor":28},{"not_picked":["Slimebound:GoopTackle","Slimebound:SplitMire"],"picked":"Slimebound:GrowthPunch+1","floor":30},{"not_picked":["Slimebound:FinishingTackle+1","Slimebound:Dissolve+1"],"picked":"Slimebound:OneTwoCombo","floor":31},{"not_picked":["Slimebound:SplitBruiser","Slimebound:SplitAcid","Slimebound:RollThrough"],"picked":"SKIP","floor":32},{"not_picked":["Slimebound:Overexert","Slimebound:MassRepurpose"],"picked":"Slimebound:SlimeSlap","floor":33},{"not_picked":["Slimebound:MegaLick","Slimebound:SlimeSpikes+1"],"picked":"Slimebound:Prepare","floor":36},{"not_picked":["Slimebound:LeechEnergy+1","Slimebound:Equalize"],"picked":"Slimebound:SamplingLick+1","floor":38},{"not_picked":["Slimebound:SlimeSpikes","Slimebound:LeechingTouch+1"],"picked":"Slimebound:WasteNot","floor":39},{"not_picked":["Slimebound:Nibble","Slimebound:Chomp+1"],"picked":"Slimebound:SpikyOuterGoop+1","floor":42},{"not_picked":["Slimebound:SamplingLick","Slimebound:SplitBruiser","Slimebound:LeechEnergy"],"picked":"SKIP","floor":43},{"not_picked":["Slimebound:Teamwork","Slimebound:ViciousTackle+1","Slimebound:MegaLick"],"picked":"SKIP","floor":45},{"not_picked":["Slimebound:Overexert","Slimebound:GoopTackle+1","Slimebound:SplitBruiser+1"],"picked":"SKIP","floor":47},{"not_picked":["Slimebound:Chomp+1","Slimebound:FinishingTackle+1"],"picked":"Slimebound:TongueLash+1","floor":48},{"not_picked":["Slimebound:Prepare","Slimebound:SplitBruiser"],"picked":"Slimebound:LeechingTouch+1","floor":49}],"player_experience":45439,"relics_obtained":[{"floor":1,"key":"Regal Pillow"},{"floor":7,"key":"infinitespire:Lucky Rock"},{"floor":20,"key":"White Beast Statue"},{"floor":22,"key":"CCEMRelics:OrganicArmor"},{"floor":24,"key":"CCEMRelics:GrindingGear"},{"floor":31,"key":"downfall:GremlinSack"},{"floor":41,"key":"Whetstone"},{"floor":42,"key":"halation:PromiseList"},{"floor":46,"key":"Molten Egg 2"}],"event_choices":[{"damage_healed":0,"gold_gain":0,"cards_transformed":["Slimebound:Tackle"],"player_choice":"Transformed","damage_taken":0,"max_hp_gain":0,"max_hp_loss":0,"event_name":"Transmorgrifier","floor":4,"gold_loss":0,"cards_obtained":["Slimebound:SpikyOuterGoop"]},{"damage_healed":0,"gold_gain":0,"player_choice":"Ignored","damage_taken":0,"max_hp_gain":0,"max_hp_loss":0,"event_name":"betterNote:BetterNote","floor":26,"gold_loss":0,"cards_obtained":["conspire:Charge"]}],"is_beta":false,"boss_relics":[{"not_picked":["Kintsugi","Velvet Choker"],"picked":"hubris:TerracottaHorce"},{"not_picked":["conspire:SeveredTorchhead","Snecko Eye"],"picked":"Painkiller Herb"}],"items_purged_floors":[],"is_endless":false,"potions_floor_spawned":[3,6,11,13,15,19,21,22,23,28,30,31,32,33,36,38,39,42,43,45,47,48,49],"ascension_level":0}}