{"host":"7o30bgpqouqblh42","time":1608941889,"event":{"mods":["AchievementEnabler","Aspiration","BaseMod","Colored Map","Downfall","Highlight Path","Minty Spire (QoL Compilation)","StSLib","SuperFastMode"],"gold_per_floor":[99,99,99,99,99,24,48,48,82,136,53,116,116,141,151,255,305,230,248,262,262,35,35,35,54,54,70,70,55,55,115,133,230,230,230,243,243,255,272,272,299,355,355,373,403,403,403,71,93,93],"floor_reached":51,"playtime":4142,"items_purged":["Grand Finale","Bite"],"score":826,"play_id":"d054926a-586d-44bd-87d9-66f5d5fb4fef","local_time":"20201225191809","is_ascension_mode":true,"campfire_choices":[{"floor":1,"key":"RECALL"},{"data":"Backstab","floor":6,"key":"SMITH"},{"data":"Heel Hook","floor":8,"key":"SMITH"},{"data":"hexamod:TimeWarp","floor":18,"key":"SMITH"},{"data":"hexamod:Toasty","floor":26,"key":"SMITH"},{"data":"hexamod:RainOfEmbers","floor":28,"key":"SMITH"},{"data":"hexamod:VolcanoVisage","floor":35,"key":"SMITH"},{"data":"Bite","floor":40,"key":"SMITH"},{"floor":46,"key":"REST"}],"circlet_count":0,"master_deck":["hexamod:Defend","hexamod:Defend","hexamod:Defend","hexamod:Defend+1","hexamod:Sear","hexamod:Float","Backstab+1","hexamod:GhostflameBarrier+1","hexamod:NecessarySacrifice+1","hexamod:FirstSeal","hexamod:RainOfEmbers+1","hexamod:PhantomFireball","hexamod:TimeWarp+1","hexamod:BacktrackSmack+1","hexamod:ThirdSeal","hexamod:AdvancingGuard+1","hexamod:FlamesFromBeyond+1","Bite+1","Bite","Bite","Bite","hexamod:FourthSeal","hexamod:VolcanoVisage+1","hexamod:FlamesFromBeyond+1","hexamod:Toasty+1","hexamod:AdvancingGuard+1","hexamod:TimeOfNeed+1","hexamod:Haunt+1","hexamod:TimeOfNeed+1","hexamod:SearingWound+1","Backstab+1","hexamod:GiftsFromTheDead+1","hexamod:SecondSeal","hexamod:StepThrough+1","hexamod:GhostflameInferno+1","Master of Strategy+1","hexamod:HeatCrush+1"],"relics":["hexamod:SpiritBrand","downfall:HeartsMalice","Toxic Egg 2","downfall:HeartBlessingRed","Shuriken","Strawberry","hexamod:MatchstickCase","TungstenRod","Tiny House","downfall:HeartBlessingBlue","Oddly Smooth Stone","downfall:KnowingSkull","Empty Cage","Dream Catcher","Centennial Puzzle","Strange Spoon","Letter Opener"],"acts_visited":["Exordium","TheCity","TheBeyond"],"potions_floor_usage":[12,16,23,29,29,31,32,33,33,36,36,36,42,45,45,45,49,49,50],"damage_taken":[{"damage":0,"enemies":"2 Louse","floor":4,"turns":1},{"damage":0,"enemies":"Jaw Worm","floor":5,"turns":1},{"damage":0,"enemies":"Gremlin Nob","floor":9,"turns":1},{"damage":0,"enemies":"downfall:FleeingMerchant","floor":11,"turns":4},{"damage":4,"enemies":"Gremlin Nob","floor":12,"turns":4},{"damage":17,"enemies":"3 Sentries","floor":14,"turns":8},{"damage":0,"enemies":"Small Slimes","floor":15,"turns":3},{"damage":8,"enemies":"downfall:Silent","floor":16,"turns":8},{"damage":12,"enemies":"Spheric Guardian","floor":19,"turns":5},{"damage":0,"enemies":"Chosen","floor":20,"turns":4},{"damage":2,"enemies":"downfall:FleeingMerchant","floor":22,"turns":4},{"damage":0,"enemies":"Snake Plant","floor":23,"turns":1},{"damage":12,"enemies":"Centurion and Healer","floor":25,"turns":6},{"damage":13,"enemies":"Shelled Parasite and Fungi","floor":27,"turns":4},{"damage":0,"enemies":"downfall:FleeingMerchant","floor":29,"turns":4},{"damage":8,"enemies":"Sentry and Sphere","floor":31,"turns":5},{"damage":17,"enemies":"Snake Plant","floor":32,"turns":4},{"damage":31,"enemies":"downfall:Watcher","floor":33,"turns":8},{"damage":14,"enemies":"3 Shapes","floor":36,"turns":2},{"damage":0,"enemies":"Orb Walker","floor":38,"turns":3},{"damage":7,"enemies":"Spire Growth","floor":39,"turns":3},{"damage":22,"enemies":"Jaw Worm Horde","floor":42,"turns":5},{"damage":14,"enemies":"4 Shapes","floor":44,"turns":2},{"damage":23,"enemies":"Giant Head","floor":45,"turns":6},{"damage":22,"enemies":"downfall:FleeingMerchant","floor":48,"turns":4},{"damage":11,"enemies":"Transient","floor":49,"turns":5},{"damage":14,"enemies":"downfall:Ironclad","floor":50,"turns":6}],"seed_played":"-756297728108097727","potions_obtained":[{"floor":9,"key":"Fire Potion"},{"floor":14,"key":"BlessingOfTheForge"},{"floor":15,"key":"Block Potion"},{"floor":17,"key":"SmokeBomb"},{"floor":25,"key":"BlessingOfTheForge"},{"floor":25,"key":"Regen Potion"},{"floor":27,"key":"AttackPotion"},{"floor":27,"key":"champ:CounterPotion"},{"floor":29,"key":"Block Potion"},{"floor":32,"key":"Slimebound:ThreeZeroPotion"},{"floor":32,"key":"SteroidPotion"},{"floor":33,"key":"EntropicBrew"},{"floor":33,"key":"AttackPotion"},{"floor":39,"key":"EntropicBrew"},{"floor":42,"key":"champ:CounterPotion"},{"floor":45,"key":"Weak Potion"},{"floor":49,"key":"Weak Potion"}],"is_trial":false,"path_per_floor":["R","?","?","M","M","R","T","R","E","T","$","?","?","E","M","B",null,"R","M","M","?","$","M","T","M","R","M","R","$","?","M","M","B",null,"R","M","?","M","M","R","T","M","?","M","E","R","?","$","M","B",null],"character_chosen":"THE_SPIRIT","items_purchased":["hexamod:FirstSeal","hexamod:VolcanoVisage","Strange Spoon","Letter Opener","Master of Strategy+1","Block Potion"],"campfire_rested":1,"item_purchase_floors":[11,22,48,48,48,48],"current_hp_per_floor":[70,70,70,70,70,70,70,70,70,77,77,77,82,72,79,78,87,97,92,97,67,67,67,67,67,67,61,61,67,61,62,67,53,67,67,53,53,59,56,56,56,47,47,37,31,51,44,26,29,29],"gold":93,"neow_bonus":"THREE_ENEMY_KILL","is_daily":false,"chose_seed":false,"campfire_upgraded":7,"win_rate":0.0,"timestamp":1608941889,"path_taken":["R","?","?","M","M","R","T","R","E","?","$","?","?","E","M","BOSS","R","M","M","?","$","M","T","M","R","M","R","$","?","?","M","BOSS","R","M","?","?","M","R","T","M","?","?","E","R","?","$","M","BOSS"],"items_purchased_type":["Card","Card","Relic","Relic","Card","Potion"],"build_version":"2020-12-22","purchased_purges":2,"victory":true,"max_hp_per_floor":[70,70,70,70,70,70,70,70,70,77,77,77,82,82,82,82,87,97,97,97,67,67,67,67,67,67,67,67,67,67,67,67,67,67,67,67,67,67,67,67,67,67,67,67,67,67,67,67,67,67],"card_choices":[{"not_picked":["hexamod:GhostLash","hexamod:HeatMetal"],"picked":"hexamod:InspiringFlames+1","floor":4},{"not_picked":["hexamod:SecondSeal","hexamod:SwordOfDarkness"],"picked":"hexamod:GhostflameBarrier+1","floor":5},{"not_picked":["hexamod:HeatShield+1","hexamod:Firestarter","hexamod:NightmareGuise+1"],"picked":"SKIP","floor":9},{"not_picked":["hexamod:NightmareStrike","hexamod:RetreatToShadows+1"],"picked":"hexamod:NecessarySacrifice+1","floor":11},{"not_picked":["hexamod:ChargedBarrage+1","hexamod:SixthSeal"],"picked":"hexamod:RainOfEmbers","floor":14},{"not_picked":["hexamod:RainOfEmbers","hexamod:EmpoweredFlame"],"picked":"hexamod:PhantomFireball","floor":15},{"not_picked":["hexamod:UnlimitedPower+1","hexamod:CrushingStance"],"picked":"hexamod:TimeWarp","floor":16},{"not_picked":["hexamod:DynamicBlow","hexamod:ShieldOfDarkness+1"],"picked":"hexamod:BacktrackSmack","floor":17},{"not_picked":["hexamod:HauntingEcho","hexamod:NightmareGuise+1"],"picked":"hexamod:ThirdSeal","floor":19},{"not_picked":["hexamod:NecessarySacrifice+1","hexamod:GhostOfSpireFuture"],"picked":"hexamod:AdvancingGuard+1","floor":20},{"not_picked":["hexamod:SpectralAdrenaline+1","hexamod:SpectersWail"],"picked":"hexamod:FlamesFromBeyond+1","floor":20},{"not_picked":["hexamod:BacktrackSmack+1","hexamod:SpectersWail"],"picked":"hexamod:FourthSeal","floor":22},{"not_picked":["hexamod:BurningTouch+1","hexamod:ThermalTransfer","hexamod:SpectersWail"],"picked":"SKIP","floor":22},{"not_picked":["hexamod:Firestarter","hexamod:SwordOfDarkness"],"picked":"hexamod:FlamesFromBeyond+1","floor":25},{"not_picked":["hexamod:ShieldOfDarkness+1","hexamod:SpectralAdrenaline+1"],"picked":"hexamod:Toasty","floor":25},{"not_picked":["hexamod:Haunt+1","hexamod:GhostLash"],"picked":"hexamod:AdvancingGuard+1","floor":27},{"not_picked":["hexamod:RecurringNightmare+1","hexamod:ThermalTransfer"],"picked":"hexamod:TimeOfNeed+1","floor":29},{"not_picked":["hexamod:ShieldOfDarkness+1","hexamod:Hexaguard+1"],"picked":"hexamod:Haunt+1","floor":31},{"not_picked":["hexamod:NightmareStrike+1","hexamod:RainOfEmbers","hexamod:BacktrackSmack+1"],"picked":"SKIP","floor":31},{"not_picked":["hexamod:FourthSeal","hexamod:HexaLevel","hexamod:ThermalTransfer+1"],"picked":"SKIP","floor":32},{"not_picked":["hexamod:ParanormalForm","hexamod:TurnItUp+1"],"picked":"hexamod:TimeOfNeed+1","floor":33},{"not_picked":["hexamod:TurnItUp+1","hexamod:ApocalypticArmor"],"picked":"hexamod:SearingWound+1","floor":33},{"not_picked":["hexamod:BacktrackSmack+1","hexamod:Firestarter","hexamod:EmpoweredFlame"],"picked":"SKIP","floor":36},{"not_picked":["hexamod:HeatShield+1","hexamod:InspiringFlames+1","hexamod:RainOfEmbers+1"],"picked":"SKIP","floor":36},{"not_picked":["hexamod:AdvancingGuard+1","hexamod:NightmareStrike+1","hexamod:RainOfEmbers+1"],"picked":"SKIP","floor":38},{"not_picked":["hexamod:RainOfEmbers+1","hexamod:SpectersWail+1","hexamod:SkipABeat+1"],"picked":"SKIP","floor":38},{"not_picked":["hexamod:HauntingEcho","hexamod:GhostOfSpirePast","hexamod:SkipABeat+1"],"picked":"SKIP","floor":39},{"not_picked":["hexamod:BurningTouch+1","hexamod:Incineration"],"picked":"hexamod:GiftsFromTheDead","floor":42},{"not_picked":["hexamod:GhostOfSpireFuture+1","hexamod:GhostShield+1","hexamod:AdvancingGuard+1"],"picked":"SKIP","floor":42},{"not_picked":["hexamod:GhostShield+1","hexamod:SpectralSpark+1","hexamod:SwordOfDarkness"],"picked":"SKIP","floor":44},{"not_picked":["hexamod:TimeOfNeed+1","hexamod:InspiringFlames+1"],"picked":"hexamod:SecondSeal","floor":45},{"not_picked":["hexamod:Firestarter+1","hexamod:NightmareGuise+1"],"picked":"hexamod:StepThrough+1","floor":45},{"not_picked":["hexamod:SpectersWail+1","hexamod:BurningTouch+1"],"picked":"hexamod:GhostflameInferno+1","floor":48},{"not_picked":["hexamod:GhostflameBarrier+1","hexamod:SpectersWail","hexamod:ShieldOfDarkness+1"],"picked":"SKIP","floor":48},{"not_picked":["hexamod:ExtraCrispy","hexamod:ShieldOfDarkness+1"],"picked":"hexamod:HeatCrush+1","floor":49},{"not_picked":["hexamod:SwordOfDarkness+1","hexamod:AdvancingGuard+1","hexamod:InspiringFlames+1"],"picked":"SKIP","floor":49}],"player_experience":164625,"relics_obtained":[{"floor":9,"key":"Shuriken"},{"floor":10,"key":"Strawberry"},{"floor":12,"key":"hexamod:MatchstickCase"},{"floor":14,"key":"TungstenRod"},{"floor":24,"key":"Oddly Smooth Stone"},{"floor":41,"key":"Dream Catcher"},{"floor":45,"key":"Centennial Puzzle"}],"event_choices":[{"damage_healed":0,"gold_gain":0,"player_choice":"Donut","damage_taken":0,"max_hp_gain":5,"max_hp_loss":0,"event_name":"Big Fish","floor":13,"gold_loss":0},{"damage_healed":0,"gold_gain":0,"player_choice":"Became a vampire","damage_taken":0,"max_hp_gain":0,"max_hp_loss":30,"event_name":"Vampires","floor":21,"gold_loss":0,"cards_obtained":["Bite","Bite","Bite","Bite","Bite"]},{"damage_healed":0,"gold_gain":0,"player_choice":"Copied","damage_taken":0,"max_hp_gain":0,"max_hp_loss":0,"event_name":"Duplicator","floor":37,"gold_loss":0,"cards_obtained":["Backstab"]},{"damage_healed":0,"gold_gain":0,"player_choice":"Forge","damage_taken":0,"max_hp_gain":0,"max_hp_loss":0,"event_name":"Accursed Blacksmith","floor":43,"gold_loss":0,"cards_upgraded":["hexamod:GiftsFromTheDead"]}],"is_beta":false,"boss_relics":[{"not_picked":["Velvet Choker","Cursed Key"],"picked":"Tiny House"},{"not_picked":["SlaversCollar","Snecko Eye"],"picked":"Empty Cage"}],"items_purged_floors":[22,48],"is_endless":false,"potions_floor_spawned":[9,14,15,23,25,27,32,33,42,44,49],"ascension_level":2}}