{"host":"7tkrmasug91pv8cz","time":1608978224,"event":{"mods":["2.2 Compatiblity","BaseMod","DeckTracker","Minty Spire (QoL Compilation)","Permanent Neow","Prisma Mod","StSLib","SuperFastMode"],"gold_per_floor":[112,130,145,165,180,180,200,216,243,318,318,331,343,369,369,464,464,478,496,508,458,458,487,520,520,520,534,534,548,548,585,585,687,687,698,717,717,717,31,31,48,58,58,130,149,159,159,177,177,177],"floor_reached":51,"playtime":5024,"items_purged":["PrismaMod:ChloeCommonDefend","PrismaMod:ChloeBetterTracePools"],"score":631,"play_id":"b454a6ca-e46c-41ef-851e-8cc8dd9bd0d9","local_time":"20201226192344","is_ascension_mode":false,"campfire_choices":[{"data":"PrismaMod:ChloeEyeOfTheEuryale","floor":6.0,"key":"SMITH"},{"data":"PrismaMod:ChloeCheapDefend","floor":11.0,"key":"SMITH"},{"floor":15.0,"key":"REST"},{"data":"PrismaMod:ChloeAnySkillTrace","floor":25.0,"key":"SMITH"},{"data":"PrismaMod:ChloeMordred","floor":28.0,"key":"SMITH"},{"data":"PrismaMod:ChloeRhongomyniad","floor":32.0,"key":"SMITH"},{"data":"Panacea","floor":40.0,"key":"SMITH"},{"data":"PrismaMod:ChloeDevil","floor":49.0,"key":"SMITH"}],"circlet_count":0,"master_deck":["PrismaMod:ChloeCommonAttack","PrismaMod:ChloeCommonAttack","PrismaMod:ChloeCommonAttack","PrismaMod:ChloeCommonAttack","PrismaMod:ChloeCommonAttack","PrismaMod:ChloeCheapAttack","PrismaMod:ChloeCheapDefend+1","PanicButton","PrismaMod:ChloeExhaustOne","PrismaMod:ChloeCheapAttackTwo","PrismaMod:ChloeUncommonDefend","PrismaMod:ChloeEyeOfTheEuryale+1","PrismaMod:ChloeMaid","PrismaMod:ChloeAnySkillTrace+1","PrismaMod:ChloeDevil","PrismaMod:ChloeUncommonAttack","PrismaMod:ChloeMordred+1","PrismaMod:ChloeRhongomyniad+1","PrismaMod:ChloeDiscardRecovery+1","PrismaMod:ChloeAnyUncommonTrace+1","PrismaMod:ChloeCheapDefend+1","PrismaMod:ChloeCheapDefendTwo+1","Panacea+1","PrismaMod:ChloeCaladbolg+1","PrismaMod:ChloeCaladbolg+1","Panacea","Bandage Up","Sadistic Nature","PrismaMod:ChloeGaeBolg+1"],"relics":["PrismaMod:PrismaTraceOn","Akabeko","Ring of the Serpent","Bag of Marbles","Smiling Mask","Sozu","Nunchaku","Thread and Needle","Enchiridion","Astrolabe","Ornamental Fan","Ginger","InkBottle","HornCleat"],"acts_visited":["Exordium","TheCity","TheBeyond"],"potions_floor_usage":[],"damage_taken":[{"damage":0.0,"enemies":"Jaw Worm","floor":1.0,"turns":4.0},{"damage":0.0,"enemies":"2 Louse","floor":2.0,"turns":2.0},{"damage":0.0,"enemies":"Cultist","floor":3.0,"turns":1.0},{"damage":5.0,"enemies":"3 Louse","floor":4.0,"turns":3.0},{"damage":0.0,"enemies":"2 Fungi Beasts","floor":5.0,"turns":3.0},{"damage":0.0,"enemies":"Blue Slaver","floor":7.0,"turns":2.0},{"damage":7.0,"enemies":"Lots of Slimes","floor":8.0,"turns":3.0},{"damage":0.0,"enemies":"Looter","floor":12.0,"turns":3.0},{"damage":0.0,"enemies":"2 Fungi Beasts","floor":13.0,"turns":2.0},{"damage":15.0,"enemies":"Lagavulin","floor":14.0,"turns":5.0},{"damage":8.0,"enemies":"Hexaghost","floor":16.0,"turns":7.0},{"damage":10.0,"enemies":"3 Byrds","floor":18.0,"turns":5.0},{"damage":0.0,"enemies":"Chosen","floor":19.0,"turns":4.0},{"damage":0.0,"enemies":"Snake Plant","floor":20.0,"turns":5.0},{"damage":14.0,"enemies":"Book of Stabbing","floor":23.0,"turns":7.0},{"damage":14.0,"enemies":"Sentry and Sphere","floor":24.0,"turns":4.0},{"damage":0.0,"enemies":"Centurion and Healer","floor":27.0,"turns":5.0},{"damage":0.0,"enemies":"3 Cultists","floor":29.0,"turns":5.0},{"damage":0.0,"enemies":"Cultist and Chosen","floor":31.0,"turns":5.0},{"damage":31.0,"enemies":"Collector","floor":33.0,"turns":8.0},{"damage":21.0,"enemies":"3 Darklings","floor":35.0,"turns":5.0},{"damage":0.0,"enemies":"Orb Walker","floor":36.0,"turns":1.0},{"damage":0.0,"enemies":"3 Darklings","floor":41.0,"turns":3.0},{"damage":15.0,"enemies":"Writhing Mass","floor":42.0,"turns":5.0},{"damage":0.0,"enemies":"4 Shapes","floor":45.0,"turns":4.0},{"damage":0.0,"enemies":"Jaw Worm Horde","floor":46.0,"turns":2.0},{"damage":0.0,"enemies":"Spire Growth","floor":48.0,"turns":3.0},{"damage":33,"enemies":"Awakened One","floor":50,"turns":7}],"seed_played":"4265188205358470506","potions_obtained":[{"floor":1.0,"key":"Fire Potion"},{"floor":4.0,"key":"Fire Potion"},{"floor":5.0,"key":"PowerPotion"},{"floor":13.0,"key":"EntropicBrew"}],"is_trial":false,"path_per_floor":["M","M","M","M","M","R","M","M","T","?","R","M","M","E","R","B",null,"M","M","M","$","?","E","M","R","T","M","R","M","?","M","R","B",null,"M","M","?","?","$","R","M","M","T","T","M","M","?","M","R","B",null],"character_chosen":"CHLOE","items_purchased":["Ornamental Fan","Ginger","Panacea"],"campfire_rested":1,"item_purchase_floors":[39,39,39],"current_hp_per_floor":[75,75,75,70,70,70,70,63,63,52,52,52,52,37,59,51,75,67,69,71,71,71,61,49,49,49,56,56,58,42,56,56,68,79,70,72,72,72,72,72,74,59,59,59,66,66,56,63,63,34],"gold":177,"neow_bonus":"RANDOM_COLORLESS","is_daily":false,"chose_seed":false,"campfire_upgraded":7,"win_rate":0.0,"timestamp":1608978224,"path_taken":["M","M","M","M","M","R","M","M","T","?","R","M","M","E","R","BOSS","M","M","M","$","?","E","M","R","T","?","R","M","?","M","R","BOSS","M","M","?","?","$","R","M","M","T","?","?","M","?","M","R","BOSS"],"items_purchased_type":["Relic","Relic","Card"],"build_version":"2020-12-22","purchased_purges":2,"victory":true,"max_hp_per_floor":[75,75,75,75,75,75,75,75,75,75,75,75,75,75,75,75,75,77,77,77,77,77,79,79,79,79,79,79,79,79,79,79,79,79,79,79,79,79,79,79,79,79,79,79,79,79,79,79,79,79],"card_choices":[{"not_picked":["Blind","Trip"],"picked":"PanicButton","floor":0.0},{"not_picked":["PrismaMod:ChloeCheapDefend","PrismaMod:ChloeCommonAOEAttack"],"picked":"PrismaMod:ChloeExhaustOne","floor":1.0},{"not_picked":["PrismaMod:ChloeCheapDefend","PrismaMod:ChloeDemonicTutor"],"picked":"PrismaMod:ChloeCheapAttackTwo","floor":2.0},{"not_picked":["PrismaMod:ChloeDevil","PrismaMod:ChloeDiscardRecovery"],"picked":"PrismaMod:ChloeUncommonDefend","floor":3.0},{"not_picked":["PrismaMod:ChloeDiscardRecovery","PrismaMod:ChloeMaid","PrismaMod:ChloeRuleBreaker"],"picked":"SKIP","floor":4.0},{"not_picked":["PrismaMod:ChloeDemonicTutor","PrismaMod:ChloeCheapAttack"],"picked":"PrismaMod:ChloeEyeOfTheEuryale","floor":5.0},{"not_picked":["PrismaMod:ChloeCheapAttack","PrismaMod:ChloeDiscardRecovery"],"picked":"PrismaMod:ChloeMaid","floor":7.0},{"not_picked":["PrismaMod:ChloeCommonAOEAttack","PrismaMod:ChloeCheapDefendTwo"],"picked":"PrismaMod:ChloeBetterTracePools","floor":8.0},{"not_picked":["PrismaMod:ChloeDiscardRecovery","PrismaMod:ChloeCheapDefendTwo","PrismaMod:ChloeRuleBreaker"],"picked":"SKIP","floor":12.0},{"not_picked":["PrismaMod:ChloeCommonAOEAttack","PrismaMod:ChloeBetterTracePools","PrismaMod:ChloeCheapAttack"],"picked":"SKIP","floor":13.0},{"not_picked":["PrismaMod:ChloeCommonAOEAttack","PrismaMod:ChloeCheapDefendTwo"],"picked":"PrismaMod:ChloeAnySkillTrace","floor":14.0},{"not_picked":["PrismaMod:ChloeHalloween","PrismaMod:ChloeReshuffleDiscard"],"picked":"PrismaMod:ChloeDevil","floor":16.0},{"not_picked":["PrismaMod:ChloeCheapAttack+1","PrismaMod:ChloeCheapDefend","PrismaMod:ChloeCheapDefendTwo"],"picked":"SKIP","floor":18.0},{"not_picked":["PrismaMod:ChloeCheapDefendTwo","PrismaMod:ChloeCommonAOEAttack","PrismaMod:ChloeCheapAttackTwo"],"picked":"SKIP","floor":19.0},{"not_picked":["PrismaMod:ChloeCheapAttackTwo","PrismaMod:ChloeCommonAOEAttack","PrismaMod:ChloeCheapDefendTwo"],"picked":"SKIP","floor":20.0},{"not_picked":["PrismaMod:ChloeRuleBreaker","PrismaMod:ChloeExhaustOne"],"picked":"PrismaMod:ChloeUncommonAttack","floor":23.0},{"not_picked":["PrismaMod:ChloeUncommonAOEAttack","PrismaMod:ChloeEyeOfTheEuryale"],"picked":"PrismaMod:ChloeMordred","floor":24.0},{"not_picked":["PrismaMod:ChloeDiscardRecovery","PrismaMod:ChloeCheapAttack"],"picked":"PrismaMod:ChloeRhongomyniad","floor":27.0},{"not_picked":["PrismaMod:ChloeExhaustThree","PrismaMod:ChloeUncommonAOEAttack","PrismaMod:ChloeCommonAOEAttack"],"picked":"SKIP","floor":29.0},{"not_picked":["PrismaMod:ChloeCheapAttack","PrismaMod:ChloeCheapAttackTwo"],"picked":"PrismaMod:ChloeDiscardRecovery+1","floor":31.0},{"not_picked":["PrismaMod:ChloeExhaustOne+1","PrismaMod:ChloeRuleBreaker"],"picked":"PrismaMod:ChloeCheapDefendTwo+1","floor":35.0},{"not_picked":["PrismaMod:ChloeDiscardRecovery+1","PrismaMod:ChloeCommonAOEAttack+1","PrismaMod:ChloeCheapAttackTwo"],"picked":"SKIP","floor":36.0},{"not_picked":["PrismaMod:ChloeDiscardRecovery+1","PrismaMod:ChloeUncommonAOEAttack+1","PrismaMod:ChloeDemonicTutor"],"picked":"SKIP","floor":41.0},{"not_picked":["PrismaMod:ChloeUncommonDefend","PrismaMod:ChloeCheapDefend"],"picked":"PrismaMod:ChloeCaladbolg+1","floor":42.0},{"not_picked":["PrismaMod:ChloeEyeOfTheEuryale","PrismaMod:ChloeCommonAOEAttack"],"picked":"PrismaMod:ChloeCaladbolg+1","floor":45.0},{"not_picked":["PrismaMod:ChloeExhaustOne+1","PrismaMod:ChloeExhaustThree","PrismaMod:ChloeBetterTracePools+1"],"picked":"SKIP","floor":46.0},{"not_picked":["Dramatic Entrance","Forethought"],"picked":"Panacea","floor":47.0},{"not_picked":["Swift Strike","Blind"],"picked":"Bandage Up","floor":47.0},{"not_picked":["Metamorphosis","Mayhem"],"picked":"Sadistic Nature","floor":47.0},{"not_picked":["PrismaMod:ChloeUncommonAOEAttack+1","PrismaMod:ChloeCheapAttackTwo"],"picked":"PrismaMod:ChloeGaeBolg+1","floor":48.0}],"player_experience":102300,"relics_obtained":[{"floor":9.0,"key":"Bag of Marbles"},{"floor":14.0,"key":"Smiling Mask"},{"floor":23.0,"key":"Nunchaku"},{"floor":26.0,"key":"Thread and Needle"},{"floor":30.0,"key":"Enchiridion"},{"floor":43.0,"key":"InkBottle"},{"floor":44.0,"key":"HornCleat"}],"event_choices":[{"damage_healed":0.0,"max_hp_gain":0.0,"max_hp_loss":0.0,"gold_gain":75.0,"event_name":"World of Goop","player_choice":"Gather Gold","floor":10.0,"gold_loss":0.0,"damage_taken":11.0},{"cards_removed":["PrismaMod:ChloeCommonDefend"],"damage_healed":0.0,"max_hp_gain":0.0,"max_hp_loss":0.0,"gold_gain":0.0,"event_name":"Purifier","player_choice":"Purged","floor":22.0,"gold_loss":0.0,"damage_taken":0.0},{"damage_healed":0.0,"max_hp_gain":0.0,"max_hp_loss":0.0,"gold_gain":0.0,"event_name":"Cursed Tome","player_choice":"Obtained Book","floor":30.0,"gold_loss":0.0,"damage_taken":16.0},{"damage_healed":0.0,"max_hp_gain":0.0,"max_hp_loss":0.0,"gold_gain":0.0,"event_name":"Tomb of Lord Red Mask","player_choice":"Ignored","floor":37.0,"gold_loss":0.0,"damage_taken":0.0},{"cards_removed":["PrismaMod:ChloeHalloween"],"damage_healed":0.0,"max_hp_gain":0.0,"max_hp_loss":0.0,"gold_gain":0.0,"event_name":"Falling","player_choice":"Removed Skill","floor":38.0,"gold_loss":0.0,"damage_taken":0.0},{"damage_healed":0.0,"max_hp_gain":0.0,"max_hp_loss":0.0,"gold_gain":0.0,"event_name":"SensoryStone","player_choice":"Memory 3","floor":47.0,"gold_loss":0.0,"damage_taken":10.0}],"is_beta":false,"boss_relics":[{"not_picked":["Snecko Eye","Ectoplasm"],"picked":"Sozu"},{"not_picked":["Calling Bell","Tiny House"],"picked":"Astrolabe"}],"items_purged_floors":[21,39],"is_endless":false,"potions_floor_spawned":[1,4,5,12,13,14,19,23,29,33,41,48],"ascension_level":0}}