{"host":"w4b7hmige5bnqipq","time":1608962188,"event":{"mods":["BaseMod","Minty Spire (QoL Compilation)","Rare Cards Sparkle","SuperFastMode","everything is the same but u backflip on backflip","slay the spire mod where everything is the same but ironclad has a cowboy hat"],"gold_per_floor":[111,123,142,142,67,98,98,137,137,158,172,192,192,233,233,326,326,344,344,360,84,109,145,145,188,242,242,261,294,22,47,47,140,140,156,156,181,131,151,151,182,205,205,230,230,268,1,16,16,16,16,16],"floor_reached":51,"playtime":3035,"items_purged":["Pain","Strike_G+1"],"score":1478,"play_id":"f36046d4-3661-49ea-af25-d01615887062","local_time":"20201226145628","is_ascension_mode":true,"campfire_choices":[{"data":"Terror","floor":7.0,"key":"SMITH"},{"floor":13.0,"key":"REST"},{"data":"Eviscerate","floor":15.0,"key":"SMITH"},{"data":"Wraith Form v2","floor":24.0,"key":"SMITH"},{"floor":32.0,"key":"REST"},{"data":"Phantasmal Killer","floor":40,"key":"SMITH"},{"floor":45,"key":"RECALL"},{"data":"Concentrate","floor":49,"key":"SMITH"}],"circlet_count":0,"master_deck":["AscendersBane","Strike_G+1","Defend_G+1","Defend_G+1","Defend_G+1","Defend_G+1","Defend_G+1","Survivor","Neutralize","Concentrate+1","Eviscerate+1","Acrobatics","Dagger Throw","Terror+1","PiercingWail","Dagger Spray+1","Leg Sweep","Wraith Form v2+1","Backflip","Reflex","Prepared","Riddle With Holes+1","Escape Plan","Phantasmal Killer+1","Deflect+1","Distraction+1","Tools of the Trade+1","Bouncing Flask+1","Bane+1","Backflip+1","Eviscerate","Prepared+1"],"relics":["Ring of the Snake","Golden Idol","Happy Flower","Question Card","Strawberry","Oddly Smooth Stone","Runic Pyramid","WarpedTongs","Blood Vial","Pen Nib","White Beast Statue","Nunchaku","Anchor","Toxic Egg 2","SacredBark","Vajra","Omamori","Whetstone","Bronze Scales"],"acts_visited":["Exordium","TheCity","TheBeyond"],"potions_floor_usage":[37,41,42,44,50,51],"damage_taken":[{"damage":0.0,"enemies":"2 Louse","floor":1.0,"turns":5.0},{"damage":4.0,"enemies":"Cultist","floor":2.0,"turns":3.0},{"damage":0.0,"enemies":"Small Slimes","floor":3.0,"turns":2.0},{"damage":42.0,"enemies":"Lagavulin","floor":6.0,"turns":6.0},{"damage":3.0,"enemies":"Gremlin Nob","floor":8.0,"turns":3.0},{"damage":7.0,"enemies":"Gremlin Gang","floor":10.0,"turns":4.0},{"damage":1.0,"enemies":"Blue Slaver","floor":11.0,"turns":4.0},{"damage":0.0,"enemies":"Red Slaver","floor":12.0,"turns":3.0},{"damage":14.0,"enemies":"3 Sentries","floor":14.0,"turns":7.0},{"damage":17.0,"enemies":"Slime Boss","floor":16.0,"turns":4.0},{"damage":2.0,"enemies":"Chosen","floor":18.0,"turns":5.0},{"damage":15.0,"enemies":"3 Byrds","floor":20.0,"turns":7.0},{"damage":6.0,"enemies":"Snake Plant","floor":22.0,"turns":5.0},{"damage":5.0,"enemies":"Slavers","floor":23.0,"turns":6.0},{"damage":12.0,"enemies":"Book of Stabbing","floor":25.0,"turns":6.0},{"damage":3.0,"enemies":"Shelled Parasite and Fungi","floor":28.0,"turns":5.0},{"damage":21.0,"enemies":"Slavers","floor":29.0,"turns":5.0},{"damage":0.0,"enemies":"Chosen and Byrds","floor":31.0,"turns":2.0},{"damage":5.0,"enemies":"Collector","floor":33.0,"turns":5.0},{"damage":2.0,"enemies":"Orb Walker","floor":35.0,"turns":4.0},{"damage":0,"enemies":"3 Shapes","floor":37,"turns":7},{"damage":1,"enemies":"Transient","floor":39,"turns":6},{"damage":2,"enemies":"Reptomancer","floor":41,"turns":5},{"damage":0,"enemies":"Maw","floor":42,"turns":5},{"damage":0,"enemies":"3 Darklings","floor":44,"turns":3},{"damage":10,"enemies":"Giant Head","floor":46,"turns":7},{"damage":4,"enemies":"Sphere and 2 Shapes","floor":48,"turns":7},{"damage":30,"enemies":"Donu and Deca","floor":50,"turns":9},{"damage":30,"enemies":"Time Eater","floor":51,"turns":9}],"seed_played":"-917492676602951726","potions_obtained":[{"floor":3.0,"key":"Regen Potion"},{"floor":6.0,"key":"ColorlessPotion"},{"floor":11.0,"key":"SteroidPotion"},{"floor":12.0,"key":"FairyPotion"},{"floor":20.0,"key":"CultistPotion"},{"floor":22.0,"key":"PowerPotion"},{"floor":28.0,"key":"FearPotion"},{"floor":29.0,"key":"Strength Potion"},{"floor":31.0,"key":"SkillPotion"},{"floor":33.0,"key":"Poison Potion"},{"floor":35.0,"key":"FearPotion"},{"floor":37,"key":"PowerPotion"},{"floor":41,"key":"GamblersBrew"},{"floor":42,"key":"EssenceOfSteel"},{"floor":44,"key":"GhostInAJar"},{"floor":46,"key":"Ancient Potion"}],"is_trial":false,"path_per_floor":["M","M","M","?","?","E","R","E","T","M","M","M","R","E","R","B",null,"M","?","M","$","M","E","R","E","T","?","M","E","$","M","R","B",null,"M","?","M","?","M","R","E","M","T","M","R","E","$","M","R","B","B"],"character_chosen":"THE_SILENT","items_purchased":["Reflex","Blood Vial","Toxic Egg 2","Bronze Scales"],"campfire_rested":2,"item_purchase_floors":[21,21,30,47],"current_hp_per_floor":[44,40,40,40,40,13,13,10,17,10,9,9,29,15,15,20,55,53,53,38,38,34,31,31,21,21,21,20,1,1,3,23,20,55,55,55,57,57,58,58,58,60,60,62,62,54,54,52,52,24,0,0],"gold":16,"neow_bonus":"TRANSFORM_TWO_CARDS","is_daily":false,"chose_seed":false,"campfire_upgraded":5,"win_rate":0.0,"timestamp":1608962188,"path_taken":["M","M","M","?","?","E","R","E","T","M","M","M","R","E","R","BOSS","BOSS","M","?","?","$","M","E","R","E","T","?","M","E","$","M","R","BOSS","M","?","?","?","M","R","E","M","T","M","R","E","$","?","R","BOSS","BOSS"],"items_purchased_type":["Card","Relic","Relic","Relic"],"build_version":"2020-12-22","purchased_purges":2,"victory":false,"max_hp_per_floor":[66,66,66,60,60,60,60,60,67,67,67,67,67,67,67,67,67,67,67,67,67,67,67,67,67,67,67,67,67,67,67,67,67,67,67,67,67,67,67,67,67,67,67,67,67,67,67,67,67,67,67,67],"card_choices":[{"not_picked":["Cloak And Dagger","Dash"],"picked":"Acrobatics","floor":1.0},{"not_picked":["Finisher","PiercingWail"],"picked":"Dagger Throw","floor":2.0},{"not_picked":["Flying Knee","Sucker Punch"],"picked":"Terror","floor":3.0},{"not_picked":["Acrobatics","Flying Knee"],"picked":"PiercingWail","floor":6.0},{"not_picked":["Endless Agony","Dagger Throw"],"picked":"Dagger Spray","floor":8.0},{"not_picked":["Dodge and Roll","Acrobatics","Poisoned Stab"],"picked":"Leg Sweep","floor":10.0},{"not_picked":["Quick Slash","Dagger Spray","Bane","Heel Hook"],"picked":"SKIP","floor":11.0},{"not_picked":["Infinite Blades","Eviscerate","Slice","Predator"],"picked":"SKIP","floor":12.0},{"not_picked":["Bane","Prepared","Slice","Concentrate"],"picked":"SKIP","floor":14.0},{"not_picked":["A Thousand Cuts","Storm of Steel","Venomology"],"picked":"Wraith Form v2","floor":16.0},{"not_picked":["Setup","Eviscerate","Blade Dance","Choke"],"picked":"SKIP","floor":18.0},{"not_picked":["PiercingWail","Deadly Poison","Acrobatics"],"picked":"Backflip","floor":20.0},{"not_picked":["Caltrops","Dagger Spray","Underhanded Strike"],"picked":"Prepared","floor":22.0},{"not_picked":["Sucker Punch","PiercingWail","Flying Knee"],"picked":"Riddle With Holes","floor":23.0},{"not_picked":["Backstab","Dagger Throw","Crippling Poison"],"picked":"Escape Plan","floor":25.0},{"not_picked":["Bane","Dodge and Roll","Backflip"],"picked":"Phantasmal Killer","floor":28.0},{"not_picked":["Underhanded Strike","Outmaneuver","Dagger Spray"],"picked":"Deflect+1","floor":29.0},{"not_picked":["Prepared+1","Acrobatics+1","Setup+1"],"picked":"Distraction+1","floor":31.0},{"not_picked":["A Thousand Cuts","After Image","Doppelganger+1"],"picked":"Tools of the Trade","floor":33.0},{"not_picked":["Choke","Underhanded Strike","Prepared+1"],"picked":"Bouncing Flask+1","floor":35.0},{"not_picked":["Caltrops","Choke+1","Underhanded Strike"],"picked":"Bane+1","floor":37},{"not_picked":["Skewer","Bane","Quick Slash"],"picked":"Backflip+1","floor":39},{"not_picked":["Flechettes","Quick Slash","Outmaneuver+1","Dash"],"picked":"SKIP","floor":41},{"not_picked":["Cloak And Dagger+1","Dagger Spray","Endless Agony+1","Underhanded Strike"],"picked":"SKIP","floor":42},{"not_picked":["Leg Sweep+1","Slice","Sucker Punch+1","Deflect+1"],"picked":"SKIP","floor":44},{"not_picked":["Choke","Backflip+1","Riddle With Holes"],"picked":"Eviscerate","floor":46},{"not_picked":["Slice","Quick Slash","Riddle With Holes+1"],"picked":"Prepared+1","floor":48}],"player_experience":426981,"relics_obtained":[{"floor":6.0,"key":"Happy Flower"},{"floor":8.0,"key":"Question Card"},{"floor":9.0,"key":"Strawberry"},{"floor":14.0,"key":"Oddly Smooth Stone"},{"floor":23.0,"key":"Pen Nib"},{"floor":25.0,"key":"White Beast Statue"},{"floor":26.0,"key":"Nunchaku"},{"floor":29.0,"key":"Anchor"},{"floor":36.0,"key":"Vajra"},{"floor":41,"key":"Omamori"},{"floor":46,"key":"Whetstone"}],"event_choices":[{"damage_healed":0.0,"max_hp_gain":0.0,"max_hp_loss":6.0,"gold_gain":0.0,"event_name":"Golden Idol","player_choice":"Lose Max HP","floor":4.0,"gold_loss":0.0,"damage_taken":0.0,"relics_obtained":["Golden Idol"]},{"cards_removed":["Strike_G"],"damage_healed":0.0,"max_hp_gain":0.0,"max_hp_loss":0.0,"gold_gain":0.0,"event_name":"The Cleric","player_choice":"Card Removal","floor":5.0,"gold_loss":75.0,"damage_taken":0.0},{"damage_healed":0.0,"max_hp_gain":0.0,"max_hp_loss":0.0,"gold_gain":0.0,"event_name":"Accursed Blacksmith","player_choice":"Rummage","floor":19.0,"gold_loss":0.0,"damage_taken":0.0,"relics_obtained":["WarpedTongs"],"cards_obtained":["Pain"]},{"damage_healed":0.0,"max_hp_gain":0.0,"max_hp_loss":0.0,"gold_gain":0.0,"event_name":"Back to Basics","player_choice":"Simplicity","floor":27.0,"gold_loss":0.0,"damage_taken":0.0,"cards_upgraded":["Strike_G","Strike_G","Defend_G","Defend_G","Defend_G","Defend_G","Defend_G"]},{"damage_healed":0.0,"max_hp_gain":0.0,"max_hp_loss":0.0,"gold_gain":0.0,"event_name":"Wheel of Change","player_choice":"Relic","floor":36.0,"gold_loss":0.0,"damage_taken":0.0},{"damage_healed":0,"gold_gain":0,"player_choice":"Upgrade","damage_taken":0,"max_hp_gain":0,"max_hp_loss":0,"event_name":"Designer","floor":38,"gold_loss":50,"cards_upgraded":["Tools of the Trade"]}],"is_beta":false,"boss_relics":[{"not_picked":["Snecko Eye","Ring of the Serpent"],"picked":"Runic Pyramid"},{"not_picked":["Pandora\u0027s Box","WristBlade"],"picked":"SacredBark"}],"items_purged_floors":[21,47],"is_endless":false,"potions_floor_spawned":[3,6,11,12,20,22,28,29,31,33,35,37,39,41,42,44,46,48],"killed_by":"Time Eater","ascension_level":20}}