{"host":"uflv0e3ja7hvnij7","time":1608983233,"event":{"mods":["Aspiration","BaseMod","Better Altar","Better Match","Better Note","Better Sensory Stone","Better Skull","Better Third Choice","Hubris","Infinite Spire","Minty Spire (QoL Compilation)","Permanent Neow","Replay The Spire","Shop Mod","StSLib"],"gold_per_floor":[116,136,136,154,154,154,180,180,180,180,180,199,199,210,210,328,328,357,385,412,412,412],"floor_reached":21,"playtime":1082,"items_purged":[],"score":226,"play_id":"9a1ab240-5486-4592-80ed-435348997d1e","local_time":"20201226064713","is_ascension_mode":true,"campfire_choices":[{"data":"Bash","floor":6,"key":"SMITH"},{"floor":8,"key":"REST"},{"data":"Headbutt","floor":10,"key":"SMITH"},{"floor":15,"key":"DIG"}],"circlet_count":0,"master_deck":["Strike_R","Strike_R+1","Strike_R","Strike_R","Strike_R","Defend_R","Defend_R+1","Defend_R","Defend_R","Bash+1","Ghostly Armor","Ghostly Armor","Shrug It Off","Headbutt+1","Uppercut","Limit Break","Shrug It Off"],"relics":["Burning Blood","Regal Pillow","Red Skull","Onion Ring","hubris:IronBody","ReplayTheSpireMod:Ring of Addiction","hubris:EmptyBottle","Toy Ornithopter","Replay:Bandana","Velvet Choker"],"acts_visited":["Exordium","TheCity"],"potions_floor_usage":[4,12,16,16,16,19,20],"damage_taken":[{"damage":3,"enemies":"Small Slimes","floor":1,"turns":4},{"damage":0,"enemies":"2 Louse","floor":2,"turns":3},{"damage":0,"enemies":"Cultist","floor":4,"turns":4},{"damage":22,"enemies":"3 Sentries","floor":7,"turns":9},{"damage":0,"enemies":"3 Louse","floor":12,"turns":2},{"damage":0,"enemies":"Looter","floor":14,"turns":3},{"damage":57,"enemies":"Slime Boss","floor":16,"turns":10},{"damage":0,"enemies":"Spheric Guardian","floor":18,"turns":3},{"damage":8,"enemies":"2 Thieves","floor":19,"turns":3},{"damage":26,"enemies":"Chosen and Byrds","floor":20,"turns":8},{"damage":0,"enemies":"Cultist and Chosen","floor":21,"turns":1}],"seed_played":"943405521156837768","potions_obtained":[{"floor":1,"key":"Swift Potion"},{"floor":4,"key":"Fruit Juice"},{"floor":7,"key":"PowerPotion"},{"floor":11,"key":"Dexterity Potion"},{"floor":11,"key":"AttackPotion"},{"floor":11,"key":"Fire Potion"},{"floor":13,"key":"DuplicationPotion"},{"floor":16,"key":"GamblersBrew"},{"floor":19,"key":"SkillPotion"},{"floor":20,"key":"Dexterity Potion"}],"is_trial":false,"path_per_floor":["M","M","?","M","?","R","E","R","T","R","?","M","?","M","R","B",null,"M","M","M","M"],"character_chosen":"IRONCLAD","items_purchased":[],"campfire_rested":1,"item_purchase_floors":[],"current_hp_per_floor":[80,80,64,75,52,52,36,76,76,76,76,85,85,85,85,32,70,76,79,63,63,63],"gold":412,"neow_bonus":"THREE_CARDS","is_daily":false,"chose_seed":false,"campfire_upgraded":2,"win_rate":0.0,"timestamp":1608983233,"path_taken":["M","M","?","M","?","R","E","R","T","R","?","M","?","M","R","BOSS","M","M","M","?"],"items_purchased_type":[],"build_version":"2020-12-22","purchased_purges":0,"victory":false,"max_hp_per_floor":[80,80,80,85,85,85,85,85,85,85,85,85,85,85,85,83,83,83,83,83,83,83],"card_choices":[{"not_picked":["Run Through","Inflame"],"picked":"Ghostly Armor","floor":0},{"not_picked":["Wild Strike","Flex"],"picked":"Ghostly Armor","floor":1},{"not_picked":["Sword Boomerang","Run Through"],"picked":"Shrug It Off","floor":2},{"not_picked":["ReplayTheSpireMod:Strike From Hell","True Grit","Corruption"],"picked":"SKIP","floor":4},{"not_picked":["Replay:Undeath\u0027s Touch","Heavy Blade"],"picked":"Headbutt","floor":7},{"not_picked":["Massacre","Headbutt","Hemokinesis"],"picked":"SKIP","floor":12},{"not_picked":["Thunderclap","Heavy Blade"],"picked":"Uppercut","floor":14},{"not_picked":["Bludgeon","Immolate"],"picked":"Limit Break","floor":16},{"not_picked":["hubris:ReadiedAction","Thunderclap","Wild Strike"],"picked":"SKIP","floor":18},{"not_picked":["Life Link","Uppercut","True Grit"],"picked":"SKIP","floor":19},{"not_picked":["Combust","Whirlwind"],"picked":"Shrug It Off","floor":20}],"player_experience":405171,"relics_obtained":[{"floor":7,"key":"Onion Ring"},{"floor":9,"key":"hubris:IronBody"},{"floor":11,"key":"ReplayTheSpireMod:Ring of Addiction"},{"floor":11,"key":"hubris:EmptyBottle"},{"floor":11,"key":"Toy Ornithopter"},{"floor":15,"key":"Replay:Bandana"}],"event_choices":[{"damage_healed":80,"gold_gain":0,"player_choice":"Upgrade","damage_taken":16,"max_hp_gain":0,"max_hp_loss":80,"event_name":"betterThird:BetterShining","floor":3,"gold_loss":0,"cards_upgraded":["Defend_R","Strike_R"]},{"damage_healed":0,"gold_gain":1,"player_choice":"Relic Relic ","damage_taken":23,"max_hp_gain":0,"max_hp_loss":0,"event_name":"betterThird:BetterScrap","floor":5,"gold_loss":0,"cards_obtained":["Distraction"]},{"damage_healed":0,"gold_gain":0,"player_choice":"Got Potions","damage_taken":0,"max_hp_gain":0,"max_hp_loss":0,"event_name":"Lab","floor":13,"gold_loss":0}],"is_beta":false,"boss_relics":[{"not_picked":["aspiration:SecretTechniqueScroll","SlaversCollar"],"picked":"Velvet Choker"}],"items_purged_floors":[],"is_endless":false,"potions_floor_spawned":[1,4,7,16,19,20],"killed_by":"Cultist and Chosen","ascension_level":5}}