{"host":"Alvar","time":1608992543,"event":{"mods":["AchievementEnabler","Aspiration","BaseMod","Hubris","Infinite Spire","Minty Spire (QoL Compilation)","StSLib"],"gold_per_floor":[114,124,134,134,209,209,242,242,266,299,309,378,389,418,418,494,494,509,509,165,165,165,195,210,210,210,210,225,242,242,257,257,342,354,385,413,425,387,416,428,474,486,498,510,522,534,558,580,592,680,764,776,796,808,830,842,636,654,654,654,677,677,677,677,684,700,700,764,764,777,782,832,835,836,859,866,866,938,941,941,963,963,983,983,1032,1032,1035,567,574,574,574,574,579,587,587,587,587,613,613,596,596,643,701,701,719,719,720,731,740,770,770,770,770,770,774,774,774,163,163,183,183,191,191,216,131,145,145,165,165,192,192,212,214,234,253,253,274,274,284,284,296,303,329,346,346,366,366,366,366,385,385,385,385,420,480,480,480,212,233,191,191],"floor_reached":160,"playtime":5908,"items_purged":["Strike_R","Strike_R+1","Strike_R+1","Armaments","Iron Wave","Defend_R+1","Battle Trance","Disarm","Bash+1","Juggernaut+1","Defend_R+1"],"score":8139,"play_id":"22c369aa-32df-48e8-aaa8-330326792125","local_time":"20201226212223","is_ascension_mode":true,"campfire_choices":[{"data":"Searing Blow","floor":6.0,"key":"SMITH"},{"data":"Searing Blow+1","floor":8.0,"key":"SMITH"},{"data":"Searing Blow+2","floor":15.0,"key":"SMITH"},{"data":"infinitespire:OneForAll","floor":25.0,"key":"SMITH"},{"floor":32.0,"key":"DIG"},{"floor":40.0,"key":"DIG"},{"floor":42.0,"key":"DIG"},{"floor":44.0,"key":"DIG"},{"floor":49.0,"key":"DIG"},{"floor":59.0,"key":"DIG"},{"floor":62.0,"key":"DIG"},{"floor":67.0,"key":"DIG"},{"floor":77.0,"key":"DIG"},{"floor":80.0,"key":"DIG"},{"floor":84.0,"key":"DIG"},{"floor":92.0,"key":"DIG"},{"floor":96.0,"key":"DIG"},{"floor":99.0,"key":"DIG"},{"floor":101.0,"key":"DIG"},{"floor":111,"key":"DIG"},{"floor":114,"key":"DIG"},{"floor":116,"key":"DIG"},{"floor":119,"key":"DIG"},{"floor":127,"key":"DIG"},{"floor":129,"key":"DIG"},{"floor":136,"key":"DIG"},{"floor":145,"key":"DIG"},{"floor":153,"key":"DIG"},{"floor":157,"key":"DIG"}],"circlet_count":0,"master_deck":["AscendersBane","Defend_R+1","Defend_R+1","Sword Boomerang","Searing Blow+3","Feel No Pain+1","Reaper+1","RitualDagger+1","Impervious","Inflame+1","infinitespire:Fortify","True Grit+1","Offering+1","Limit Break+1","Offering","Reaper","Burning Pact","Sentinel","Dual Wield","hubris:StunningStrike","Shrug It Off","infinitespire:TheBestDefense","Offering","hubris:StunningStrike","hubris:Fate","hubris:DuctTapeCard+2","Impervious","Sword Boomerang","infinitespire:Oblivion","Limit Break"],"relics":["PureWater","Charon\u0027s Ashes","Vajra","Akabeko","aspiration:HummingbirdHeart","StoneCalendar","hubris:CrackedHourglass","Pear","Shovel","Smiling Mask","aspiration:Stabinomicon","MawBank","aspiration:FutureDiary","hubris:Towel","infinitespire:Joker Card","White Beast Statue","Calipers","aspiration:AnachronicSnailShell","aspiration:TomeofQuesting","hubris:Icosahedron","Eternal Feather","infinitespire:Cupcake","Anchor","Mercury Hourglass","Juzu Bracelet","infinitespire:Bottled Soul","infinitespire:Satchel","Pocketwatch","infinitespire:Cubic Diamond","infinitespire:EmpoweringShard","Oddly Smooth Stone","hubris:ScarierMask","hubris:ToyBattleship","hubris:SphereOfDissonance","hubris:PeanutButter","Tiny Chest","hubris:ChampionShield","Kunai","Meat on the Bone","Runic Cube","Torii","Paper Frog","Lizard Tail","hubris:BottledRain","Ice Cream","aspiration:Lifesprig","Letter Opener","hubris:SlimyHat","Pantograph","Nunchaku","hubris:Backtick","Gambling Chip","HornCleat","Ancient Tea Set","aspiration:FrozenJewel","Bag of Marbles","infinitespire:PuzzleCube","Mummified Hand","hubris:DuctTape","MealTicket","Coffee Dripper","Ginger","Bag of Preparation","aspiration:HatOfInfinitePower","Potion Belt","hubris:MedicalManual","Lantern","Centennial Puzzle","infinitespire:WardingShard","Bottled Lightning","hubris:MysteriousPyramids","hubris:HollowSoul","Whetstone","hubris:CrystalStatue","War Paint","infinitespire:Golems Mask","hubris:GlazedTorus","infinitespire:Lucky Rock","aspiration:FetidBarrel","The Courier","CeramicFish","Runic Pyramid","hubris:DisguiseKit","infinitespire:ShieldingShard","Turnip"],"acts_visited":["Exordium","TheCity","TheBeyond","Exordium","TheCity","TheBeyond","TheCity","TheBeyond","TheEnding"],"potions_floor_usage":[],"damage_taken":[{"damage":3.0,"enemies":"2 Louse","floor":1.0,"turns":3.0},{"damage":4.0,"enemies":"Small Slimes","floor":2.0,"turns":4.0},{"damage":12.0,"enemies":"Jaw Worm","floor":3.0,"turns":3.0},{"damage":45.0,"enemies":"3 Sentries","floor":7.0,"turns":9.0},{"damage":8.0,"enemies":"Gremlin Nob","floor":10.0,"turns":3.0},{"damage":0.0,"enemies":"Exordium Thugs","floor":11.0,"turns":1.0},{"damage":1.0,"enemies":"3 Louse","floor":13.0,"turns":3.0},{"damage":10.0,"enemies":"Lagavulin","floor":14.0,"turns":3.0},{"damage":4.0,"enemies":"Hexaghost","floor":16.0,"turns":7.0},{"damage":15.0,"enemies":"Chosen","floor":18.0,"turns":4.0},{"damage":32.0,"enemies":"Book of Stabbing","floor":23.0,"turns":5.0},{"damage":0.0,"enemies":"Spheric Guardian","floor":24.0,"turns":1.0},{"damage":0.0,"enemies":"3 Cultists","floor":28.0,"turns":4.0},{"damage":4.0,"enemies":"Centurion and Healer","floor":29.0,"turns":6.0},{"damage":3.0,"enemies":"Chosen and Byrds","floor":31.0,"turns":3.0},{"damage":45.0,"enemies":"Automaton","floor":33.0,"turns":10.0},{"damage":14.0,"enemies":"3 Shapes","floor":35.0,"turns":4.0},{"damage":9.0,"enemies":"3 Darklings","floor":36.0,"turns":4.0},{"damage":0.0,"enemies":"Transient","floor":39.0,"turns":6.0},{"damage":26.0,"enemies":"Nightmare","floor":41.0,"turns":7.0},{"damage":23.0,"enemies":"Sphere and 2 Shapes","floor":47.0,"turns":3.0},{"damage":7.0,"enemies":"Writhing Mass","floor":48.0,"turns":6.0},{"damage":77.0,"enemies":"infinitespire:MassOfShapes","floor":50.0,"turns":13.0},{"damage":83.0,"enemies":"Awakened One","floor":51.0,"turns":9.0},{"damage":8.0,"enemies":"Cultist","floor":53.0,"turns":3.0},{"damage":0.0,"enemies":"Small Slimes","floor":55.0,"turns":2.0},{"damage":6.0,"enemies":"Gremlin Nob","floor":58.0,"turns":2.0},{"damage":2.0,"enemies":"2 Louse","floor":65.0,"turns":2.0},{"damage":6.0,"enemies":"Lagavulin","floor":66.0,"turns":2.0},{"damage":0.0,"enemies":"Slime Boss","floor":68.0,"turns":2.0},{"damage":6.0,"enemies":"Spheric Guardian","floor":70.0,"turns":2.0},{"damage":0.0,"enemies":"3 Byrds","floor":71.0,"turns":3.0},{"damage":6.0,"enemies":"Centurion and Healer","floor":73.0,"turns":2.0},{"damage":0.0,"enemies":"Shelled Parasite and Fungi","floor":74.0,"turns":2.0},{"damage":3.0,"enemies":"Slavers","floor":75.0,"turns":3.0},{"damage":0.0,"enemies":"Sentry and Sphere","floor":76.0,"turns":2.0},{"damage":4.0,"enemies":"Snecko","floor":79.0,"turns":3.0},{"damage":0.0,"enemies":"Gremlin Leader","floor":81.0,"turns":2.0},{"damage":0.0,"enemies":"Book of Stabbing","floor":83.0,"turns":2.0},{"damage":17.0,"enemies":"Champ","floor":85.0,"turns":5.0},{"damage":0.0,"enemies":"3 Darklings","floor":87.0,"turns":3.0},{"damage":0.0,"enemies":"Orb Walker","floor":89.0,"turns":1.0},{"damage":62.0,"enemies":"Nightmare","floor":93.0,"turns":6.0},{"damage":5.0,"enemies":"Sphere and 2 Shapes","floor":94.0,"turns":3.0},{"damage":4.0,"enemies":"Transient","floor":100.0,"turns":4.0},{"damage":10.0,"enemies":"hubris:GrandSnecko","floor":102.0,"turns":3.0},{"damage":4.0,"enemies":"infinitespire:MassOfShapes","floor":103.0,"turns":2.0},{"damage":0,"enemies":"Cultist","floor":105,"turns":2},{"damage":4,"enemies":"Jaw Worm","floor":107,"turns":1},{"damage":4,"enemies":"2 Louse","floor":108,"turns":1},{"damage":0,"enemies":"Large Slime","floor":109,"turns":2},{"damage":0,"enemies":"Gremlin Nob","floor":110,"turns":1},{"damage":0,"enemies":"Gremlin Gang","floor":115,"turns":2},{"damage":30,"enemies":"infinitespire:LordOfFortification","floor":120,"turns":6},{"damage":0,"enemies":"Spheric Guardian","floor":122,"turns":1},{"damage":0,"enemies":"2 Thieves","floor":126,"turns":1},{"damage":4,"enemies":"Slavers","floor":128,"turns":3},{"damage":0,"enemies":"Gremlin Leader","floor":132,"turns":1},{"damage":5,"enemies":"3 Cultists","floor":133,"turns":2},{"damage":0,"enemies":"Book of Stabbing","floor":134,"turns":2},{"damage":0,"enemies":"Snake Plant","floor":135,"turns":1},{"damage":13,"enemies":"infinitespire:LordOfFortification","floor":137,"turns":5},{"damage":0,"enemies":"3 Darklings","floor":139,"turns":1},{"damage":4,"enemies":"Orb Walker","floor":141,"turns":1},{"damage":0,"enemies":"Transient","floor":142,"turns":1},{"damage":4,"enemies":"Nightmare","floor":144,"turns":2},{"damage":0,"enemies":"Giant Head","floor":146,"turns":1},{"damage":0,"enemies":"Maw","floor":149,"turns":1},{"damage":0,"enemies":"Nemesis","floor":150,"turns":1},{"damage":17,"enemies":"infinitespire:LordOfFortification","floor":154,"turns":3},{"damage":10,"enemies":"Awakened One","floor":155,"turns":3},{"damage":0,"enemies":"Shield and Spear","floor":159,"turns":1},{"damage":0,"enemies":"The Heart","floor":160,"turns":1}],"seed_played":"4841362176025198447","potions_obtained":[{"floor":3.0,"key":"Ancient Potion"},{"floor":7.0,"key":"LiquidBronze"},{"floor":16.0,"key":"Swift Potion"},{"floor":23.0,"key":"Dexterity Potion"},{"floor":24.0,"key":"LiquidMemories"},{"floor":29.0,"key":"BlessingOfTheForge"},{"floor":41.0,"key":"Strength Potion"},{"floor":47.0,"key":"ElixirPotion"},{"floor":48.0,"key":"Strength Potion"},{"floor":50.0,"key":"Strength Potion"},{"floor":51.0,"key":"Ancient Potion"},{"floor":53.0,"key":"Weak Potion"},{"floor":58.0,"key":"CultistPotion"},{"floor":76.0,"key":"Fruit Juice"},{"floor":79.0,"key":"PowerPotion"},{"floor":89.0,"key":"DuplicationPotion"},{"floor":128,"key":"FearPotion"},{"floor":132,"key":"infinitespire:BlackPotion"}],"is_trial":false,"path_per_floor":["M","M","M","?","?","R","E","R","T","E","M","T","M","E","R","B",null,"M","?","$","?","$","E","M","R","T","AVR","M","M","?","M","R","B",null,"M","M","?","?","M","R","NM","R","T","R","$","?","M","M","R","B","B",null,"M","?","M","?","$","E","R","T","T","R","?","?","M","E","R","B",null,"M","M","?","M","M","E","M","R","T","M","R","E","?","E","R","B",null,"M","$","M","T","?","R","NM","M","T","R","AVR","T","R","M","R","B","B",null,"M","?","M","M","M","E","R","?","T","R","M","R","?","$","R","B",null,"M","AVR","T","?","M","R","E","R","T","?","E","M","E","M","R","B",null,"M","?","M","M","T","NM","R","E","T","$","M","E","?","?","R","B","B",null,"R","$","E","B"],"character_chosen":"IRONCLAD","items_purchased":["Impervious","Inflame","infinitespire:OneForAll","Anchor","Disarm","Torii","Mummified Hand","hubris:DuctTape","infinitespire:Lucky Rock","aspiration:FetidBarrel","infinitespire:ShieldingShard"],"campfire_rested":0,"item_purchase_floors":[20,20,20,57,88,88,118,118,148,148,158],"current_hp_per_floor":[71,73,67,67,56,56,17,17,17,15,21,21,26,22,22,24,62,53,47,47,47,47,36,42,42,42,42,63,79,58,61,61,46,75,67,64,64,64,84,84,71,71,71,71,71,71,82,85,85,57,11,67,78,82,85,78,78,78,85,85,85,85,85,85,83,77,85,85,85,79,82,82,79,79,89,96,96,96,96,96,96,96,96,96,79,92,92,92,92,95,91,91,48,92,92,97,97,97,97,97,97,91,97,97,97,72,97,93,96,96,100,100,100,100,100,100,105,105,105,64,95,95,95,98,101,101,105,101,105,105,105,105,100,105,105,105,92,102,102,105,101,101,104,101,105,105,105,46,109,109,109,109,109,92,99,107,109,109,109,21,21],"gold":191,"neow_bonus":"RANDOM_COMMON_RELIC","is_daily":false,"chose_seed":false,"campfire_upgraded":4,"win_rate":0.0,"timestamp":1608992543,"path_taken":["M","M","M","?","?","R","E","R","T","E","M","?","?","E","R","BOSS","M","?","$","?","?","E","M","R","T","AVR","M","M","?","M","R","BOSS","M","M","?","?","?","R","NM","R","T","R","$","?","M","M","R","BOSS","BOSS","M","?","M","?","$","E","R","?","T","R","?","?","M","E","R","BOSS","M","M","?","M","M","E","M","R","T","M","R","E","?","E","R","BOSS","M","$","M","?","?","R","NM","M","T","R","AVR","?","R","M","R","BOSS","BOSS","M","?","M","M","M","E","R","?","T","R","M","R","?","$","R","BOSS","M","AVR","?","?","M","R","E","R","T","?","E","M","E","M","R","BOSS","M","?","M","M","?","NM","R","E","T","?","M","E","?","?","R","BOSS","BOSS","R","$","E","BOSS"],"items_purchased_type":["Card","Card","Card","Relic","Card","Relic","Relic","Relic","Relic","Relic","Relic"],"build_version":"2020-12-18","purchased_purges":11,"victory":false,"max_hp_per_floor":[75,75,75,75,75,75,75,75,75,75,75,75,75,75,75,75,75,75,75,75,75,75,85,85,85,85,85,85,85,85,85,85,85,85,85,85,85,85,85,85,85,85,85,85,85,85,85,85,85,85,85,85,85,85,85,85,85,85,85,85,85,85,85,85,85,85,85,85,85,85,88,88,91,91,91,96,96,96,96,96,96,96,96,96,96,96,96,96,96,96,91,91,94,97,97,97,97,97,97,97,97,97,97,97,97,97,97,97,100,100,100,100,100,100,100,100,105,105,105,105,105,105,105,105,105,105,105,105,105,105,105,105,105,105,105,105,105,105,105,105,105,105,105,105,105,105,105,105,109,109,109,109,109,109,109,109,109,109,109,21,21],"card_choices":[{"not_picked":["Feel No Pain","Pommel Strike"],"picked":"Sword Boomerang","floor":1.0},{"not_picked":["Battle Trance","True Grit"],"picked":"Searing Blow","floor":2.0},{"not_picked":["Evolve","hubris:SharpeningStone","Shrug It Off"],"picked":"SKIP","floor":3.0},{"not_picked":["Second Wind","hubris:ReadiedAction","Demon Form"],"picked":"SKIP","floor":7.0},{"not_picked":["Iron Wave","Headbutt"],"picked":"Feel No Pain","floor":10.0},{"not_picked":["Sentinel","Heavy Blade","Twin Strike"],"picked":"SKIP","floor":11.0},{"not_picked":["Clothesline","Blood for Blood"],"picked":"Battle Trance","floor":13.0},{"not_picked":["Brutality","Rampage"],"picked":"Armaments","floor":14.0},{"not_picked":["Immolate","Offering"],"picked":"Reaper","floor":16.0},{"not_picked":["Thunderclap","hubris:SharpeningStone","Cleave"],"picked":"SKIP","floor":18.0},{"not_picked":["Clash","Armaments","Anger"],"picked":"SKIP","floor":23.0},{"not_picked":["Hemokinesis","Twin Strike","Rupture"],"picked":"SKIP","floor":24.0},{"not_picked":["Anger","Sever Soul","Clash"],"picked":"SKIP","floor":28.0},{"not_picked":["Sword Boomerang","Uppercut","Headbutt"],"picked":"SKIP","floor":29.0},{"not_picked":["Seeing Red","Heavy Blade","Dropkick"],"picked":"SKIP","floor":31.0},{"not_picked":["Demon Form","Reaper"],"picked":"Juggernaut","floor":33.0},{"not_picked":["Anger","Searing Blow","Inflame+1"],"picked":"SKIP","floor":35.0},{"not_picked":["hubris:ReadiedAction","Inflame"],"picked":"True Grit+1","floor":36.0},{"not_picked":["Rage","Thunderclap"],"picked":"Offering","floor":39.0},{"not_picked":["Wild Strike","Rupture"],"picked":"Limit Break","floor":41.0},{"not_picked":["Perfected Strike+1","Twin Strike+1","Brutality"],"picked":"SKIP","floor":47.0},{"not_picked":["Thunderclap","Seeing Red","Warcry+1"],"picked":"SKIP","floor":48.0},{"not_picked":["Barricade","Demon Form"],"picked":"Offering","floor":50.0},{"not_picked":["Berserk","Demon Form"],"picked":"Reaper","floor":51.0},{"not_picked":["Metallicize","Dual Wield","Blood for Blood"],"picked":"SKIP","floor":53.0},{"not_picked":["Sever Soul","Thunderclap","Body Slam"],"picked":"SKIP","floor":55.0},{"not_picked":["Demon Form","Pommel Strike","Wild Strike"],"picked":"SKIP","floor":58.0},{"not_picked":["Dropkick","Heavy Blade","Clash"],"picked":"SKIP","floor":65.0},{"not_picked":["Sword Boomerang","Thunderclap","Twin Strike"],"picked":"SKIP","floor":66.0},{"not_picked":["Barricade","Limit Break"],"picked":"Feed","floor":68.0},{"not_picked":["Havoc","Headbutt","Pommel Strike"],"picked":"SKIP","floor":70.0},{"not_picked":["Headbutt","Heavy Blade","Spot Weakness"],"picked":"SKIP","floor":71.0},{"not_picked":["Inflame","Sword Boomerang"],"picked":"Burning Pact","floor":73.0},{"not_picked":["Heavy Blade","Metallicize"],"picked":"Burning Pact","floor":74.0},{"not_picked":["Sword Boomerang+1","Twin Strike"],"picked":"Sentinel","floor":75.0},{"not_picked":["Carnage","Thunderclap","Flex"],"picked":"SKIP","floor":76.0},{"not_picked":["Twin Strike","Headbutt","Havoc"],"picked":"SKIP","floor":79.0},{"not_picked":["Heavy Blade","Headbutt","Power Through"],"picked":"SKIP","floor":81.0},{"not_picked":["Power Through","Sword Boomerang+1"],"picked":"Dual Wield","floor":83.0},{"not_picked":["Fiend Fire","Feed"],"picked":"hubris:StunningStrike","floor":85.0},{"not_picked":["infinitespire:UltimateForm","infinitespire:SevenWalls"],"picked":"infinitespire:Menacing","floor":85.0},{"not_picked":["Perfected Strike","Pommel Strike"],"picked":"Shrug It Off","floor":87.0},{"not_picked":["Fire Breathing","Dropkick","True Grit"],"picked":"SKIP","floor":89.0},{"not_picked":["Infernal Blade","Iron Wave","Clothesline+1"],"picked":"SKIP","floor":93.0},{"not_picked":["Thunderclap+1","Combust","Searing Blow+1"],"picked":"SKIP","floor":94.0},{"not_picked":["Battle Trance","Clash","Iron Wave+1"],"picked":"SKIP","floor":100.0},{"not_picked":["Reaper","Bludgeon"],"picked":"Offering","floor":102.0},{"not_picked":["Feed","Offering"],"picked":"hubris:StunningStrike","floor":103.0},{"not_picked":["Combust","Heavy Blade","Metallicize"],"picked":"SKIP","floor":105},{"not_picked":["infinitespire:UltimateForm","hubris:InfiniteBlow"],"picked":"hubris:Fate","floor":106},{"not_picked":["Wild Strike","Infernal Blade","Anger"],"picked":"SKIP","floor":107},{"not_picked":["Demon Form","Burning Pact","Ghostly Armor"],"picked":"SKIP","floor":108},{"not_picked":["Flex","Pommel Strike","Iron Wave"],"picked":"SKIP","floor":109},{"not_picked":["Reckless Charge","Heavy Blade","Flex"],"picked":"SKIP","floor":110},{"not_picked":["Power Through","Fire Breathing"],"picked":"Iron Wave","floor":115},{"not_picked":["Offering","Limit Break"],"picked":"Impervious","floor":120},{"not_picked":["Twin Strike","Iron Wave+1","Seeing Red"],"picked":"SKIP","floor":122},{"not_picked":["Combust","Havoc","Thunderclap"],"picked":"SKIP","floor":126},{"not_picked":["Warcry","Whirlwind","Wild Strike"],"picked":"SKIP","floor":128},{"not_picked":["Clash","Iron Wave","Burning Pact"],"picked":"SKIP","floor":132},{"not_picked":["Sword Boomerang","Seeing Red","Heavy Blade"],"picked":"SKIP","floor":133},{"not_picked":["Exhume","Pommel Strike","Armaments"],"picked":"SKIP","floor":134},{"not_picked":["Pommel Strike","Immolate","Shrug It Off"],"picked":"SKIP","floor":135},{"not_picked":["Iron Wave","Blood for Blood"],"picked":"Sword Boomerang","floor":139},{"not_picked":["Second Wind","Rampage+1","Ghostly Armor"],"picked":"SKIP","floor":141},{"not_picked":["Sentinel","Heavy Blade","Juggernaut"],"picked":"SKIP","floor":142},{"not_picked":["infinitespire:SealOfDarkness+","hubris:InfiniteBlow"],"picked":"infinitespire:Oblivion","floor":144},{"not_picked":["Combust","Twin Strike","Body Slam"],"picked":"SKIP","floor":144},{"not_picked":["Perfected Strike","Armaments+1","Juggernaut"],"picked":"SKIP","floor":146},{"not_picked":["Whirlwind","Clash","Seeing Red"],"picked":"SKIP","floor":149},{"not_picked":["hubris:SharpeningStone","Ghostly Armor","Power Through"],"picked":"SKIP","floor":150},{"not_picked":["Berserk","Fiend Fire"],"picked":"Limit Break","floor":155},{"not_picked":["Headbutt+1","Cleave","Twin Strike","ClearTheMind"],"picked":"SKIP","floor":159}],"player_experience":741337,"relics_obtained":[{"floor":7.0,"key":"Charon\u0027s Ashes"},{"floor":9.0,"key":"Vajra"},{"floor":10.0,"key":"Akabeko"},{"floor":12.0,"key":"aspiration:HummingbirdHeart"},{"floor":14.0,"key":"StoneCalendar"},{"floor":23.0,"key":"Pear"},{"floor":26.0,"key":"Shovel"},{"floor":30.0,"key":"aspiration:Stabinomicon"},{"floor":32.0,"key":"MawBank"},{"floor":40.0,"key":"infinitespire:Joker Card"},{"floor":41.0,"key":"White Beast Statue"},{"floor":42.0,"key":"Calipers"},{"floor":43.0,"key":"aspiration:AnachronicSnailShell"},{"floor":44.0,"key":"aspiration:TomeofQuesting"},{"floor":49.0,"key":"Eternal Feather"},{"floor":58.0,"key":"Mercury Hourglass"},{"floor":59.0,"key":"Juzu Bracelet"},{"floor":60.0,"key":"infinitespire:Bottled Soul"},{"floor":61.0,"key":"infinitespire:Satchel"},{"floor":62.0,"key":"Pocketwatch"},{"floor":66.0,"key":"infinitespire:EmpoweringShard"},{"floor":67.0,"key":"Oddly Smooth Stone"},{"floor":75.0,"key":"hubris:ToyBattleship"},{"floor":77.0,"key":"hubris:SphereOfDissonance"},{"floor":78.0,"key":"hubris:PeanutButter"},{"floor":80.0,"key":"Tiny Chest"},{"floor":81.0,"key":"hubris:ChampionShield"},{"floor":83.0,"key":"Kunai"},{"floor":84.0,"key":"Meat on the Bone"},{"floor":90.0,"key":"Paper Frog"},{"floor":92.0,"key":"Lizard Tail"},{"floor":93.0,"key":"hubris:BottledRain"},{"floor":95.0,"key":"Ice Cream"},{"floor":96.0,"key":"aspiration:Lifesprig"},{"floor":98.0,"key":"hubris:SlimyHat"},{"floor":99.0,"key":"Pantograph"},{"floor":101.0,"key":"Nunchaku"},{"floor":110,"key":"HornCleat"},{"floor":111,"key":"Ancient Tea Set"},{"floor":113,"key":"aspiration:FrozenJewel"},{"floor":114,"key":"Bag of Marbles"},{"floor":116,"key":"infinitespire:PuzzleCube"},{"floor":119,"key":"MealTicket"},{"floor":124,"key":"Bag of Preparation"},{"floor":127,"key":"Potion Belt"},{"floor":128,"key":"hubris:MedicalManual"},{"floor":129,"key":"Lantern"},{"floor":130,"key":"Centennial Puzzle"},{"floor":132,"key":"infinitespire:WardingShard"},{"floor":134,"key":"Bottled Lightning"},{"floor":136,"key":"hubris:MysteriousPyramids"},{"floor":143,"key":"Whetstone"},{"floor":144,"key":"hubris:CrystalStatue"},{"floor":145,"key":"War Paint"},{"floor":146,"key":"infinitespire:Golems Mask"},{"floor":147,"key":"hubris:GlazedTorus"},{"floor":150,"key":"The Courier"},{"floor":153,"key":"CeramicFish"},{"floor":157,"key":"hubris:DisguiseKit"},{"floor":159,"key":"Turnip"}],"event_choices":[{"damage_healed":0.0,"max_hp_gain":0.0,"max_hp_loss":0.0,"gold_gain":75.0,"event_name":"World of Goop","player_choice":"Gather Gold","floor":5.0,"gold_loss":0.0,"damage_taken":11.0},{"damage_healed":0.0,"max_hp_gain":0.0,"max_hp_loss":0.0,"gold_gain":0.0,"event_name":"Nest","player_choice":"Joined the Cult","floor":19.0,"gold_loss":0.0,"damage_taken":6.0,"cards_obtained":["RitualDagger"]},{"damage_healed":0.0,"max_hp_gain":0.0,"max_hp_loss":0.0,"gold_gain":0.0,"event_name":"Back to Basics","player_choice":"Simplicity","floor":21.0,"gold_loss":0.0,"damage_taken":0.0,"cards_upgraded":["Strike_R","Strike_R","Strike_R","Strike_R","Defend_R","Defend_R","Defend_R","Defend_R"]},{"damage_healed":0.0,"max_hp_gain":0.0,"max_hp_loss":0.0,"gold_gain":0.0,"event_name":"Cursed Tome","player_choice":"Obtained Book","floor":30.0,"gold_loss":0.0,"damage_taken":21.0},{"damage_healed":0.0,"max_hp_gain":0.0,"max_hp_loss":0.0,"gold_gain":0.0,"event_name":"Designer","player_choice":"Upgraded Two","floor":38.0,"gold_loss":50.0,"damage_taken":0.0,"cards_upgraded":["Inflame","Reaper"]},{"cards_removed":["Strike_R"],"damage_healed":0.0,"max_hp_gain":0.0,"max_hp_loss":0.0,"gold_gain":0.0,"event_name":"Golden Wing","player_choice":"Card Removal","floor":56.0,"gold_loss":0.0,"damage_taken":7.0},{"damage_healed":0.0,"max_hp_gain":0.0,"max_hp_loss":0.0,"gold_gain":0.0,"event_name":"Liars Game","player_choice":"Ignored","floor":64.0,"gold_loss":0.0,"damage_taken":0.0},{"damage_healed":0.0,"max_hp_gain":0.0,"max_hp_loss":0.0,"gold_gain":50.0,"event_name":"Nest","player_choice":"Stole From Cult","floor":72.0,"gold_loss":0.0,"damage_taken":0.0},{"cards_removed":["Strike_R"],"damage_healed":0.0,"max_hp_gain":0.0,"max_hp_loss":0.0,"gold_gain":0.0,"event_name":"Purifier","player_choice":"Purged","floor":82.0,"gold_loss":0.0,"damage_taken":0.0},{"damage_healed":0.0,"max_hp_gain":0.0,"max_hp_loss":5.0,"gold_gain":0.0,"event_name":"Winding Halls","player_choice":"Max HP","floor":91.0,"gold_loss":0.0,"damage_taken":0.0},{"damage_healed":0,"gold_gain":0,"player_choice":"Donut","damage_taken":0,"max_hp_gain":5,"max_hp_loss":0,"event_name":"Big Fish","floor":117,"gold_loss":0},{"damage_healed":0,"gold_gain":0,"player_choice":"Obtained Relic","damage_taken":0,"relics_obtained":["aspiration:HatOfInfinitePower"],"max_hp_gain":0,"max_hp_loss":0,"event_name":"Addict","floor":125,"gold_loss":85},{"damage_healed":0,"gold_gain":0,"player_choice":"Ignored","damage_taken":0,"max_hp_gain":0,"max_hp_loss":0,"event_name":"Ghosts","floor":131,"gold_loss":0},{"cards_removed":["infinitespire:Menacing"],"damage_healed":0,"gold_gain":0,"player_choice":"Removed Skill","damage_taken":0,"max_hp_gain":0,"max_hp_loss":0,"event_name":"Falling","floor":140,"gold_loss":0},{"cards_removed":["Burning Pact"],"damage_healed":0,"gold_gain":0,"player_choice":"Card Removal","damage_taken":0,"max_hp_gain":0,"max_hp_loss":0,"event_name":"Wheel of Change","floor":152,"gold_loss":0}],"is_beta":true,"boss_relics":[{"not_picked":["hubris:ScarierMask","infinitespire:Burning Sword"],"picked":"hubris:CrackedHourglass"},{"not_picked":["hubris:VirtuousBlindfold","Empty Cage"],"picked":"aspiration:FutureDiary"},{"not_picked":["SacredBark","Philosopher\u0027s Stone"],"picked":"infinitespire:Cupcake"},{"not_picked":["Tiny House","Sozu"],"picked":"hubris:ScarierMask"},{"not_picked":["hubris:RunicObelisk","Pandora\u0027s Box"],"picked":"Runic Cube"},{"not_picked":["hubris:GrandSneckoEye","SacredBark"],"picked":"hubris:Backtick"},{"not_picked":["infinitespire:Burning Sword","Empty Cage"],"picked":"Coffee Dripper"},{"not_picked":["Tiny House","Snecko Eye"],"picked":"hubris:HollowSoul"},{"not_picked":["Cursed Key","hubris:Stopwatch"],"picked":"Runic Pyramid"}],"items_purged_floors":[20,57,88,97,118,123,148,148,148,148,158],"is_endless":true,"potions_floor_spawned":[3,7,16,23,24,29,35,41,47,48,50,51,53,55,58,65,66,68,70,71,73,74,75,76,79,81,83,85,87,89,93,94,100,102,103,105,107,108,109,110,115,120,122,126,128,132,133,134,135,137,139,141,142,146,149,150,154,155,159],"killed_by":"The Heart","ascension_level":20}}