{"host":"1shobamjx3kfwgso","time":1608949499,"event":{"mods":["2.2 Compatiblity","AchievementEnabler","Act Like it!","Aspiration","BaseMod","Beaked The Cultist","Better Altar","Better Match","Better Note","Better Sensory Stone","Better Skull","Better Third Choice","BetterRewards","Block Reminder","CCEM","CapriCore","Challenge The Spire","Clockwork Mod","Colored Map","Colored Powertips","Conjunction","Conspire","Defuse TimeMaze Blight","Downfall","Elementarium","Energized Spire","Exacting","FoggyMod","GifTheSpireLib","Halation","Hallownest","Hermit","Highlight Path","Hubris","Infinite Spire","Ironclad Rager","JesterMod","Lobotomy","LobotomyExtend","Mimic Mod","Minty Spire (QoL Compilation)","Pale of the Ancients","Quick Restart","Relic Sorter","Replay The Spire","Shade Mod","Shop Mod","StSLib","Stuff the Spire","The Bladedancer","The Bug Knight","The Construct","The Cursed","The Dragon Tamer","The Druid","The Gatherer","The Immortal","The Juggle","The Marked","The Mystic","The Sage","The Servant 0.9.4","TheFirefly","TheVacant","Uncapped","vexMod"],"gold_per_floor":[124,223,237,237,237,237,272,272,272,16,41,57,57,69,69,169,169,169,169,169,169,17,17,55,70,70,70,70,70,70,70,70],"floor_reached":31,"playtime":1457,"items_purged":[],"score":265,"play_id":"575b43df-042f-40e9-b35f-0bba21670ec9","local_time":"20201225212459","is_ascension_mode":false,"campfire_choices":[{"data":"theMarked:Polarize","floor":6.0,"key":"SMITH"},{"floor":8.0,"key":"REST"},{"floor":15.0,"key":"REST"},{"data":"theMarked:Polarize","floor":23.0,"key":"SMITH"}],"circlet_count":0,"master_deck":["theMarked:Strike+1","theMarked:Strike+1","theMarked:Strike","theMarked:Strike","theMarked:Strike","theMarked:Defend","theMarked:Defend","theMarked:Defend","theMarked:Defend","theMarked:SoldierOfQuellstein","theMarked:ReduceFriction","theMarked:Polarize+1","theMarked:Polarize+1","MHz","theMarked:ElectricStrings","Bloodbath","theMarked:MysticalArsenal","OSAHOGD","theMarked:GodGivenPower","theMarked:SoldierForm+1","theMarked:HeritageOfTheMarked","theMarked:PowerFlow","StuffTheSpire:Perfection","Pain"],"relics":["theMarked:ArtifactOfAir","CogitoBucket","RabbitCall","LetterFromLob","ReplayTheSpireMod:Lightbulb","halation:EternalFortune","StuffTheSpire:RedRose","Odd Mushroom","CCEMRelics:FryingPan","CCEMRelics:GrapeVine","conspire:RoyalGoblet","ShedSkin_r","MagicBullet_r","Gremlin Horn","halation:Jellyphish","Replay:Bottled Flurry","CCEMRelics:JestersCrown","BehaviorAdjustment","sagemod:Red_Beast_Statue","aspiration:HiddenCompartment","CCEMRelics:TinyMinotavrHorn"],"acts_visited":["Exordium","TheCity"],"potions_floor_usage":[],"damage_taken":[{"damage":5.0,"enemies":"Jaw Worm","floor":1.0,"turns":6.0},{"damage":0.0,"enemies":"Small Slimes","floor":3.0,"turns":3.0},{"damage":9.0,"enemies":"The Mushroom Lair","floor":7.0,"turns":1.0},{"damage":1.0,"enemies":"Cultist","floor":12.0,"turns":3.0},{"damage":22.0,"enemies":"3 Louse","floor":14.0,"turns":4.0},{"damage":30.0,"enemies":"Slime Boss","floor":16.0,"turns":4.0},{"damage":1.0,"enemies":"3 Byrds","floor":24.0,"turns":3.0},{"damage":43.0,"enemies":"3 Byrds","floor":25.0,"turns":6.0},{"damage":25,"enemies":"Colosseum Slavers","floor":31,"turns":1}],"seed_played":"-2722536030635286475","potions_obtained":[{"floor":1.0,"key":"ColorlessPotion"},{"floor":3.0,"key":"hexamod:EctoCoolerPotion"},{"floor":7.0,"key":"Doom Potion"},{"floor":16.0,"key":"GamblersBrew"}],"is_trial":false,"path_per_floor":["M","?","M","?","?","R","?","R","T","$","T","M","?","M","R","B",null,"M","T","?","?","$","R","MIM","M","T","?","$","?","$","M"],"character_chosen":"THE_DEFAULT","items_purchased":["CCEMRelics:GrapeVine","halation:Jellyphish"],"campfire_rested":2,"item_purchase_floors":[10,22],"current_hp_per_floor":[65,37,37,40,40,40,31,52,52,52,52,51,56,35,56,27,73,60,60,60,60,60,60,60,22,22,22,22,22,22,0,0],"gold":70,"neow_bonus":"","is_daily":false,"chose_seed":false,"campfire_upgraded":2,"win_rate":0.0,"timestamp":1608949499,"path_taken":["M","?","?","?","?","R","?","R","T","?","?","?","?","?","R","BOSS","M","?","?","?","$","R","?","?","T","?","?","?","?","?"],"items_purchased_type":["Relic","Relic"],"build_version":"2020-12-22","purchased_purges":0,"victory":false,"max_hp_per_floor":[70,70,70,73,73,73,73,73,73,73,73,73,73,73,73,73,73,73,73,73,73,73,73,73,76,76,76,76,76,76,76,76],"card_choices":[{"not_picked":["theMarked:Convert","theMarked:WastefulDefense"],"picked":"theMarked:ReduceFriction","floor":1.0},{"not_picked":["SpiderBud","FairyFestival","CherryBlossoms"],"picked":"Singing Bowl","floor":1.0},{"not_picked":["theMarked:HeightenedSenses","theMarked:TwofoldDefense"],"picked":"theMarked:Polarize","floor":2.0},{"not_picked":["theMarked:Panic","theMarked:SwordAndMagic"],"picked":"theMarked:Polarize","floor":2.0},{"not_picked":["SnowQueen","WallGazer"],"picked":"MHz","floor":3.0},{"not_picked":["theMarked:ResourceFulStrike","theMarked:ShockingTouch"],"picked":"theMarked:ElectricStrings","floor":3.0},{"not_picked":["CrumblingArmor","CherryBlossoms","Scarecrow"],"picked":"Singing Bowl","floor":7.0},{"not_picked":["Wellcheers","FairyFestival"],"picked":"Bloodbath","floor":7.0},{"not_picked":["theMarked:ChainLightning","theMarked:SwordAndMagic"],"picked":"theMarked:MysticalArsenal","floor":7.0},{"not_picked":["Wellcheers","Woodsman","Murderer"],"picked":"Singing Bowl","floor":12.0},{"not_picked":["theMarked:Static","theMarked:ContemptForTheProud"],"picked":"theMarked:ElectricStrings","floor":12.0},{"not_picked":["BeautyBeast","WallGazer"],"picked":"OSAHOGD","floor":14.0},{"not_picked":["theMarked:Aftermath","theMarked:KeepCalmAndFightOn"],"picked":"theMarked:GodGivenPower","floor":14.0},{"not_picked":["theMarked:ChannelForce","theMarked:SuspiciousRaven"],"picked":"theMarked:SoldierForm","floor":16.0},{"not_picked":["BlackArmy","WallGazer","LittlePrince"],"picked":"Singing Bowl","floor":16.0},{"not_picked":["QueenBee","WallGazer","QueenOfHatred"],"picked":"Singing Bowl","floor":24.0},{"not_picked":["theMarked:Parkour","theMarked:Static"],"picked":"theMarked:HeritageOfTheMarked","floor":24.0},{"not_picked":["theMarked:SwordAndMagic","theMarked:ChainLightning"],"picked":"theMarked:PowerFlow","floor":25.0},{"not_picked":["Variant","MeatLantern","Murderer"],"picked":"Singing Bowl","floor":25.0}],"player_experience":284482,"relics_obtained":[{"floor":1.0,"key":"LetterFromLob"},{"floor":2.0,"key":"ReplayTheSpireMod:Lightbulb"},{"floor":7.0,"key":"Odd Mushroom"},{"floor":9.0,"key":"CCEMRelics:FryingPan"},{"floor":19.0,"key":"Gremlin Horn"},{"floor":24.0,"key":"Replay:Bottled Flurry"},{"floor":25.0,"key":"halation:EternalFortune"},{"floor":26.0,"key":"sagemod:Red_Beast_Statue"}],"event_choices":[{"damage_healed":0.0,"max_hp_gain":0.0,"max_hp_loss":0.0,"gold_gain":0.0,"event_name":"Mushrooms","player_choice":"Fought Mushrooms","floor":7.0,"gold_loss":0.0,"damage_taken":0.0},{"cards_removed":["theMarked:ElectricStrings"],"damage_healed":5.0,"max_hp_gain":0.0,"max_hp_loss":0.0,"gold_gain":0.0,"event_name":"Bonfire Elementals","player_choice":"Offered Common","floor":13.0,"gold_loss":0.0,"damage_taken":0.0},{"cards_removed":["theMarked:ElectricStrings"],"damage_healed":5.0,"max_hp_gain":0.0,"max_hp_loss":0.0,"gold_gain":0.0,"event_name":"Bonfire Elementals","player_choice":"Offered Special","floor":13.0,"gold_loss":0.0,"damage_taken":0.0},{"cards_removed":["theMarked:Polarize"],"damage_healed":0.0,"max_hp_gain":0.0,"max_hp_loss":0.0,"gold_gain":0.0,"event_name":"betterNote:BetterNote","player_choice":"Give","floor":20.0,"gold_loss":0.0,"damage_taken":0.0,"cards_obtained":["OldLady"]},{"damage_healed":0.0,"max_hp_gain":0.0,"max_hp_loss":0.0,"gold_gain":0.0,"event_name":"Vampires","player_choice":"Ignored","floor":27.0,"gold_loss":0.0,"damage_taken":0.0},{"damage_healed":0,"gold_gain":0,"player_choice":"Fight","damage_taken":0,"max_hp_gain":0,"max_hp_loss":0,"event_name":"Colosseum","floor":31,"gold_loss":0}],"is_beta":false,"boss_relics":[{"not_picked":["Fusion Hammer","energizedSpire:SpiderWeb"],"picked":"conspire:RoyalGoblet"}],"items_purged_floors":[],"is_endless":false,"potions_floor_spawned":[1,3,7,16],"killed_by":"Colosseum Slavers","ascension_level":0}}