{"host":"hvwa7s69zr612rn1","time":1608962051,"event":{"mods":["BaseMod","Colored Map","Colored Powertips","Downfall","Minty Spire (QoL Compilation)","StSLib"],"gold_per_floor":[0,18,18,38,56,86,86,105,105,19,19,19,19,35,55,156,156,156,170,183,199,199,217,243,243,269,279,290,290,290,324,347,464,476,488,519,531,543,569,581,616,628,243,243,255,285,285,285,285],"floor_reached":47,"playtime":3177,"items_purged":["Guardian:Strike_Guardian"],"score":547,"play_id":"5f472e01-d26e-4691-babc-4c57a54dd0df","local_time":"20201226165411","is_ascension_mode":true,"campfire_choices":[{"data":"Guardian:TwinSlam","floor":1.0,"key":"SMITH"},{"data":"Guardian:DecasProtection","floor":9.0,"key":"SMITH"},{"data":"Guardian:Harden","floor":13,"key":"SMITH"},{"data":"Guardian:CurlUp","floor":18,"key":"SMITH"},{"data":"Guardian:FloatingOrbs","floor":25,"key":"SMITH"},{"floor":30,"key":"REST"},{"data":"Guardian:DonusPower","floor":35,"key":"SMITH"}],"circlet_count":0,"master_deck":["Guardian:Strike_Guardian","Guardian:Strike_Guardian","Guardian:Strike_Guardian","Guardian:Defend_Guardian","Guardian:Defend_Guardian","Guardian:Defend_Guardian","Guardian:CurlUp+1","Guardian:TwinSlam+1","Guardian:AncientConstruct","Guardian:DecasProtection+1","Guardian:Harden+1","Guardian:ArmoredProtocol","Guardian:RevengeProtocol","CurseOfTheBell","Guardian:FloatingOrbs+1","Guardian:FloatingOrbs","Guardian:VentSteam+1","Guardian:PrismaticBeam+1","Guardian:DonusPower+1","Guardian:StasisField","Guardian:ShieldSpikes+1","Mayhem","Guardian:Gem_Purple","Guardian:Gem_Cyan","Guardian:FloatingOrbs+1"],"relics":["Guardian:ModeShifter","Ginger","Letter Opener","Calling Bell","Anchor","StrikeDummy","Unceasing Top","Lizard Tail","downfall:RedIOU","MawBank","SacredBark","Guardian:PickAxe","Regal Pillow","Strawberry","Ancient Tea Set"],"acts_visited":["Exordium","TheCity","TheBeyond"],"potions_floor_usage":[23,23,26,32,46,46,47],"damage_taken":[{"damage":3.0,"enemies":"Jaw Worm","floor":2.0,"turns":4.0},{"damage":0.0,"enemies":"Cultist","floor":4.0,"turns":3.0},{"damage":0.0,"enemies":"Small Slimes","floor":5.0,"turns":4.0},{"damage":16.0,"enemies":"Gremlin Nob","floor":6.0,"turns":7.0},{"damage":11.0,"enemies":"Red Slaver","floor":8.0,"turns":4.0},{"damage":0,"enemies":"downfall:FleeingMerchant","floor":10,"turns":4},{"damage":8,"enemies":"Large Slime","floor":14,"turns":7},{"damage":4,"enemies":"3 Louse","floor":15,"turns":3},{"damage":7,"enemies":"downfall:Silent","floor":16,"turns":8},{"damage":2,"enemies":"3 Byrds","floor":19,"turns":4},{"damage":6,"enemies":"Spheric Guardian","floor":20,"turns":5},{"damage":3,"enemies":"Snecko","floor":21,"turns":6},{"damage":10,"enemies":"Centurion and Healer","floor":23,"turns":6},{"damage":35,"enemies":"Gremlin Leader","floor":26,"turns":8},{"damage":0,"enemies":"Cultist and Chosen","floor":27,"turns":6},{"damage":18,"enemies":"Snecko","floor":28,"turns":6},{"damage":17,"enemies":"Book of Stabbing","floor":31,"turns":5},{"damage":14,"enemies":"Sentry and Sphere","floor":32,"turns":5},{"damage":25,"enemies":"downfall:Watcher","floor":33,"turns":6},{"damage":29,"enemies":"3 Darklings","floor":36,"turns":6},{"damage":0,"enemies":"3 Shapes","floor":39,"turns":6},{"damage":1,"enemies":"downfall:FleeingMerchant","floor":43,"turns":4},{"damage":35,"enemies":"Transient","floor":45,"turns":5},{"damage":19,"enemies":"Nemesis","floor":46,"turns":9},{"damage":7,"enemies":"Jaw Worm Horde","floor":47,"turns":2}],"seed_played":"-8490185718626977959","potions_obtained":[{"floor":2.0,"key":"Guardian:DefensiveModePotion"},{"floor":3.0,"key":"Regen Potion"},{"floor":3.0,"key":"Fire Potion"},{"floor":5.0,"key":"Explosive Potion"},{"floor":6.0,"key":"Swift Potion"},{"floor":15,"key":"champ:CounterPotion"},{"floor":16,"key":"Explosive Potion"},{"floor":19,"key":"Guardian:DefensiveModePotion"},{"floor":23,"key":"champ:CounterPotion"},{"floor":28,"key":"DuplicationPotion"},{"floor":32,"key":"ColorlessPotion"},{"floor":36,"key":"SpeedPotion"},{"floor":46,"key":"hexamod:EctoCoolerPotion"}],"is_trial":false,"path_per_floor":["R","M","?","M","M","E","T","M","R","$","?","?","R","M","M","B",null,"R","M","M","M","?","M","T","R","E","M","M","?","R","E","M","B",null,"R","M","?","?","M","?","T","R","$","R","M","E","M"],"character_chosen":"GUARDIAN","items_purchased":["Guardian:ArmoredProtocol","Strawberry","Mayhem"],"campfire_rested":1,"item_purchase_floors":[10,43,43],"current_hp_per_floor":[80,77,77,77,77,61,61,50,50,50,50,50,50,42,38,31,80,80,78,72,69,69,59,59,59,24,24,6,6,30,13,40,15,80,80,51,51,51,51,51,51,51,57,57,22,3,0,0,0],"gold":285,"neow_bonus":"THREE_RARE_CARDS","is_daily":false,"chose_seed":false,"campfire_upgraded":6,"win_rate":0.0,"timestamp":1608962051,"path_taken":["R","M","?","M","?","E","T","M","R","$","?","?","R","M","M","BOSS","R","M","M","M","?","M","T","R","E","M","M","?","R","E","M","BOSS","R","M","?","?","M","?","T","R","$","R","?","E","?"],"items_purchased_type":["Card","Relic","Card"],"build_version":"2020-12-22","purchased_purges":1,"victory":false,"max_hp_per_floor":[80,80,80,80,80,80,80,80,80,80,80,80,80,80,80,80,80,80,80,80,80,80,80,80,80,80,80,80,80,80,80,80,80,80,80,80,80,80,80,80,80,80,87,87,87,87,87,87,87],"card_choices":[{"not_picked":["Guardian:HyperBeam_Guardian","Guardian:FastForward"],"picked":"Guardian:AncientConstruct","floor":0.0},{"not_picked":["Guardian:Gem_Green","Guardian:Preprogram"],"picked":"Guardian:DecasProtection","floor":2.0},{"not_picked":["Guardian:ShieldSpikes","Guardian:EvasiveProtocol"],"picked":"Guardian:Gem_Purple","floor":4.0},{"not_picked":["Guardian:ShieldCharger","Guardian:ChargeCore","Guardian:Gem_Red"],"picked":"SKIP","floor":5.0},{"not_picked":["Guardian:VentSteam","Guardian:TemporalStrike","Guardian:PrimingBeam"],"picked":"SKIP","floor":6.0},{"not_picked":["Guardian:Repulse","Guardian:SpikerProtocol"],"picked":"Guardian:Gem_Lightblue","floor":8.0},{"not_picked":["Guardian:BronzeOrb","Guardian:Gem_Green"],"picked":"Guardian:Harden","floor":10},{"not_picked":["Guardian:PrimingBeam","Guardian:CrystalBeam","Guardian:Reroute"],"picked":"SKIP","floor":14},{"not_picked":["Guardian:Gem_Red","Guardian:Harden","Guardian:PrimingBeam"],"picked":"SKIP","floor":15},{"not_picked":["Guardian:Reroute","Guardian:ShieldSpikes"],"picked":"Guardian:Gem_Purple","floor":19},{"not_picked":["Guardian:ShieldCharger","Guardian:Gem_Lightblue"],"picked":"Guardian:FloatingOrbs","floor":20},{"not_picked":["Guardian:RollAttack","Guardian:Suspension+1","Guardian:VentSteam"],"picked":"SKIP","floor":21},{"not_picked":["Guardian:Gem_Lightblue","Guardian:StasisEngine","Guardian:TemporalStrike"],"picked":"SKIP","floor":23},{"not_picked":["Guardian:Gem_White","Guardian:Gem_Cyan"],"picked":"Guardian:FloatingOrbs","floor":26},{"not_picked":["Guardian:Suspension","Guardian:TemporalStrike"],"picked":"Guardian:Gem_Fragmented","floor":27},{"not_picked":["Guardian:RollAttack+1","Guardian:PiercingHide"],"picked":"Guardian:VentSteam+1","floor":28},{"not_picked":["Guardian:PiercingHide","Guardian:Gem_Yellow"],"picked":"Guardian:PrismaticBeam+1","floor":31},{"not_picked":["Guardian:Gem_Green","Guardian:WalkerClaw"],"picked":"Guardian:DonusPower","floor":32},{"not_picked":["Guardian:CompilePackage","Guardian:FastForward"],"picked":"Guardian:StasisField","floor":33},{"not_picked":["Guardian:PrismaticBeam","Guardian:TemporalShield"],"picked":"Guardian:ShieldSpikes+1","floor":36},{"not_picked":["Guardian:MultiBeam+1","Guardian:RollAttack","Guardian:Orbwalk+1"],"picked":"SKIP","floor":39},{"not_picked":["Guardian:Gem_Green","Guardian:PrimingBeam","Guardian:TimeCapacitor"],"picked":"SKIP","floor":43},{"not_picked":["Guardian:CrystalBeam+1","Guardian:Gem_Green","Guardian:Recover+1"],"picked":"SKIP","floor":45},{"not_picked":["Guardian:Gem_White","Guardian:DecasProtection"],"picked":"Guardian:FloatingOrbs+1","floor":46}],"player_experience":388868,"relics_obtained":[{"floor":6.0,"key":"Ginger"},{"floor":7.0,"key":"Letter Opener"},{"floor":17,"key":"Anchor"},{"floor":17,"key":"StrikeDummy"},{"floor":17,"key":"Unceasing Top"},{"floor":24,"key":"Akabeko"},{"floor":26,"key":"Lizard Tail"},{"floor":31,"key":"MawBank"},{"floor":38,"key":"Guardian:PickAxe"},{"floor":41,"key":"Regal Pillow"},{"floor":46,"key":"Ancient Tea Set"}],"event_choices":[{"damage_healed":0.0,"max_hp_gain":0.0,"max_hp_loss":0.0,"gold_gain":0.0,"event_name":"Lab","player_choice":"Got Potions","floor":3.0,"gold_loss":0.0,"damage_taken":0.0},{"cards_removed":["Guardian:Defend_Guardian"],"damage_healed":0,"gold_gain":0,"player_choice":"Card Removal","damage_taken":0,"max_hp_gain":0,"max_hp_loss":0,"event_name":"The Cleric","floor":11,"gold_loss":0}],"is_beta":false,"boss_relics":[{"not_picked":["Snecko Eye","Velvet Choker"],"picked":"Calling Bell"},{"not_picked":["Sozu","Pandora\u0027s Box"],"picked":"SacredBark"}],"items_purged_floors":[43],"is_endless":false,"potions_floor_spawned":[2,5,6,14,15,16,19,23,28,32,36,46],"killed_by":"Jaw Worm Horde","ascension_level":2}}