{"host":"7z347kdhnquy3q4q","time":1608986177,"event":{"mods":["Act Like it!","Aspiration","BaseMod","Downfall","Hubris","Infinite Spire","Minty Spire (QoL Compilation)","MostiFishMod","Permanent Neow","Potionbrewer","Replay The Spire","Robot Space Explorer","Spicy Shops","StSLib","Wandering Minibosses","vexMod"],"gold_per_floor":[199,218,218,218,238,252,302,349,509,19,46,127,127,155,196,331,331,256,307,363,415,486,328,353,406,406,501,546,643,643,710,747,939,939,864,905,935,967,967,1019,1066,61,79,143,236,161,204,204,244,290,290,374,110,110,171],"floor_reached":56,"playtime":3293,"items_purged":["RobotSpaceExplorer:ToxicBomb","RobotSpaceExplorer:Defend","RobotSpaceExplorer:Defend","Pot Of Greed"],"score":2394,"play_id":"29b852c1-756b-4519-b36c-87035f1e388e","local_time":"20201226063617","is_ascension_mode":true,"campfire_choices":[{"floor":1.0,"key":"RECALL"},{"data":"expansioncontent:CaCaw","floor":18.0,"key":"PURGE"},{"data":"MostiFishMod:KingOfFree","floor":35.0,"key":"SMITH"},{"data":"ReplayTheSpireMod:Muscle Training","floor":35.0,"key":"SMITH"},{"data":"RobotSpaceExplorer:ShockMissile","floor":46.0,"key":"SMITH"},{"data":"RobotSpaceExplorer:Calculate","floor":46.0,"key":"SMITH"},{"data":"Apotheosis","floor":54,"key":"SMITH"},{"data":"Inflame","floor":54,"key":"SMITH"}],"circlet_count":0,"master_deck":["AscendersBane","RobotSpaceExplorer:Strike","RobotSpaceExplorer:Strike","RobotSpaceExplorer:Defend","RobotSpaceExplorer:Defend","RobotSpaceExplorer:Scan","RobotSpaceExplorer:MiniLasers","RobotSpaceExplorer:LaserBurst+1","Carnage+1","Rampage+1","RobotSpaceExplorer:JunkDive","Inflame+1","RobotSpaceExplorer:ScrapMissile","MostiFishMod:KingOfFree+1","RobotSpaceExplorer:SelfCleaning+1","RobotSpaceExplorer:StarLightning","RobotSpaceExplorer:MiniDrones","RobotSpaceExplorer:Asteroid","Feel No Pain","RobotSpaceExplorer:ChargingLaser","MostiFishMod:EE1D","MostiFishMod:EE1D","MostiFishMod:EE1D","RobotSpaceExplorer:ScrapToss+1","Thunderclap","Anger","Seeing Red","RobotSpaceExplorer:Counterblock","Pot Of Greed","Pot Of Greed","RobotSpaceExplorer:Multitool","Replay:Fractal Strike","ReplayTheSpireMod:Muscle Training+1","RobotSpaceExplorer:StarLightning+1","RobotSpaceExplorer:ShockMissile+1","RobotSpaceExplorer:GearShield","Pot Of Greed","RobotSpaceExplorer:Calculate+1","RobotSpaceExplorer:ScrapMissile+1","RobotSpaceExplorer:MiniDrones","RobotSpaceExplorer:Asteroid","Rage","RobotSpaceExplorer:DualCore","Apotheosis+1"],"relics":["RobotSpaceExplorer:RoboCore","DaveBox","ExusiaiGun","hubris:DisguiseKit","Replay:Bandana","wanderingMiniBosses:Inkheart","potionbrewer:Keyblade","Whetstone","EE1DDrone","downfall:HeartBlessingRed","Anchor","infinitespire:Lucky Rock","Grinning Jar","Replay:Arrowhead","aspiration:TomeofQuesting","Philosopher\u0027s Stone","vexMod:RetaliationKit","Bottled Tornado","SlaversCollar","downfall:HeartBlessingGreen","hubris:Towel","infinitespire:Broken Mirror","BirthdayGift-Icosahedron","Ornamental Fan","vexMod:FocusSash","downfall:HeartBlessingBlue","Lee\u0027s Waffle","potionbrewer:SlideRule","Guardian:PocketSentry"],"acts_visited":["Exordium","TheCity","TheBeyond","TheEnding"],"potions_floor_usage":[55],"damage_taken":[{"damage":0.0,"enemies":"Cultist","floor":2.0,"turns":1.0},{"damage":0.0,"enemies":"Small Slimes","floor":5.0,"turns":1.0},{"damage":0.0,"enemies":"Jaw Worm","floor":6.0,"turns":1.0},{"damage":0.0,"enemies":"2 Fungi Beasts","floor":8.0,"turns":1.0},{"damage":12.0,"enemies":"downfall:Heads","floor":9.0,"turns":2.0},{"damage":10.0,"enemies":"downfall:FleeingMerchant","floor":10.0,"turns":4.0},{"damage":0.0,"enemies":"Large Slime","floor":11.0,"turns":1.0},{"damage":0.0,"enemies":"3 Sentries","floor":12.0,"turns":2.0},{"damage":0.0,"enemies":"Red Slaver","floor":14.0,"turns":1.0},{"damage":0.0,"enemies":"Exordium Wildlife","floor":15.0,"turns":1.0},{"damage":0.0,"enemies":"downfall:Silent","floor":16.0,"turns":1.0},{"damage":0.0,"enemies":"Chosen","floor":19.0,"turns":1.0},{"damage":0.0,"enemies":"3 Byrds","floor":20.0,"turns":1.0},{"damage":0.0,"enemies":"Cultist and Chosen","floor":21.0,"turns":3.0},{"damage":0.0,"enemies":"Snake Plant","floor":22.0,"turns":2.0},{"damage":4.0,"enemies":"downfall:FleeingMerchant","floor":23.0,"turns":5.0},{"damage":0.0,"enemies":"Snecko","floor":25.0,"turns":2.0},{"damage":0.0,"enemies":"Replay:Snechameleon","floor":27.0,"turns":1.0},{"damage":0.0,"enemies":"downfall:FleeingMerchant","floor":28.0,"turns":1.0},{"damage":0.0,"enemies":"Slavers","floor":29.0,"turns":2.0},{"damage":0.0,"enemies":"Gremlin Leader","floor":31.0,"turns":1.0},{"damage":1.0,"enemies":"Centurion and Healer","floor":32.0,"turns":1.0},{"damage":0.0,"enemies":"downfall:Ironclad","floor":33.0,"turns":1.0},{"damage":0.0,"enemies":"3 Shapes","floor":36.0,"turns":1.0},{"damage":0.0,"enemies":"Orb Walker","floor":37.0,"turns":1.0},{"damage":0.0,"enemies":"Spire Growth","floor":38.0,"turns":1.0},{"damage":0.0,"enemies":"Jaw Worm Horde","floor":43.0,"turns":1.0},{"damage":0.0,"enemies":"R_Hoarder","floor":44.0,"turns":2.0},{"damage":0.0,"enemies":"Transient","floor":45.0,"turns":3.0},{"damage":0.0,"enemies":"Sphere and 2 Shapes","floor":47.0,"turns":1.0},{"damage":0,"enemies":"4 Shapes","floor":49,"turns":1},{"damage":0,"enemies":"downfall:Watcher","floor":50,"turns":2},{"damage":1,"enemies":"downfall:CharBossMerchant","floor":52,"turns":2},{"damage":0,"enemies":"downfall:NeowBoss","floor":55,"turns":9}],"seed_played":"1282945046726672582","potions_obtained":[{"floor":11.0,"key":"potionbrewer:CleansingPotion"},{"floor":12.0,"key":"Swift Potion"},{"floor":14.0,"key":"AttackPotion"},{"floor":15.0,"key":"Strength Potion"},{"floor":16.0,"key":"Flashbang"},{"floor":22.0,"key":"Slimebound:ThreeZeroPotion"},{"floor":25.0,"key":"Venom Potion"},{"floor":33.0,"key":"Energy Potion"},{"floor":40.0,"key":"CultistPotion"}],"is_trial":false,"path_per_floor":["R","M","?","?","M","M","T","M","?","$","M","E","?","M","M","B",null,"R","M","M","M","M","$","T","M","?","E","$","E","AVR","E","M","B",null,"R","M","M","M","?","?","T","$","M","E","M","R","M","AVR","M","B",null,"E","$","R","B",null],"character_chosen":"RobotSpaceExplorer","items_purchased":["potionbrewer:Keyblade","MostiFishMod:KingOfFree","RobotSpaceExplorer:SelfCleaning+1","expansioncontent:CaCaw","Anchor","vexMod:BerryBomb","Replay:Arrowhead","BirthdayGift-Icosahedron","Ornamental Fan","RobotSpaceExplorer:MiniDrones","Guardian:PocketSentry","Apotheosis"],"campfire_rested":0,"item_purchase_floors":[10,10,10,10,23,28,28,42,42,42,53,53],"current_hp_per_floor":[68,68,68,68,68,68,68,68,56,46,46,46,46,46,46,46,68,68,68,70,74,75,72,72,75,75,75,81,81,81,81,80,81,81,81,81,81,81,81,61,61,61,62,63,69,79,81,98,98,98,98,98,98,98,98],"gold":171,"neow_bonus":"HUNDRED_GOLD","is_daily":false,"chose_seed":false,"campfire_upgraded":6,"win_rate":0.0,"timestamp":1608986177,"path_taken":["R","M","?","?","M","?","T","M","?","$","M","E","?","M","M","BOSS","R","M","M","M","M","$","T","M","?","E","$","E","AVR","E","M","BOSS","R","M","M","M","?","?","T","$","?","E","M","R","M","AVR","M","BOSS","E","$","R","BOSS"],"items_purchased_type":["Relic","Card","Card","Card","Relic","Relic","Relic","Relic","Relic","Card","Relic","Card"],"build_version":"2020-12-22","purchased_purges":4,"victory":true,"max_hp_per_floor":[75,75,75,75,75,75,75,75,75,75,75,75,75,75,75,75,75,75,75,75,75,75,75,75,75,75,75,81,81,81,81,81,81,81,81,81,81,81,81,81,81,81,81,81,81,91,91,98,98,98,98,98,98,98,98],"card_choices":[{"not_picked":["RobotSpaceExplorer:FrostMissile","RobotSpaceExplorer:Ammunition"],"picked":"RobotSpaceExplorer:LaserBurst","floor":2.0},{"not_picked":["RobotSpaceExplorer:Probe","RobotSpaceExplorer:ImprovisedAttack","RobotSpaceExplorer:SwiftStep"],"picked":"Carnage","floor":5.0},{"not_picked":["RobotSpaceExplorer:Counterblock","RobotSpaceExplorer:FranticSearch","RobotSpaceExplorer:MetalStrike"],"picked":"Rampage","floor":6.0},{"not_picked":["RobotSpaceExplorer:ScrapShield","RobotSpaceExplorer:Probe","ReplayReversal"],"picked":"RobotSpaceExplorer:JunkDive","floor":8.0},{"not_picked":["RobotSpaceExplorer:Ammunition","RobotSpaceExplorer:Electropulse","RobotSpaceExplorer:Jetpack"],"picked":"Inflame","floor":9.0},{"not_picked":["RobotSpaceExplorer:Counterblock","RobotSpaceExplorer:MiniBoosters","Intimidate"],"picked":"RobotSpaceExplorer:ScrapMissile","floor":10.0},{"not_picked":["RobotSpaceExplorer:Probe","RobotSpaceExplorer:Reload","Iron Wave"],"picked":"RobotSpaceExplorer:StarLightning","floor":11.0},{"not_picked":["RobotSpaceExplorer:SurgingStrike","RobotSpaceExplorer:ExhaustFan","Impervious"],"picked":"RobotSpaceExplorer:MiniDrones","floor":12.0},{"not_picked":["RobotSpaceExplorer:Ammunition","RobotSpaceExplorer:Counterblock","Intimidate"],"picked":"RobotSpaceExplorer:Asteroid","floor":14.0},{"not_picked":["RobotSpaceExplorer:FranticSearch","RobotSpaceExplorer:SlimeMissile","RobotSpaceExplorer:Pulsar"],"picked":"Feel No Pain","floor":15.0},{"not_picked":["RobotSpaceExplorer:HighVoltage","RobotSpaceExplorer:Comet","MostiFishMod:HellRitual"],"picked":"RobotSpaceExplorer:ChargingLaser","floor":16.0},{"not_picked":["RobotSpaceExplorer:FrostMissile","RobotSpaceExplorer:GlueShot","Warcry"],"picked":"RobotSpaceExplorer:ScrapToss+1","floor":19.0},{"not_picked":["RobotSpaceExplorer:SlimeMissile+1","RobotSpaceExplorer:Probe","RobotSpaceExplorer:ExhaustFan","Run Through"],"picked":"SKIP","floor":20.0},{"not_picked":["RobotSpaceExplorer:StunGrenade","RobotSpaceExplorer:SlimeMissile","RobotSpaceExplorer:FranticSearch","Body Slam"],"picked":"SKIP","floor":21.0},{"not_picked":["RobotSpaceExplorer:ExhaustFan","RobotSpaceExplorer:TrailblazerForm","RobotSpaceExplorer:Counterblock+1"],"picked":"Thunderclap","floor":22.0},{"not_picked":["RobotSpaceExplorer:Counterblock","RobotSpaceExplorer:ExhaustFan","RobotSpaceExplorer:FreezingShield"],"picked":"Anger","floor":23.0},{"not_picked":["RobotSpaceExplorer:ShovelStrike","RobotSpaceExplorer:ExhaustFan","RobotSpaceExplorer:Blitz"],"picked":"Seeing Red","floor":25.0},{"not_picked":["RobotSpaceExplorer:RigExplosive","RobotSpaceExplorer:ShovelStrike","Intimidate"],"picked":"RobotSpaceExplorer:Multitool","floor":27.0},{"not_picked":["RobotSpaceExplorer:SwiftStep+1","RobotSpaceExplorer:Ammunition","RobotSpaceExplorer:ShockKick+1","Pommel Strike"],"picked":"SKIP","floor":28.0},{"not_picked":["RobotSpaceExplorer:Counterblock","RobotSpaceExplorer:StarLightning","RobotSpaceExplorer:SlimeMissile","Clash"],"picked":"SKIP","floor":29.0},{"not_picked":["RobotSpaceExplorer:FreezingShield","RobotSpaceExplorer:ExhaustFan+1","RobotSpaceExplorer:Counterblock+1"],"picked":"ReplayTheSpireMod:Muscle Training","floor":31.0},{"not_picked":["RobotSpaceExplorer:MiniDrones+1","RobotSpaceExplorer:Smokescreen+1","Body Slam"],"picked":"RobotSpaceExplorer:StarLightning+1","floor":32.0},{"not_picked":["RobotSpaceExplorer:Asteroid","RobotSpaceExplorer:Comet","Reaper"],"picked":"RobotSpaceExplorer:ShockMissile","floor":33.0},{"not_picked":["RobotSpaceExplorer:ScrapToss","RobotSpaceExplorer:SurgingShield","RobotSpaceExplorer:ShockKick","ReplayTheSpireMod:Strike From Hell"],"picked":"SKIP","floor":36.0},{"not_picked":["RobotSpaceExplorer:SurgingStrike+1","RobotSpaceExplorer:StarLightning+1","Clash"],"picked":"RobotSpaceExplorer:GearShield","floor":37.0},{"not_picked":["RobotSpaceExplorer:Fix","RobotSpaceExplorer:Electropulse","Ghostly Armor"],"picked":"RobotSpaceExplorer:Calculate","floor":38.0},{"not_picked":["RobotSpaceExplorer:Blitz","RobotSpaceExplorer:Pulsar+1","Cleave"],"picked":"RobotSpaceExplorer:ScrapMissile+1","floor":40.0},{"not_picked":["RobotSpaceExplorer:Ammunition","RobotSpaceExplorer:GlueShot+1","RobotSpaceExplorer:SlimeMissile","MostiFishMod:BrandingRite"],"picked":"SKIP","floor":43.0},{"not_picked":["RobotSpaceExplorer:FrostMissile","RobotSpaceExplorer:Electroshield","hubris:SharpeningStone"],"picked":"RobotSpaceExplorer:Asteroid","floor":44.0},{"not_picked":["RobotSpaceExplorer:Smokescreen+1","RobotSpaceExplorer:GlueSpray","RobotSpaceExplorer:SwiftStep+1","True Grit"],"picked":"SKIP","floor":45.0},{"not_picked":["RobotSpaceExplorer:Accelerator","RobotSpaceExplorer:FrostMissile+1","RobotSpaceExplorer:ShovelStrike+1","Reckless Charge"],"picked":"SKIP","floor":47.0},{"not_picked":["RobotSpaceExplorer:FreezeRay+1","RobotSpaceExplorer:SwiftStep","RobotSpaceExplorer:SlimeMissile"],"picked":"Rage","floor":49},{"not_picked":["RobotSpaceExplorer:SlimeMissile+1","RobotSpaceExplorer:PowerGlove+1","Burning Pact"],"picked":"RobotSpaceExplorer:DualCore","floor":52}],"player_experience":1914942,"relics_obtained":[{"floor":7.0,"key":"Replay:Bandana"},{"floor":10.0,"key":"wanderingMiniBosses:Inkheart"},{"floor":12.0,"key":"Whetstone"},{"floor":24.0,"key":"infinitespire:Lucky Rock"},{"floor":27.0,"key":"Grinning Jar"},{"floor":29.0,"key":"aspiration:TomeofQuesting"},{"floor":31.0,"key":"Bottled Tornado"},{"floor":40.0,"key":"infinitespire:Broken Mirror"},{"floor":44.0,"key":"vexMod:FocusSash"},{"floor":52,"key":"potionbrewer:SlideRule"}],"event_choices":[{"cards_removed":["RobotSpaceExplorer:Strike"],"damage_healed":0.0,"max_hp_gain":0.0,"max_hp_loss":0.0,"gold_gain":0.0,"event_name":"Bonfire Elementals","player_choice":"Offered Basic","floor":4.0,"gold_loss":0.0,"damage_taken":0.0}],"is_beta":false,"boss_relics":[{"not_picked":["aspiration:RunicSpoon","Coffee Dripper"],"picked":"EE1DDrone"},{"not_picked":["hubris:BlackHole","ShadowXiaoBlade"],"picked":"SlaversCollar"}],"items_purged_floors":[23,28,30,48],"is_endless":false,"potions_floor_spawned":[11,12,14,15,16,19,22,25,29,33,37,43,45,49],"ascension_level":11}}