{"host":"2i1rjl87isetstuj","time":1608999892,"event":{"mods":["BaseMod","Minty Spire (QoL Compilation)","Shop Mod","Spicy Shops","StSLib","Waifu the Spire","óô»ðÖ¸ÄÏ"],"gold_per_floor":[113,126,126,126,312,344,363,413,466,504,25,52,52,62,62,162,162,176,186,4,4,19,50,50,70,93,104,104,132,154,17,17,119,119,1000,790,760,118,118,491,491,2558,2558,2558,2571,2625,2672,2701,2701,2701,2701,1963,1308,1336,1336],"floor_reached":56,"playtime":4692,"items_purged":["Strike_P","Strike_P","Defend_P","Defend_P","Decay","Defend_P","Normality"],"score":1569,"play_id":"4ee365b7-e512-4878-b5d4-b93a82329d35","local_time":"20201227002452","is_ascension_mode":true,"campfire_choices":[{"data":"DevaForm","floor":13.0,"key":"SMITH"},{"floor":15.0,"key":"DIG"},{"floor":24.0,"key":"DIG"},{"floor":32.0,"key":"REST"},{"floor":49,"key":"RECALL"}],"circlet_count":0,"master_deck":["Defend_P+1","Eruption+1","Vigilance","Study","FollowUp","JustLucky","Weave+1","Nirvana+1","EmptyBody+1","DevaForm+1","Weave+1","FollowUp","LessonLearned","ThirdEye","JustLucky+1","Devotion","WheelKick","Nirvana+1","CutThroughFate+1","Conclude","ThirdEye","JustLucky","Nirvana+1","Fasting2","DeusExMachina","Prostrate+1","Scrawl","Brilliance","CutThroughFate","JustLucky+1","Flash of Steel","Devotion+1","Panacea","Wish+1","Armaments+1","Wireheading+1"],"relics":["HolyWater","Gremlin Horn","Membership Card","Vajra","Darkstone Periapt","PreservedInsect","Toolbox","Shovel","Orichalcum","Shuriken","Nunchaku","Lee\u0027s Waffle","Bird Faced Urn","Potion Belt","Prayer Wheel","Centennial Puzzle","Gambling Chip","Black Star","Singing Bowl","Pantograph","OrangePellets","Chemical X","Whetstone","Damaru","Letter Opener","Turnip","Du-Vu Doll","Tiny Chest","MawBank","Matryoshka","DollysMirror","HandDrill","TungstenRod","Oddly Smooth Stone","Pear","Mummified Hand","Medical Kit","Regal Pillow","Frozen Eye","Bottled Lightning","MealTicket","Bronze Scales","Melange","Calipers","Juzu Bracelet","Orrery","MerchantsRug","Dream Catcher","Eternal Feather","Sling","Art of War","Molten Egg 2","Happy Flower","Pen Nib","TheAbacus","Lantern","Ginger","InkBottle","Ancient Tea Set","PrismaticShard","Smiling Mask","Frozen Egg 2","Mango","War Paint","Boot","Blood Vial","Bag of Marbles","HornCleat","Dead Branch","GoldenEye","ClockworkSouvenir","Bottled Flame","Strawberry","Anchor","Sundial","Blue Candle","StoneCalendar","Bag of Preparation","White Beast Statue","Bottled Tornado"],"acts_visited":["Exordium","TheCity","TheBeyond","TheEnding"],"potions_floor_usage":[55,55],"damage_taken":[{"damage":1.0,"enemies":"Small Slimes","floor":1.0,"turns":4.0},{"damage":1.0,"enemies":"2 Louse","floor":2.0,"turns":4.0},{"damage":8.0,"enemies":"Lagavulin","floor":6.0,"turns":4.0},{"damage":1.0,"enemies":"Jaw Worm","floor":7.0,"turns":3.0},{"damage":0.0,"enemies":"3 Sentries","floor":8.0,"turns":3.0},{"damage":0.0,"enemies":"Exordium Wildlife","floor":10.0,"turns":2.0},{"damage":0.0,"enemies":"Gremlin Nob","floor":12.0,"turns":2.0},{"damage":0.0,"enemies":"Gremlin Gang","floor":14.0,"turns":2.0},{"damage":35.0,"enemies":"Hexaghost","floor":16.0,"turns":6.0},{"damage":14.0,"enemies":"Chosen","floor":18.0,"turns":2.0},{"damage":18.0,"enemies":"3 Byrds","floor":19.0,"turns":2.0},{"damage":9.0,"enemies":"Shelled Parasite and Fungi","floor":22.0,"turns":2.0},{"damage":12.0,"enemies":"Gremlin Leader","floor":23.0,"turns":2.0},{"damage":10.0,"enemies":"Centurion and Healer","floor":25.0,"turns":3.0},{"damage":4.0,"enemies":"Cultist and Chosen","floor":27.0,"turns":4.0},{"damage":4.0,"enemies":"Snake Plant","floor":29.0,"turns":3.0},{"damage":23.0,"enemies":"Snecko","floor":30.0,"turns":4.0},{"damage":27.0,"enemies":"Collector","floor":33.0,"turns":4.0},{"damage":12.0,"enemies":"3 Darklings","floor":35.0,"turns":3.0},{"damage":0,"enemies":"Orb Walker","floor":45,"turns":2},{"damage":8,"enemies":"2 Orb Walkers","floor":46,"turns":2},{"damage":0,"enemies":"Reptomancer","floor":48,"turns":2},{"damage":0,"enemies":"Donu and Deca","floor":50,"turns":2},{"damage":0,"enemies":"Shield and Spear","floor":54,"turns":1},{"damage":0,"enemies":"The Heart","floor":55,"turns":4}],"seed_played":"1031994599868506824","potions_obtained":[{"floor":1.0,"key":"LiquidMemories"},{"floor":6.0,"key":"Ambrosia"},{"floor":14.0,"key":"EssenceOfSteel"},{"floor":22.0,"key":"Regen Potion"},{"floor":27.0,"key":"PowerPotion"},{"floor":37.0,"key":"Swift Potion"},{"floor":37.0,"key":"Swift Potion"}],"is_trial":false,"path_per_floor":["M","M","?","?","$","E","M","E","T","M","R","E","R","M","R","B",null,"M","M","$","?","M","E","R","M","T","M","?","M","M","$","R","B",null,"M","$","?","$","T","R","?","R","T","?","M","?","T","E","R","B",null,"R","$","E","B",null],"character_chosen":"WATCHER","items_purchased":["Weave","Membership Card","Nirvana","Vajra","Darkstone Periapt","PreservedInsect","Explosive Potion","Toolbox","Shovel","EmptyBody","Nunchaku","Lee\u0027s Waffle","Bird Faced Urn","LessonLearned","Potion Belt","Prayer Wheel","CutThroughFate","Conclude","Singing Bowl","Pantograph","OrangePellets","Chemical X","Whetstone","Damaru","Matryoshka","DollysMirror","HandDrill","TungstenRod","Oddly Smooth Stone","Fasting2","Scrawl","Pear","Mummified Hand","Medical Kit","Regal Pillow","Frozen Eye","Bottled Lightning","Brilliance","CutThroughFate","MealTicket","Bronze Scales","Melange","Calipers","Juzu Bracelet","Orrery","MerchantsRug","Flash of Steel","Sling","Art of War","Molten Egg 2","Happy Flower","Pen Nib","TheAbacus","Lantern","Ginger","InkBottle","Ancient Tea Set","PrismaticShard","Bag of Marbles","HornCleat","Dead Branch","Wireheading+1","GoldenEye","ClockworkSouvenir","Bottled Flame","Strawberry","Anchor","Sundial","Blue Candle","StoneCalendar","Bag of Preparation","CultistPotion"],"campfire_rested":1,"item_purchase_floors":[5,5,5,5,5,5,5,5,5,5,11,11,11,11,11,11,20,20,20,20,20,20,20,20,31,31,31,31,31,31,36,36,36,36,36,36,36,36,38,38,38,38,38,38,38,38,40,40,40,40,40,40,40,42,42,42,42,42,52,52,52,52,52,52,52,53,53,53,53,53,53,53],"current_hp_per_floor":[71,70,63,51,51,43,42,42,42,42,79,79,79,79,79,46,79,65,53,53,53,48,38,38,34,34,40,40,46,29,35,65,73,103,93,103,103,111,111,123,123,123,123,123,125,137,137,141,141,141,141,141,154,156,156],"gold":1336,"neow_bonus":"TRANSFORM_CARD","is_daily":false,"chose_seed":false,"campfire_upgraded":1,"win_rate":0.0,"timestamp":1608999892,"path_taken":["M","M","?","?","$","E","M","E","T","M","R","E","R","M","R","BOSS","M","M","$","?","M","E","R","M","T","M","?","M","M","?","R","BOSS","M","$","?","$","?","R","?","R","T","?","M","?","?","E","R","BOSS","R","$","E","BOSS"],"items_purchased_type":["Card","Relic","Card","Relic","Relic","Relic","Potion","Relic","Relic","Card","Relic","Relic","Relic","Card","Relic","Relic","Card","Card","Relic","Relic","Relic","Relic","Relic","Relic","Relic","Relic","Relic","Relic","Relic","Card","Card","Relic","Relic","Relic","Relic","Relic","Relic","Card","Card","Relic","Relic","Relic","Relic","Relic","Relic","Relic","Card","Relic","Relic","Relic","Relic","Relic","Relic","Relic","Relic","Relic","Relic","Relic","Relic","Relic","Relic","Card","Relic","Relic","Relic","Relic","Relic","Relic","Relic","Relic","Relic","Potion"],"build_version":"2020-12-22","purchased_purges":7,"victory":true,"max_hp_per_floor":[72,72,72,72,72,72,72,72,72,72,79,79,79,79,79,79,79,79,79,79,79,81,81,81,85,85,89,89,93,97,103,103,103,103,105,115,115,123,123,123,123,123,123,123,125,141,141,141,141,141,141,141,154,156,156],"card_choices":[{"not_picked":["Wallop","Protect"],"picked":"FollowUp","floor":1.0},{"not_picked":["EmptyFist","Collect"],"picked":"JustLucky","floor":2.0},{"not_picked":["Crescendo","Protect"],"picked":"DevaForm","floor":6.0},{"not_picked":["ThirdEye","TalkToTheHand"],"picked":"Weave","floor":7.0},{"not_picked":["Adaptation","Vengeance","Prostrate"],"picked":"SKIP","floor":8.0},{"not_picked":["Crescendo","FlyingSleeves"],"picked":"FollowUp","floor":10.0},{"not_picked":["Brilliance","Protect"],"picked":"ThirdEye","floor":12.0},{"not_picked":["Perseverance","WindmillStrike"],"picked":"JustLucky","floor":14.0},{"not_picked":["InnerPeace","EmptyFist","Crescendo"],"picked":"SKIP","floor":14.0},{"not_picked":["SpiritShield","Ragnarok"],"picked":"Devotion","floor":16.0},{"not_picked":["Crescendo","Evaluate"],"picked":"WheelKick","floor":18.0},{"not_picked":["Meditate","ClearTheMind","Evaluate"],"picked":"SKIP","floor":18.0},{"not_picked":["SignatureMove","DeceiveReality"],"picked":"Nirvana+1","floor":19.0},{"not_picked":["Prostrate","TalkToTheHand","BattleHymn"],"picked":"SKIP","floor":19.0},{"not_picked":["SashWhip","Tantrum","EmptyBody"],"picked":"Singing Bowl","floor":22.0},{"not_picked":["BowlingBash","Study+1"],"picked":"ThirdEye","floor":22.0},{"not_picked":["ConjureBlade","FollowUp"],"picked":"JustLucky","floor":23.0},{"not_picked":["FearNoEvil+1","FlyingSleeves","BowlingBash"],"picked":"Singing Bowl","floor":25.0},{"not_picked":["Evaluate","Collect","BowlingBash"],"picked":"Singing Bowl","floor":25.0},{"not_picked":["JustLucky","EmptyMind","Halt"],"picked":"Singing Bowl","floor":27.0},{"not_picked":["Conclude+1","Halt","FollowUp"],"picked":"Singing Bowl","floor":27.0},{"not_picked":["FlurryOfBlows+1","ClearTheMind","Perseverance+1"],"picked":"Singing Bowl","floor":29.0},{"not_picked":["ClearTheMind","DeceiveReality","Perseverance"],"picked":"Singing Bowl","floor":29.0},{"not_picked":["FlurryOfBlows","Protect","BowlingBash+1"],"picked":"Singing Bowl","floor":30.0},{"not_picked":["EmptyBody","Tantrum","LikeWater"],"picked":"Singing Bowl","floor":30.0},{"not_picked":["Brilliance","LessonLearned"],"picked":"DeusExMachina","floor":33.0},{"not_picked":["SashWhip","Consecrate+1","Prostrate"],"picked":"Singing Bowl","floor":35.0},{"not_picked":["Consecrate+1","BattleHymn"],"picked":"Prostrate+1","floor":35.0},{"not_picked":["Meditate+1","SashWhip+1","Collect"],"picked":"Singing Bowl","floor":38.0},{"not_picked":["ConjureBlade","ForeignInfluence"],"picked":"JustLucky+1","floor":38.0},{"not_picked":["FlurryOfBlows+1","BowlingBash","JustLucky"],"picked":"Singing Bowl","floor":38.0},{"not_picked":["CrushJoints","PathToVictory","EmptyFist+1"],"picked":"Singing Bowl","floor":38.0},{"not_picked":["Halt+1","EmptyBody","EmptyFist"],"picked":"Singing Bowl","floor":38.0},{"not_picked":["Madness","Jack Of All Trades"],"picked":"Panacea","floor":44},{"not_picked":["Prepared+1","Metallicize+1"],"picked":"Wish","floor":45},{"not_picked":["Outmaneuver+1","Clash+1","Sucker Punch+1"],"picked":"Singing Bowl","floor":45},{"not_picked":["FlyingSleeves+1","Blind+1","Distraction"],"picked":"Singing Bowl","floor":46},{"not_picked":["Reinforced Body","Halt+1"],"picked":"Armaments+1","floor":48},{"not_picked":["Dark Embrace+1","Choke+1","Blade Dance+1"],"picked":"Singing Bowl","floor":54}],"player_experience":97635,"relics_obtained":[{"floor":6.0,"key":"Orichalcum"},{"floor":8.0,"key":"Shuriken"},{"floor":12.0,"key":"Centennial Puzzle"},{"floor":15.0,"key":"Gambling Chip"},{"floor":23.0,"key":"Letter Opener"},{"floor":23.0,"key":"Turnip"},{"floor":24.0,"key":"Du-Vu Doll"},{"floor":26.0,"key":"Tiny Chest"},{"floor":39.0,"key":"Dream Catcher"},{"floor":39.0,"key":"Eternal Feather"},{"floor":43,"key":"Smiling Mask"},{"floor":43,"key":"Frozen Egg 2"},{"floor":46,"key":"Mango"},{"floor":47,"key":"War Paint"},{"floor":48,"key":"Boot"},{"floor":48,"key":"Blood Vial"},{"floor":54,"key":"White Beast Statue"},{"floor":54,"key":"Bottled Tornado"}],"event_choices":[{"cards_removed":["Strike_P"],"damage_healed":0.0,"max_hp_gain":0.0,"max_hp_loss":0.0,"gold_gain":0.0,"event_name":"Golden Wing","player_choice":"Card Removal","floor":3.0,"gold_loss":0.0,"damage_taken":7.0},{"damage_healed":0.0,"max_hp_gain":0.0,"max_hp_loss":0.0,"gold_gain":0.0,"event_name":"Scrap Ooze","player_choice":"Success","floor":4.0,"gold_loss":0.0,"damage_taken":12.0,"relics_obtained":["Gremlin Horn"]},{"damage_healed":0.0,"max_hp_gain":0.0,"max_hp_loss":0.0,"gold_gain":0.0,"event_name":"Ghosts","player_choice":"Ignored","floor":21.0,"gold_loss":0.0,"damage_taken":0.0},{"damage_healed":0.0,"max_hp_gain":0.0,"max_hp_loss":0.0,"gold_gain":0.0,"event_name":"The Mausoleum","player_choice":"Opened","floor":28.0,"gold_loss":0.0,"damage_taken":0.0,"relics_obtained":["MawBank"]},{"damage_healed":0.0,"max_hp_gain":0.0,"max_hp_loss":0.0,"gold_gain":0.0,"event_name":"The Woman in Blue","player_choice":"Bought 2 Potions","floor":37.0,"gold_loss":0.0,"damage_taken":0.0},{"damage_healed":0.0,"max_hp_gain":0.0,"max_hp_loss":0.0,"gold_gain":0.0,"event_name":"Duplicator","player_choice":"Copied","floor":41.0,"gold_loss":0.0,"damage_taken":0.0,"cards_obtained":["Devotion"]},{"damage_healed":0,"gold_gain":0,"player_choice":"Memory 1","damage_taken":0,"max_hp_gain":0,"max_hp_loss":0,"event_name":"SensoryStone","floor":44,"gold_loss":0},{"damage_healed":0,"gold_gain":0,"player_choice":"Fight","damage_taken":0,"max_hp_gain":0,"max_hp_loss":0,"event_name":"Mysterious Sphere","floor":46,"gold_loss":0}],"is_beta":false,"boss_relics":[{"not_picked":["Runic Dome","Cursed Key"],"picked":"Black Star"},{"not_picked":["Pandora\u0027s Box","Busted Crown"],"picked":"HolyWater"}],"items_purged_floors":[5,11,11,20,31,36,53],"is_endless":false,"potions_floor_spawned":[1,6,7,10,14,22,27,29,33,35,45],"ascension_level":1}}