{"host":"gopu3kmfaoww0llm","time":1608987871,"event":{"mods":["BaseMod","DeckTracker","Minty Spire (QoL Compilation)","Quick Restart","StSLib","SuperFastMode"],"gold_per_floor":[118,131,46,46,61,61,74,104,104,104,135,135,135,169,169,245,245,263,263,178,228,241,241,241,241],"floor_reached":24,"playtime":466,"items_purged":[],"score":449,"play_id":"f868f751-15eb-45c2-b7b8-2f5b7e18cfa1","local_time":"20201226220431","is_ascension_mode":true,"campfire_choices":[{"data":"Dualcast","floor":6.0,"key":"SMITH"},{"data":"Zap","floor":10.0,"key":"SMITH"},{"floor":15.0,"key":"REST"},{"floor":23,"key":"REST"}],"circlet_count":0,"master_deck":["AscendersBane","Strike_B","Strike_B","Strike_B","Defend_B","Defend_B","Defend_B","Defend_B","Zap+1","Dualcast+1","Capacitor","Sweeping Beam","Core Surge","Go for the Eyes","Glacier","Parasite","Creative AI","Steam+1"],"relics":["Cracked Core","NeowsBlessing","Ice Cream","Mango","Pocketwatch","Mercury Hourglass","Inserter","Bird Faced Urn"],"acts_visited":["Exordium","TheCity"],"potions_floor_usage":[24],"damage_taken":[{"damage":0.0,"enemies":"Jaw Worm","floor":1.0,"turns":1.0},{"damage":0.0,"enemies":"2 Louse","floor":2.0,"turns":1.0},{"damage":0.0,"enemies":"Cultist","floor":5.0,"turns":1.0},{"damage":6.0,"enemies":"2 Fungi Beasts","floor":7.0,"turns":3.0},{"damage":40.0,"enemies":"3 Sentries","floor":8.0,"turns":13.0},{"damage":15.0,"enemies":"Lagavulin","floor":11.0,"turns":6.0},{"damage":33.0,"enemies":"Gremlin Nob","floor":14.0,"turns":5.0},{"damage":20.0,"enemies":"Slime Boss","floor":16.0,"turns":9.0},{"damage":13.0,"enemies":"Shell Parasite","floor":18.0,"turns":11.0},{"damage":13,"enemies":"3 Byrds","floor":22,"turns":5},{"damage":57,"enemies":"Gremlin Leader","floor":24,"turns":5}],"seed_played":"-7530177289959505828","potions_obtained":[{"floor":7.0,"key":"SpeedPotion"},{"floor":8.0,"key":"Strength Potion"},{"floor":14.0,"key":"FearPotion"},{"floor":16.0,"key":"DuplicationPotion"},{"floor":22,"key":"BlessingOfTheForge"}],"is_trial":false,"path_per_floor":["M","M","$","?","M","R","M","E","T","R","E","?","?","E","R","B",null,"M","?","?","?","M","R","E"],"character_chosen":"DEFECT","items_purchased":["Core Surge"],"campfire_rested":2,"item_purchase_floors":[3],"current_hp_per_floor":[64,64,64,57,57,57,51,11,25,25,10,31,36,3,30,10,70,57,30,30,30,17,45,0,0],"gold":241,"neow_bonus":"THREE_ENEMY_KILL","is_daily":false,"chose_seed":false,"campfire_upgraded":2,"win_rate":0.0,"timestamp":1608987871,"path_taken":["M","M","$","?","M","R","M","E","T","R","E","?","?","E","R","BOSS","M","?","?","?","M","R","E"],"items_purchased_type":["Card"],"build_version":"2020-12-22","purchased_purges":0,"victory":false,"max_hp_per_floor":[71,71,71,71,71,71,71,71,85,85,85,85,90,90,90,90,90,90,95,95,95,95,95,95,95],"card_choices":[{"not_picked":["Go for the Eyes","Heatsinks"],"picked":"Capacitor","floor":1.0},{"not_picked":["Compile Driver","Fusion"],"picked":"Sweeping Beam","floor":2.0},{"not_picked":["Static Discharge","Compile Driver","Conserve Battery"],"picked":"SKIP","floor":5.0},{"not_picked":["Rebound","Recycle","Turbo"],"picked":"SKIP","floor":7.0},{"not_picked":["Aggregate","Conserve Battery"],"picked":"Go for the Eyes","floor":8.0},{"not_picked":["Steam Power","Barrage"],"picked":"Glacier","floor":11.0},{"not_picked":["Aggregate","Conserve Battery","Stack"],"picked":"SKIP","floor":14.0},{"not_picked":["Biased Cognition","Rainbow"],"picked":"Creative AI","floor":16.0},{"not_picked":["Sweeping Beam","Go for the Eyes","Storm"],"picked":"SKIP","floor":18.0},{"not_picked":["Coolheaded","Streamline"],"picked":"Steam+1","floor":22}],"player_experience":2895961,"relics_obtained":[{"floor":8.0,"key":"Ice Cream"},{"floor":9.0,"key":"Mango"},{"floor":11.0,"key":"Pocketwatch"},{"floor":14.0,"key":"Mercury Hourglass"}],"event_choices":[{"cards_removed":["Strike_B"],"damage_healed":0.0,"max_hp_gain":0.0,"max_hp_loss":0.0,"gold_gain":0.0,"event_name":"Golden Wing","player_choice":"Card Removal","floor":4.0,"gold_loss":0.0,"damage_taken":7.0},{"damage_healed":21.0,"max_hp_gain":0.0,"max_hp_loss":0.0,"gold_gain":0.0,"event_name":"Mushrooms","player_choice":"Healed and dodged fight","floor":12.0,"gold_loss":0.0,"damage_taken":0.0,"cards_obtained":["Parasite"]},{"damage_healed":0.0,"max_hp_gain":5.0,"max_hp_loss":0.0,"gold_gain":0.0,"event_name":"Big Fish","player_choice":"Donut","floor":13.0,"gold_loss":0.0,"damage_taken":0.0},{"damage_healed":0.0,"max_hp_gain":5.0,"max_hp_loss":0.0,"gold_gain":0.0,"event_name":"Forgotten Altar","player_choice":"Shed Blood","floor":19.0,"gold_loss":0.0,"damage_taken":32.0},{"damage_healed":0.0,"max_hp_gain":0.0,"max_hp_loss":0.0,"gold_gain":0.0,"event_name":"Addict","player_choice":"Obtained Relic","floor":20.0,"gold_loss":85.0,"damage_taken":0.0,"relics_obtained":["Bird Faced Urn"]},{"damage_healed":0.0,"max_hp_gain":0.0,"max_hp_loss":0.0,"gold_gain":50.0,"event_name":"Nest","player_choice":"Stole From Cult","floor":21.0,"gold_loss":0.0,"damage_taken":0.0}],"is_beta":false,"boss_relics":[{"not_picked":["Runic Dome","Fusion Hammer"],"picked":"Inserter"}],"items_purged_floors":[],"is_endless":false,"potions_floor_spawned":[7,8,14,16,22],"killed_by":"Gremlin Leader","ascension_level":20}}