{"host":"ba8fi0vd2808q8ml","time":1608989086,"event":{"mods":["2.2 Compatiblity","AchievementEnabler","BaseMod","Hermit","Lobotomy","LobotomyExtend","Marisa£¨Ùöéë¡¡Øª×âÞÞ£©","Minty Spire (QoL Compilation)","StSLib","SuperFastMode","Td1madao Mod","The Bug Knight","The Cursed","The Servant 0.9.4"],"gold_per_floor":[210,210,210,227,227,227,237,237,264,275,294,115,115,129,129,231,231,251,1,20,31,47,74,92,92,92,111,126,126,126,155,155,253,253,271,281,180,194,205,233,233,261,561,595,595,610,623,639,639,639,639],"floor_reached":50,"playtime":2707,"items_purged":["SpecialBullet"],"score":775,"play_id":"ccfe2fa4-c2fd-4e24-93e2-4196ffcd016b","local_time":"20201226222446","is_ascension_mode":true,"campfire_choices":[{"floor":15.0,"key":"REST"},{"data":"LifeForTheDareDevil","floor":25.0,"key":"SMITH"},{"floor":41.0,"key":"REST"},{"data":"SolemnVow","floor":45,"key":"SMITH"}],"circlet_count":0,"master_deck":["SpecialBullet","SpecialBullet","SpecialBullet","SpecialBullet","SpecialBullet","SpecialBullet","ExtractionCode","TrainingCode","InformationCode","MeatLantern","Penitence","SolemnVow+1","RedEyes","LifeForTheDareDevil+1","RapturousDream","Mimicry","CrumblingArmor","Loneliness","BigBadWolf","Gaze","WristCuter+1","Woodsman","SoundOfStar","QueenOfHatred","Adoration","CENSORED","RapturousDream+1","Amita","OSAHOGD","HeroicMonk","Logging+1","ParadiseLost+1","LongBird","Yin","RedEyes+1","Wingbeat+1","WristCuter+1","Rudolta","InTheNameOfLoveAndHate+1","DisciplinaryCode","BlueStar","RapturousDream+1","TodaysExpression+1","Justitia+1","Variant","InTheNameOfLoveAndHate+1","LaLuna","RapturousDream+1","FieryBird","NothingThere","Galaxy+1","RecordCode"],"relics":["CogitoBucket","White Beast Statue","Dream Catcher","Bag of Preparation","AdjustmentMirror","Orichalcum","TreeSap","Omamori","Shuriken","Ancient Tea Set","SacredBark","AtMidnight","HellTrain","MealTicket","Thread and Needle","Old Coin","Yang_Lob","Blood Vial","RedMistMask"],"acts_visited":["Exordium","TheCity","TheBeyond"],"potions_floor_usage":[50,50],"damage_taken":[{"damage":11.0,"enemies":"Jaw Worm","floor":1.0,"turns":3.0},{"damage":1.0,"enemies":"Cultist","floor":4.0,"turns":3.0},{"damage":7.0,"enemies":"2 Louse","floor":7.0,"turns":3.0},{"damage":12.0,"enemies":"Exordium Wildlife","floor":10.0,"turns":4.0},{"damage":23.0,"enemies":"Large Slime","floor":11.0,"turns":5.0},{"damage":0.0,"enemies":"3 Louse","floor":14.0,"turns":3.0},{"damage":30.0,"enemies":"Slime Boss","floor":16.0,"turns":5.0},{"damage":0.0,"enemies":"Shell Parasite","floor":18.0,"turns":2.0},{"damage":0.0,"enemies":"Chosen","floor":20.0,"turns":2.0},{"damage":25.0,"enemies":"Shelled Parasite and Fungi","floor":21.0,"turns":5.0},{"damage":6.0,"enemies":"Chosen and Byrds","floor":22.0,"turns":4.0},{"damage":1.0,"enemies":"Book of Stabbing","floor":23.0,"turns":3.0},{"damage":9.0,"enemies":"Snake Plant","floor":24.0,"turns":3.0},{"damage":0.0,"enemies":"Sentry and Sphere","floor":27.0,"turns":2.0},{"damage":2.0,"enemies":"Chosen and Byrds","floor":28.0,"turns":4.0},{"damage":70.0,"enemies":"Gremlin Leader","floor":31.0,"turns":6.0},{"damage":40.0,"enemies":"Collector","floor":33.0,"turns":3.0},{"damage":24.0,"enemies":"Orb Walker","floor":35.0,"turns":4.0},{"damage":12.0,"enemies":"3 Darklings","floor":36.0,"turns":4.0},{"damage":48.0,"enemies":"Transient","floor":38.0,"turns":5.0},{"damage":76.0,"enemies":"Spire Growth","floor":39.0,"turns":5.0},{"damage":29.0,"enemies":"Giant Head","floor":40.0,"turns":3.0},{"damage":4,"enemies":"Nemesis","floor":42,"turns":3},{"damage":28,"enemies":"Giant Head","floor":44,"turns":3},{"damage":18,"enemies":"4 Shapes","floor":46,"turns":2},{"damage":0,"enemies":"3 Darklings","floor":47,"turns":1},{"damage":0,"enemies":"Spire Growth","floor":48,"turns":2},{"damage":251,"enemies":"Time Eater","floor":50,"turns":7}],"seed_played":"-8112398461693409324","potions_obtained":[{"floor":16.0,"key":"LiquidMemories"},{"floor":18.0,"key":"Fruit Juice"},{"floor":20.0,"key":"ColorlessPotion"},{"floor":21.0,"key":"Swift Potion"},{"floor":24.0,"key":"Strength Potion"},{"floor":39.0,"key":"EssenceOfSteel"}],"is_trial":false,"path_per_floor":["M","?","$","M","T","R","M","R","T","M","M","$","?","M","R","B",null,"M","$","M","M","M","E","M","R","T","M","M","?","?","E","R","B",null,"M","M","$","M","M","E","R","E","T","E","R","M","M","M","R","B"],"character_chosen":"Angela","items_purchased":["WristCuter","Bag of Preparation","Orichalcum","Loneliness","Noise","WristCuter+1"],"campfire_rested":2,"item_purchase_floors":[12,12,19,19,19,37],"current_hp_per_floor":[59,59,59,58,58,58,51,51,51,39,34,34,34,34,55,70,70,75,75,79,83,87,91,95,95,95,99,102,102,81,102,102,116,116,120,120,120,100,69,82,120,132,132,136,136,136,140,144,144,0,0],"gold":639,"neow_bonus":"HUNDRED_GOLD","is_daily":false,"chose_seed":false,"campfire_upgraded":2,"win_rate":0.0,"timestamp":1608989086,"path_taken":["M","?","$","M","?","R","M","R","T","?","M","?","?","M","R","BOSS","M","$","M","M","M","E","M","R","T","M","M","?","?","E","R","BOSS","M","M","$","M","?","E","R","E","T","E","R","M","M","M","R","BOSS"],"items_purchased_type":["Card","Relic","Relic","Card","Card","Card"],"build_version":"2020-12-22","purchased_purges":1,"victory":false,"max_hp_per_floor":[70,70,70,70,70,70,70,70,70,70,70,70,70,70,70,70,70,75,75,79,83,87,91,95,95,95,99,103,103,108,112,112,116,116,120,120,120,124,128,128,128,132,132,136,136,136,140,144,144,144,144],"card_choices":[{"not_picked":["QueenBee","WallGazer"],"picked":"MeatLantern","floor":1.0},{"not_picked":["CherryBlossom"],"picked":"Penitence","floor":1.0},{"not_picked":["Noise","Horn"],"picked":"SKIP","floor":1.0},{"not_picked":["TodaysExpression"],"picked":"SolemnVow","floor":4.0},{"not_picked":["CherryBlossom","FourthMatchFlame"],"picked":"SKIP","floor":4.0},{"not_picked":["CrimsonScar","Hypocrisy","Soda"],"picked":"SKIP","floor":7.0},{"not_picked":["Penitence","Wingbeat","RedEyes"],"picked":"SKIP","floor":7.0},{"not_picked":["LittleHelper","MHz"],"picked":"Woodsman","floor":10.0},{"not_picked":["Regret_ego","BearPaw"],"picked":"RedEyes","floor":10.0},{"not_picked":["SwordSharpenedByTears","SomewhereSpear","Laetitia_ego"],"picked":"SKIP","floor":10.0},{"not_picked":["Horn","CrimsonScar"],"picked":"LifeForTheDareDevil","floor":11.0},{"not_picked":["Loneliness","Galaxy","CrimsonScar"],"picked":"SKIP","floor":11.0},{"not_picked":["Regret_ego","BlueScar"],"picked":"RapturousDream","floor":14.0},{"not_picked":["Scarecrow","BeautyBeast"],"picked":"NothingThere","floor":14.0},{"not_picked":["Noise","SomewhereSpear"],"picked":"WristCuter","floor":15.0},{"not_picked":["GoldRush","TheSmile"],"picked":"Mimicry","floor":16.0},{"not_picked":["Freischutz","SpiderBud"],"picked":"CrumblingArmor","floor":16.0},{"not_picked":["Harmony","FourthMatchFlame","Tough"],"picked":"SKIP","floor":18.0},{"not_picked":["SingingMachine","DespairKnight"],"picked":"BigBadWolf","floor":20.0},{"not_picked":["CherryBlossom","Wingbeat"],"picked":"Gaze","floor":20.0},{"not_picked":["LittlePrince","OldLady","CherryBlossoms"],"picked":"Singing Bowl","floor":21.0},{"not_picked":["LittleHelper","MHz"],"picked":"Bloodbath","floor":21.0},{"not_picked":["Lantern","Beak"],"picked":"WristCuter+1","floor":21.0},{"not_picked":["GalaxyChild","NakedNest"],"picked":"Woodsman","floor":22.0},{"not_picked":["Lantern","Noise"],"picked":"SoundOfStar","floor":22.0},{"not_picked":["WallGazer","OldLady"],"picked":"QueenOfHatred","floor":23.0},{"not_picked":["Wingbeat","Diffraction"],"picked":"Adoration","floor":23.0},{"not_picked":["BlackSwan","WallGazer","Scorched"],"picked":"Singing Bowl","floor":24.0},{"not_picked":["LittleHelper","Mercenary"],"picked":"CENSORED","floor":24.0},{"not_picked":["Discord","Harmony","Soda"],"picked":"SKIP","floor":24.0},{"not_picked":["WallGazer","UniverseFragment","OSAHOGD"],"picked":"Singing Bowl","floor":27.0},{"not_picked":["UniverseFragment","WallGazer"],"picked":"OldLady","floor":27.0},{"not_picked":["WristCuter","Gaze"],"picked":"RapturousDream+1","floor":27.0},{"not_picked":["CUTE+1","Penitence"],"picked":"Amita","floor":28.0},{"not_picked":["LittleHelper","SpiderBud","UniverseFragment"],"picked":"Singing Bowl","floor":28.0},{"not_picked":["DespairKnight","HappyTeddy"],"picked":"OSAHOGD","floor":28.0},{"not_picked":["Rudolta","SpiderBud"],"picked":"HeroicMonk","floor":31.0},{"not_picked":["CherryBlossom","Horn"],"picked":"Logging+1","floor":31.0},{"not_picked":["Mimicry+1","DaCapo+1"],"picked":"ParadiseLost+1","floor":33.0},{"not_picked":["SpiderBud","QueenBee","BeautyBeast"],"picked":"Singing Bowl","floor":33.0},{"not_picked":["LittleHelper","DespairKnight"],"picked":"LongBird","floor":33.0},{"not_picked":["GreedKing","BlackArmy"],"picked":"Yin","floor":35.0},{"not_picked":["Pleasure+1","Lantern+1"],"picked":"RedEyes+1","floor":35.0},{"not_picked":["Loneliness+1","MagicBullet+1"],"picked":"Wingbeat+1","floor":36.0},{"not_picked":["SnowQueen","LittleHelper"],"picked":"Rudolta","floor":38.0},{"not_picked":["Mimicry+1","CherryBlossom+1"],"picked":"InTheNameOfLoveAndHate+1","floor":38.0},{"not_picked":["FieryBird","HappyTeddy"],"picked":"BlueStar","floor":39.0},{"not_picked":["BloodyDesire+1","Amita+1"],"picked":"RapturousDream+1","floor":39.0},{"not_picked":["BigBird","BlackSwan","SingingMachine"],"picked":"Singing Bowl","floor":40.0},{"not_picked":["WristCuter+1","Penitence+1","Noise+1"],"picked":"SKIP","floor":40.0},{"not_picked":["RedEyes+1","Lantern+1"],"picked":"TodaysExpression+1","floor":41.0},{"not_picked":["Ecstasy+1","SoundOfStar+1"],"picked":"Justitia+1","floor":42},{"not_picked":["SpiderBud","LaLuna"],"picked":"Variant","floor":42},{"not_picked":["RedEyes+1","Hornet+1"],"picked":"InTheNameOfLoveAndHate+1","floor":44},{"not_picked":["Wellcheers","ShyLook"],"picked":"LaLuna","floor":44},{"not_picked":["Lantern+1","Harvest+1"],"picked":"RapturousDream+1","floor":46},{"not_picked":["Murderer","Scarecrow","BlackSwan"],"picked":"Singing Bowl","floor":46},{"not_picked":["WhiteNight","Laetitia"],"picked":"FieryBird","floor":47},{"not_picked":["GreenStem+1","WristCuter+1","Tough+1"],"picked":"SKIP","floor":47},{"not_picked":["LittlePrince","DespairKnight"],"picked":"NothingThere","floor":48},{"not_picked":["Reverberation+1","Regret_ego+1"],"picked":"Galaxy+1","floor":48}],"player_experience":53937,"relics_obtained":[{"floor":5.0,"key":"White Beast Statue"},{"floor":9.0,"key":"Dream Catcher"},{"floor":23.0,"key":"Omamori"},{"floor":26.0,"key":"Shuriken"},{"floor":31.0,"key":"Ancient Tea Set"},{"floor":35.0,"key":"AtMidnight"},{"floor":40.0,"key":"MealTicket"},{"floor":42,"key":"Thread and Needle"},{"floor":43,"key":"Old Coin"},{"floor":44,"key":"Blood Vial"},{"floor":44,"key":"RedMistMask"}],"event_choices":[{"damage_healed":0.0,"max_hp_gain":0.0,"max_hp_loss":0.0,"gold_gain":0.0,"event_name":"Golden Wing","player_choice":"Ignored","floor":2.0,"gold_loss":0.0,"damage_taken":0.0},{"damage_healed":0.0,"max_hp_gain":0.0,"max_hp_loss":0.0,"gold_gain":0.0,"event_name":"Golden Idol","player_choice":"Ignored","floor":13.0,"gold_loss":0.0,"damage_taken":0.0},{"damage_healed":0.0,"max_hp_gain":5.0,"max_hp_loss":0.0,"gold_gain":0.0,"event_name":"Forgotten Altar","player_choice":"Shed Blood","floor":30.0,"gold_loss":0.0,"damage_taken":26.0}],"is_beta":false,"boss_relics":[{"not_picked":["Philosopher\u0027s Stone","Calling Bell","Astrolabe"]},{"not_picked":["Cursed Key","Snecko Eye"],"picked":"SacredBark"}],"items_purged_floors":[37],"is_endless":false,"potions_floor_spawned":[16,18,20,21,24,27,28,33,36,38,39,46,47,48],"killed_by":"Time Eater","ascension_level":1}}