{"host":"baymyijz6sxaqj5s","time":1608977871,"event":{"mods":["AchievementEnabler","BaseMod","Colored Map","Colored Powertips","DeckTracker","KOR Keyword Fix","Keyboard Shortcuts","Minty Spire (QoL Compilation)","Quick Restart","StSLib","SuperFastMode"],"gold_per_floor":[118,68,83,94,114,114,140,66,119,133,64,74,91,91,91,193,193,206,206,221,221,221],"floor_reached":21,"playtime":1844,"items_purged":[],"score":201,"play_id":"024c7548-3c12-461b-8d52-c0a577759654","local_time":"20201226191751","is_ascension_mode":true,"campfire_choices":[{"data":"Armaments","floor":6,"key":"SMITH"},{"floor":15,"key":"REST"}],"circlet_count":0,"master_deck":["Strike_R","Strike_R","Strike_R","Strike_R","Defend_R","Defend_R","Defend_R","Defend_R","Bash","Armaments+1","Sword Boomerang","Power Through","Demon Form","Inflame","Power Through","Shrug It Off+1","Double Tap","Body Slam","Heavy Blade"],"relics":["Burning Blood","Paper Frog","Nunchaku","Black Star"],"acts_visited":["Exordium","TheCity"],"potions_floor_usage":[7,7,12,16,21,21],"damage_taken":[{"damage":0,"enemies":"Small Slimes","floor":1,"turns":4},{"damage":1,"enemies":"2 Louse","floor":3,"turns":4},{"damage":7,"enemies":"Jaw Worm","floor":4,"turns":5},{"damage":7,"enemies":"2 Fungi Beasts","floor":5,"turns":7},{"damage":7,"enemies":"Gremlin Nob","floor":7,"turns":4},{"damage":13,"enemies":"Large Slime","floor":10,"turns":9},{"damage":29,"enemies":"Lots of Slimes","floor":12,"turns":6},{"damage":9,"enemies":"3 Louse","floor":13,"turns":5},{"damage":35,"enemies":"Hexaghost","floor":16,"turns":8},{"damage":32,"enemies":"Spheric Guardian","floor":18,"turns":8},{"damage":12,"enemies":"Chosen","floor":20,"turns":6},{"damage":87,"enemies":"Masked Bandits","floor":21,"turns":11}],"seed_played":"4317661102661707823","potions_obtained":[{"floor":3,"key":"AttackPotion"},{"floor":5,"key":"Dexterity Potion"},{"floor":7,"key":"Block Potion"},{"floor":13,"key":"Fire Potion"},{"floor":16,"key":"Dexterity Potion"},{"floor":18,"key":"Energy Potion"}],"is_trial":false,"path_per_floor":["M","?","M","M","M","R","E","$","T","M","$","M","M","?","R","B",null,"M","?","M","?"],"character_chosen":"IRONCLAD","items_purchased":["Power Through","Inflame"],"campfire_rested":1,"item_purchase_floors":[8,11],"current_hp_per_floor":[88,88,88,87,86,86,85,85,85,78,78,55,52,52,78,49,88,62,88,82,0,0],"gold":221,"neow_bonus":"TEN_PERCENT_HP_BONUS","is_daily":false,"chose_seed":false,"campfire_upgraded":1,"win_rate":0.0,"timestamp":1608977871,"path_taken":["M","?","M","M","M","R","E","$","T","M","$","M","M","?","R","BOSS","M","?","M","?"],"items_purchased_type":["Card","Card"],"build_version":"2020-12-22","purchased_purges":0,"victory":false,"max_hp_per_floor":[88,88,88,88,88,88,88,88,88,88,88,88,88,88,88,88,88,88,88,88,88,88],"card_choices":[{"not_picked":["Twin Strike","True Grit"],"picked":"Armaments","floor":1},{"not_picked":["Hemokinesis","Dark Embrace","Thunderclap"],"picked":"SKIP","floor":3},{"not_picked":["Armaments","Bloodletting","Burning Pact"],"picked":"SKIP","floor":4},{"not_picked":["True Grit","Rampage","Headbutt"],"picked":"SKIP","floor":5},{"not_picked":["Clothesline","Iron Wave"],"picked":"Sword Boomerang","floor":7},{"not_picked":["Sword Boomerang","Shrug It Off"],"picked":"Demon Form","floor":10},{"not_picked":["Pommel Strike","Anger"],"picked":"Power Through","floor":12},{"not_picked":["Pommel Strike","Rupture"],"picked":"Shrug It Off","floor":13},{"not_picked":["Exhume","Corruption"],"picked":"Double Tap","floor":16},{"not_picked":["Whirlwind","Wild Strike"],"picked":"Body Slam","floor":18},{"not_picked":["Wild Strike","Bloodletting"],"picked":"Heavy Blade","floor":20}],"player_experience":247989,"relics_obtained":[{"floor":7,"key":"Paper Frog"},{"floor":9,"key":"Nunchaku"}],"event_choices":[{"cards_removed":["Strike_R"],"damage_healed":0,"gold_gain":0,"player_choice":"Card Removal","damage_taken":0,"max_hp_gain":0,"max_hp_loss":0,"event_name":"The Cleric","floor":2,"gold_loss":50},{"damage_healed":0,"gold_gain":0,"player_choice":"Grow","damage_taken":0,"max_hp_gain":0,"max_hp_loss":0,"event_name":"Living Wall","floor":14,"gold_loss":0,"cards_upgraded":["Shrug It Off"]},{"damage_healed":29,"gold_gain":0,"player_choice":"Heal","damage_taken":0,"max_hp_gain":0,"max_hp_loss":0,"event_name":"The Library","floor":19,"gold_loss":0},{"damage_healed":0,"gold_gain":0,"player_choice":"Fought Bandits","damage_taken":0,"max_hp_gain":0,"max_hp_loss":0,"event_name":"Masked Bandits","floor":21,"gold_loss":0}],"is_beta":false,"boss_relics":[{"not_picked":["Busted Crown","Astrolabe"],"picked":"Black Star"}],"items_purged_floors":[],"is_endless":false,"potions_floor_spawned":[3,5,7,13,16,18],"killed_by":"Masked Bandits","ascension_level":2}}