{"host":"6gzy6nvr8uokwcne","time":1608948354,"event":{"mods":["2.2 Compatiblity","AchievementEnabler","BaseMod","Minty Spire (QoL Compilation)","Quick Restart","StSLib","The Dragon Tamer","The Runesmith"],"gold_per_floor":[111,123,40,56,56,56,85,117,117],"floor_reached":8,"playtime":672,"items_purged":[],"score":56,"play_id":"bf993c82-6348-4529-b1a2-b00c2db414b5","local_time":"20201225190554","is_ascension_mode":false,"campfire_choices":[{"data":"Blizzard","floor":6,"key":"SMITH"}],"circlet_count":0,"master_deck":["Strike_B","Strike_B","Strike_B","Strike_B","Defend_B","Defend_B","Defend_B","Defend_B","Zap","Dualcast","Blizzard+1","Chill","Flash of Steel","Chaos"],"relics":["Velvet Choker","Odd Mushroom"],"acts_visited":["Exordium"],"potions_floor_usage":[7],"damage_taken":[{"damage":11,"enemies":"Small Slimes","floor":1,"turns":4},{"damage":1,"enemies":"2 Louse","floor":2,"turns":2},{"damage":0,"enemies":"Jaw Worm","floor":4,"turns":4},{"damage":1,"enemies":"The Mushroom Lair","floor":7,"turns":5},{"damage":40,"enemies":"Gremlin Nob","floor":8,"turns":5}],"seed_played":"-8514606768939226738","potions_obtained":[{"floor":2,"key":"BlessingOfTheForge"},{"floor":4,"key":"Energy Potion"}],"is_trial":false,"path_per_floor":["M","M","$","M","?","R","?","E"],"character_chosen":"DEFECT","items_purchased":["Flash of Steel"],"campfire_rested":0,"item_purchase_floors":[3],"current_hp_per_floor":[64,63,63,63,63,63,62,22,22],"gold":117,"neow_bonus":"BOSS_RELIC","is_daily":false,"chose_seed":false,"campfire_upgraded":1,"win_rate":0.0,"timestamp":1608948354,"path_taken":["M","M","$","M","?","R","?","E"],"items_purchased_type":["Card"],"build_version":"2020-12-22","purchased_purges":0,"victory":false,"max_hp_per_floor":[75,75,75,75,75,75,75,75,75],"card_choices":[{"not_picked":["Sweeping Beam","Melter"],"picked":"Blizzard","floor":1},{"not_picked":["Defragment","Go for the Eyes"],"picked":"Chill","floor":2},{"not_picked":["Hologram","Beam Cell","Static Discharge"],"picked":"SKIP","floor":4},{"not_picked":["Gash","Leap"],"picked":"Chaos","floor":7}],"player_experience":460116,"relics_obtained":[{"floor":7,"key":"Odd Mushroom"}],"event_choices":[{"damage_healed":0,"gold_gain":0,"player_choice":"Leave","damage_taken":0,"max_hp_gain":0,"max_hp_loss":0,"event_name":"The Cleric","floor":5,"gold_loss":0},{"damage_healed":0,"gold_gain":0,"player_choice":"Fought Mushrooms","damage_taken":0,"max_hp_gain":0,"max_hp_loss":0,"event_name":"Mushrooms","floor":7,"gold_loss":0}],"is_beta":false,"boss_relics":[],"items_purged_floors":[],"is_endless":false,"potions_floor_spawned":[2,4],"killed_by":"Gremlin Nob","ascension_level":0}}