{"host":"Brown Brick","time":1608981676,"event":{"mods":["BaseMod","Melee Mod","Minty Spire (QoL Compilation)","Rare Cards Sparkle","Relic Stats","Robot Space Explorer","StSLib","The Marked","Unceasing Turn Reminder","everything is the same but u backflip on backflip"],"gold_per_floor":[116,140,140,152,152,152,187,201,226,245,83,109,141,141,141,242,242,258,258,276,287,287,287,316,316,343,343,343,7,7,19,19,116,116,136,136,136,186,201,201,228,243,243,243,243,275,324,1,1,1,1,1,1,33,33,33],"floor_reached":55,"playtime":4745,"items_purged":[],"score":747,"play_id":"8ec46308-958c-4189-bdd1-f8a3ab5f7d6f","local_time":"20201226122116","is_ascension_mode":false,"campfire_choices":[{"data":"theMarked:SoldierOfQuellstein","floor":6,"key":"SMITH"},{"floor":15,"key":"REST"},{"floor":23,"key":"RECALL"},{"floor":25,"key":"REST"},{"floor":32,"key":"REST"},{"data":"theMarked:FavorableWinds","floor":40,"key":"SMITH"},{"data":"theMarked:ParalyzingBlade","floor":44,"key":"SMITH"},{"floor":49,"key":"REST"},{"data":"theMarked:Panic","floor":52,"key":"SMITH"}],"circlet_count":0,"master_deck":["theMarked:Defend","theMarked:Defend","theMarked:Defend+1","theMarked:Defend","theMarked:SoldierOfQuellstein+1","Dramatic Entrance+1","theMarked:ElectricStrings","theMarked:ResourceFulStrike+1","theMarked:Opportunist","theMarked:ComboAttacks+1","Mayhem+1","theMarked:FavorableWinds+1","theMarked:SuspiciousRaven","theMarked:TwofoldDefense+1","theMarked:Panic+1","Bite","Bite","Bite","Bite","Bite","theMarked:ParalyzingBlade+1","theMarked:MuscleMemory","theMarked:WastefulDefense","theMarked:SwordAndMagic","theMarked:EnhancedHearing+1","theMarked:TwofoldDefense+1","Sadistic Nature+1","theMarked:ComboAttacks+1"],"relics":["theMarked:ArtifactOfAir","Tiny Chest","Matryoshka","Whetstone","Akabeko","Bag of Preparation","Juzu Bracelet","theMarked:SpiritSword","Centennial Puzzle","War Paint","Nunchaku","Question Card","theMarked:Eyepatch","Frozen Egg 2","Ginger","Mummified Hand","Lantern","Pocketwatch","Vajra","Toy Ornithopter"],"acts_visited":["Exordium","TheCity","TheBeyond","TheEnding"],"potions_floor_usage":[31,41,47,54,54,54],"damage_taken":[{"damage":0,"enemies":"Cultist","floor":1,"turns":3},{"damage":0,"enemies":"Small Slimes","floor":4,"turns":2},{"damage":17,"enemies":"3 Sentries","floor":7,"turns":7},{"damage":0,"enemies":"Jaw Worm","floor":8,"turns":2},{"damage":0,"enemies":"Exordium Wildlife","floor":10,"turns":2},{"damage":8,"enemies":"Gremlin Nob","floor":13,"turns":4},{"damage":32,"enemies":"Hexaghost","floor":16,"turns":10},{"damage":10,"enemies":"Chosen","floor":18,"turns":5},{"damage":15,"enemies":"2 Thieves","floor":20,"turns":4},{"damage":20,"enemies":"Snake Plant","floor":21,"turns":4},{"damage":44,"enemies":"Book of Stabbing","floor":24,"turns":7},{"damage":6,"enemies":"Chosen and Byrds","floor":31,"turns":4},{"damage":69,"enemies":"Automaton","floor":33,"turns":14},{"damage":0,"enemies":"Orb Walker","floor":35,"turns":3},{"damage":12,"enemies":"Mind Bloom Boss Battle","floor":38,"turns":8},{"damage":0,"enemies":"3 Darklings","floor":39,"turns":4},{"damage":27,"enemies":"Giant Head","floor":41,"turns":8},{"damage":9,"enemies":"Jaw Worm Horde","floor":42,"turns":3},{"damage":35,"enemies":"Nemesis","floor":46,"turns":5},{"damage":20,"enemies":"2 Orb Walkers","floor":47,"turns":4},{"damage":28,"enemies":"Donu and Deca","floor":50,"turns":9},{"damage":47,"enemies":"Shield and Spear","floor":54,"turns":6},{"damage":23,"enemies":"The Heart","floor":55,"turns":2}],"seed_played":"-8764313793077039366","potions_obtained":[{"floor":4,"key":"Weak Potion"},{"floor":16,"key":"DuplicationPotion"},{"floor":31,"key":"Fire Potion"},{"floor":33,"key":"EssenceOfSteel"},{"floor":42,"key":"GamblersBrew"},{"floor":47,"key":"PowerPotion"}],"is_trial":false,"path_per_floor":["M","T","?","M","?","R","E","M","T","M","$","T","E","?","R","B",null,"M","?","M","M","?","R","E","R","T","T","?","$","?","M","R","B",null,"M","?","T","?","M","R","E","M","T","R","?","E","?","$","R","B",null,"R","$","E","B"],"character_chosen":"THE_DEFAULT","items_purchased":["Mayhem","theMarked:Panic","Question Card","Sadistic Nature+1","Vajra"],"campfire_rested":4,"item_purchase_floors":[11,29,29,48,48],"current_hp_per_floor":[70,70,70,70,56,56,39,39,39,39,39,39,31,31,52,20,70,60,60,45,25,48,48,4,25,25,25,12,12,12,16,31,12,52,52,52,52,52,52,52,48,47,47,47,47,22,18,18,33,27,52,52,52,17,0,0],"gold":33,"neow_bonus":"RANDOM_COLORLESS","is_daily":false,"chose_seed":false,"campfire_upgraded":4,"win_rate":0.0,"timestamp":1608981676,"path_taken":["M","?","?","M","?","R","E","M","T","?","$","?","E","?","R","BOSS","M","?","M","M","?","R","E","R","T","?","?","$","?","M","R","BOSS","M","?","?","?","M","R","E","M","T","R","?","E","?","$","R","BOSS","R","$","E","BOSS"],"items_purchased_type":["Card","Card","Relic","Card","Relic"],"build_version":"2020-12-18","purchased_purges":0,"victory":false,"max_hp_per_floor":[70,70,70,70,70,70,70,70,70,70,70,70,70,70,70,70,70,70,70,70,70,70,70,70,70,70,70,75,75,52,52,52,52,52,52,52,52,52,52,52,52,52,52,52,52,52,52,52,52,52,52,52,52,52,52,52],"relic_stats":{"counters":[23,120],"Bag of Preparation":[36],"Juzu Bracelet":3,"Whetstone":["theMarked:Strike","theMarked:Strike"],"Ginger":[2],"War Paint":["theMarked:TwofoldDefense","theMarked:Defend"],"Question Card":10,"Centennial Puzzle":[30],"Nunchaku":[26],"Mummified Hand":[26],"Tiny Chest":3,"obtain_stats":[{"Lantern":46,"Vajra":48,"theMarked:SpiritSword":17,"Bag of Preparation":12,"Juzu Bracelet":13,"Whetstone":9,"Ginger":41,"War Paint":26,"Frozen Egg 2":37,"Question Card":29,"Akabeko":9,"theMarked:ArtifactOfAir":0,"Centennial Puzzle":24,"Nunchaku":27,"Matryoshka":7,"Mummified Hand":43,"Tiny Chest":2,"Toy Ornithopter":54,"theMarked:Eyepatch":34,"Pocketwatch":47},{"Lantern":19,"Vajra":20,"theMarked:SpiritSword":7,"Bag of Preparation":5,"Juzu Bracelet":6,"Whetstone":4,"Ginger":17,"War Paint":11,"Frozen Egg 2":14,"Question Card":11,"Akabeko":4,"theMarked:ArtifactOfAir":0,"Centennial Puzzle":11,"Nunchaku":11,"Matryoshka":3,"Mummified Hand":18,"Tiny Chest":1,"Toy Ornithopter":22,"theMarked:Eyepatch":13,"Pocketwatch":20},{"Lantern":99,"Vajra":103,"theMarked:SpiritSword":30,"Bag of Preparation":16,"Juzu Bracelet":20,"Whetstone":14,"Ginger":91,"War Paint":50,"Frozen Egg 2":71,"Question Card":50,"Akabeko":14,"theMarked:ArtifactOfAir":0,"Centennial Puzzle":50,"Nunchaku":50,"Matryoshka":12,"Mummified Hand":94,"Tiny Chest":3,"Toy Ornithopter":118,"theMarked:Eyepatch":68,"Pocketwatch":103}],"Toy Ornithopter":0,"Pocketwatch":[2]},"card_choices":[{"not_picked":["Good Instincts","Enlightenment"],"picked":"Dramatic Entrance","floor":0},{"not_picked":["theMarked:RepellingDischarge","theMarked:ChainLightning"],"picked":"theMarked:ElectricStrings","floor":1},{"not_picked":["theMarked:WardOff","theMarked:TwofoldDefense"],"picked":"theMarked:ResourceFulStrike","floor":4},{"not_picked":["theMarked:ResourceFulStrike","theMarked:ChainLightning"],"picked":"theMarked:EnhancedHearing","floor":7},{"not_picked":["theMarked:BanishingStrike","theMarked:ResourceFulStrike"],"picked":"theMarked:Opportunist","floor":8},{"not_picked":["theMarked:TakeCover","theMarked:Electrify"],"picked":"theMarked:ComboAttacks","floor":10},{"not_picked":["theMarked:TwofoldDefense","theMarked:Opportunist"],"picked":"theMarked:FavorableWinds","floor":13},{"not_picked":["theMarked:BindingBlade","theMarked:ThrowWeapon"],"picked":"theMarked:SuspiciousRaven","floor":16},{"not_picked":["theMarked:BanishingStrike+1","theMarked:Parkour","theMarked:Generate"],"picked":"SKIP","floor":18},{"not_picked":["theMarked:Aftermath+1","theMarked:RepellingDischarge","theMarked:ChainLightning"],"picked":"SKIP","floor":20},{"not_picked":["theMarked:Generate","theMarked:ChainLightning","theMarked:Overcharge"],"picked":"SKIP","floor":21},{"not_picked":["theMarked:Parkour","theMarked:Static"],"picked":"theMarked:TwofoldDefense","floor":24},{"not_picked":["theMarked:Overcharge","theMarked:EnhanceMovement","theMarked:ResourceFulStrike"],"picked":"theMarked:ParalyzingBlade","floor":31},{"not_picked":["theMarked:DispelDoubt","theMarked:Snap","theMarked:FavorableWinds"],"picked":"theMarked:MuscleMemory","floor":33},{"not_picked":["theMarked:ReduceFriction","theMarked:ChainLightning","theMarked:ResourceFulStrike+1"],"picked":"theMarked:WastefulDefense","floor":35},{"not_picked":["theMarked:WardOff+1","theMarked:Static+1","theMarked:ChainLightning"],"picked":"theMarked:SwordAndMagic","floor":38},{"not_picked":["theMarked:MuscleMemory","theMarked:Parkour","theMarked:MaelstromOfLightning","theMarked:BanishingStrike"],"picked":"SKIP","floor":39},{"not_picked":["theMarked:BanishingStrike","theMarked:MaelstromOfLightning+1","theMarked:ShockingTouch+1","theMarked:CreepingChasm+1"],"picked":"SKIP","floor":41},{"not_picked":["theMarked:ContemptForTheProud","theMarked:WastefulAttack","theMarked:CreepingChasm","theMarked:Polarize+1"],"picked":"SKIP","floor":42},{"not_picked":["theMarked:TunnelVision","theMarked:ResourceFulStrike","theMarked:SelfDefenseTraining"],"picked":"theMarked:EnhancedHearing+1","floor":46},{"not_picked":["theMarked:WastefulAttack+1","theMarked:Seal","theMarked:Frustration+1"],"picked":"theMarked:TwofoldDefense+1","floor":47},{"not_picked":["theMarked:MaelstromOfLightning","theMarked:Aftermath","theMarked:BanishingWave"],"picked":"theMarked:ComboAttacks+1","floor":54}],"player_experience":637268,"relics_obtained":[{"floor":2,"key":"Tiny Chest"},{"floor":7,"key":"Matryoshka"},{"floor":9,"key":"Whetstone"},{"floor":9,"key":"Akabeko"},{"floor":12,"key":"Bag of Preparation"},{"floor":13,"key":"Juzu Bracelet"},{"floor":24,"key":"Centennial Puzzle"},{"floor":26,"key":"War Paint"},{"floor":27,"key":"Nunchaku"},{"floor":37,"key":"Frozen Egg 2"},{"floor":41,"key":"Ginger"},{"floor":43,"key":"Mummified Hand"},{"floor":46,"key":"Lantern"},{"floor":47,"key":"Pocketwatch"},{"floor":54,"key":"Toy Ornithopter"}],"event_choices":[{"damage_healed":0,"gold_gain":0,"player_choice":"Leave","damage_taken":0,"max_hp_gain":0,"max_hp_loss":0,"event_name":"The Cleric","floor":3,"gold_loss":0},{"damage_healed":0,"gold_gain":0,"player_choice":"Entered Light","damage_taken":14,"max_hp_gain":0,"max_hp_loss":0,"event_name":"Shining Light","floor":5,"gold_loss":0,"cards_upgraded":["theMarked:ResourceFulStrike","Dramatic Entrance"]},{"damage_healed":0,"gold_gain":0,"player_choice":"Upgraded","damage_taken":0,"max_hp_gain":0,"max_hp_loss":0,"event_name":"Upgrade Shrine","floor":14,"gold_loss":0,"cards_upgraded":["theMarked:ComboAttacks"]},{"damage_healed":0,"gold_gain":0,"player_choice":"Forge","damage_taken":0,"max_hp_gain":0,"max_hp_loss":0,"event_name":"Accursed Blacksmith","floor":19,"gold_loss":0,"cards_upgraded":["Mayhem"]},{"damage_healed":23,"gold_gain":0,"player_choice":"Heal","damage_taken":0,"max_hp_gain":0,"max_hp_loss":0,"event_name":"The Library","floor":22,"gold_loss":0},{"damage_healed":0,"gold_gain":0,"player_choice":"Shed Blood","damage_taken":18,"max_hp_gain":5,"max_hp_loss":0,"event_name":"Forgotten Altar","floor":28,"gold_loss":0},{"damage_healed":0,"gold_gain":0,"player_choice":"Became a vampire","damage_taken":0,"max_hp_gain":0,"max_hp_loss":23,"event_name":"Vampires","floor":30,"gold_loss":0,"cards_obtained":["Bite","Bite","Bite","Bite","Bite"]},{"cards_removed":["theMarked:EnhancedHearing"],"damage_healed":0,"gold_gain":0,"player_choice":"Removed Power","damage_taken":0,"max_hp_gain":0,"max_hp_loss":0,"event_name":"Falling","floor":36,"gold_loss":0},{"damage_healed":0,"gold_gain":0,"player_choice":"Fight","damage_taken":0,"max_hp_gain":0,"max_hp_loss":0,"event_name":"MindBloom","floor":38,"gold_loss":0},{"damage_healed":0,"gold_gain":0,"player_choice":"Ignored","damage_taken":0,"max_hp_gain":0,"max_hp_loss":0,"event_name":"Tomb of Lord Red Mask","floor":45,"gold_loss":0},{"damage_healed":0,"gold_gain":0,"player_choice":"Fight","damage_taken":0,"max_hp_gain":0,"max_hp_loss":0,"event_name":"Mysterious Sphere","floor":47,"gold_loss":0}],"is_beta":true,"boss_relics":[{"not_picked":["Philosopher\u0027s Stone","Tiny House"],"picked":"theMarked:SpiritSword"},{"not_picked":["Runic Dome","Busted Crown"],"picked":"theMarked:Eyepatch"}],"items_purged_floors":[],"is_endless":false,"potions_floor_spawned":[4,16,31,33,38,42,47],"killed_by":"The Heart","ascension_level":0}}