{"host":"tknto047uabgu3zm","time":1608948251,"event":{"mods":["AchievementEnabler","BaseMod","Block Reminder","Colored Map","Colored Powertips","Highlight Path","Minty Spire (QoL Compilation)","MonsterHotkey","Permanent Neow","Random Character Button","Rare Cards Sparkle","Relic Sorter","StSLib"],"gold_per_floor":[112,112,126,126,137,165,130,130,130,205,234,76,76,108,108,182,182,202,220,82,82,82,82],"floor_reached":22,"playtime":1446,"items_purged":[],"score":360,"play_id":"090765ec-9e6f-49ea-9a26-04ce4219442a","local_time":"20201225180411","is_ascension_mode":true,"campfire_choices":[{"floor":8,"key":"REST"},{"floor":13,"key":"REST"},{"floor":15,"key":"REST"}],"circlet_count":0,"master_deck":["AscendersBane","Strike_P+1","Eruption+1","Vigilance","JustLucky","FlurryOfBlows","EmptyBody","DeusExMachina","ClearTheMind","Halt","DeusExMachina","SashWhip","Devotion","DeceiveReality+1","Establishment+1","DevaForm+1","Crescendo","Study","Alpha","SashWhip"],"relics":["Empty Cage","The Courier","Smiling Mask","Ice Cream","DollysMirror","Bag of Marbles","Astrolabe"],"acts_visited":["Exordium","TheCity"],"potions_floor_usage":[6,11],"damage_taken":[{"damage":0,"enemies":"Small Slimes","floor":1,"turns":3},{"damage":5,"enemies":"Jaw Worm","floor":3,"turns":4},{"damage":0,"enemies":"2 Louse","floor":5,"turns":2},{"damage":10,"enemies":"Lagavulin","floor":6,"turns":5},{"damage":19,"enemies":"3 Sentries","floor":11,"turns":9},{"damage":24,"enemies":"Gremlin Nob","floor":14,"turns":4},{"damage":20,"enemies":"Hexaghost","floor":16,"turns":11},{"damage":23,"enemies":"2 Thieves","floor":18,"turns":5},{"damage":11,"enemies":"Shell Parasite","floor":19,"turns":7},{"damage":24,"enemies":"3 Cultists","floor":22,"turns":4}],"seed_played":"-7585947450123974313","potions_obtained":[{"floor":3,"key":"ColorlessPotion"},{"floor":5,"key":"Block Potion"},{"floor":16,"key":"BottledMiracle"},{"floor":18,"key":"Fire Potion"}],"is_trial":false,"path_per_floor":["M","?","M","?","M","E","?","R","T","?","E","$","R","E","R","B",null,"M","M","$","?","M"],"character_chosen":"WATCHER","items_purchased":["Halt","DollysMirror","Alpha"],"campfire_rested":3,"item_purchase_floors":[12,12,20],"current_hp_per_floor":[61,41,36,29,29,19,36,56,56,45,26,26,46,22,42,22,57,34,23,23,23,0,0],"gold":82,"neow_bonus":"BOSS_RELIC","is_daily":false,"chose_seed":false,"campfire_upgraded":0,"win_rate":0.0,"timestamp":1608948251,"path_taken":["M","?","M","?","M","E","?","R","T","?","E","$","R","E","R","BOSS","M","M","$","?","?"],"items_purchased_type":["Card","Relic","Card"],"build_version":"2020-12-22","purchased_purges":0,"victory":false,"max_hp_per_floor":[68,68,68,68,68,68,68,68,68,68,68,68,68,68,68,68,68,68,68,68,68,68,68],"card_choices":[{"not_picked":["Pray","Study"],"picked":"JustLucky","floor":1},{"not_picked":["Prostrate","InnerPeace"],"picked":"FlurryOfBlows","floor":3},{"not_picked":["BowlingBash","EmptyFist"],"picked":"EmptyBody","floor":5},{"not_picked":["JustLucky","Omniscience"],"picked":"DeusExMachina","floor":6},{"not_picked":["BowlingBash","SignatureMove"],"picked":"ClearTheMind","floor":11},{"not_picked":["BowlingBash","ClearTheMind"],"picked":"SashWhip","floor":14},{"not_picked":["Establishment","Brilliance"],"picked":"Devotion","floor":16},{"not_picked":["FlyingSleeves","FollowUp"],"picked":"Crescendo","floor":18},{"not_picked":["CrushJoints","CutThroughFate"],"picked":"Study","floor":19}],"player_experience":472256,"relics_obtained":[{"floor":6,"key":"The Courier"},{"floor":9,"key":"Smiling Mask"},{"floor":11,"key":"Ice Cream"},{"floor":14,"key":"Bag of Marbles"}],"event_choices":[{"damage_healed":0,"gold_gain":0,"player_choice":"Entered Light","damage_taken":20,"max_hp_gain":0,"max_hp_loss":0,"event_name":"Shining Light","floor":2,"gold_loss":0,"cards_upgraded":["Strike_P","Eruption"]},{"cards_removed":["Defend_P"],"damage_healed":0,"gold_gain":0,"player_choice":"Card Removal","damage_taken":7,"max_hp_gain":0,"max_hp_loss":0,"event_name":"Golden Wing","floor":4,"gold_loss":0},{"damage_healed":17,"gold_gain":0,"player_choice":"Healed","damage_taken":0,"max_hp_gain":0,"max_hp_loss":0,"event_name":"The Cleric","floor":7,"gold_loss":35},{"damage_healed":0,"gold_gain":75,"player_choice":"Gather Gold","damage_taken":11,"max_hp_gain":0,"max_hp_loss":0,"event_name":"World of Goop","floor":10,"gold_loss":0},{"damage_healed":0,"gold_gain":0,"cards_transformed":["Strike_P"],"player_choice":"Transformed","damage_taken":0,"max_hp_gain":0,"max_hp_loss":0,"event_name":"Transmorgrifier","floor":21,"gold_loss":0,"cards_obtained":["SashWhip"]}],"is_beta":false,"boss_relics":[{"not_picked":["Cursed Key","Velvet Choker"],"picked":"Astrolabe"}],"items_purged_floors":[],"is_endless":false,"potions_floor_spawned":[3,5,16,18],"killed_by":"3 Cultists","ascension_level":16}}