{"host":"12piqfhmdln9x2la","time":1608988604,"event":{"mods":["2.2 Compatiblity","AchievementEnabler","BaseMod","BetterRewards","Colored Powertips","Minty Spire (QoL Compilation)","Quick Restart","SuperFastMode"],"gold_per_floor":[118,293,293,293,312,338,338,353,353,388,388,416,443,456,456,559,559,578,578,578,589,599,627,627,627,627,642,661,678,183,198,198,299,299,309,356,356,370,96,125,125,157,157,157,168,168,195,214,214,214,214,214,1,26,26,26],"floor_reached":55,"playtime":2020,"items_purged":["Strike_R","Strike_R","Defend_R"],"score":968,"play_id":"44991301-11e0-464f-8635-70fd1350cebe","local_time":"20201226221644","is_ascension_mode":true,"campfire_choices":[{"floor":7,"key":"RECALL"},{"data":"Bludgeon","floor":11,"key":"SMITH"},{"data":"Infernal Blade","floor":15,"key":"SMITH"},{"data":"Reaper","floor":25,"key":"SMITH"},{"data":"Armaments","floor":32,"key":"SMITH"},{"data":"Spot Weakness","floor":41,"key":"SMITH"},{"data":"Heavy Blade","floor":49,"key":"SMITH"},{"data":"Heavy Blade","floor":52,"key":"SMITH"}],"circlet_count":0,"master_deck":["Strike_R","Strike_R","Defend_R","Defend_R","Bash","Armaments+1","Bludgeon+1","Cleave","Clash","Exhume+1","Flex","Infernal Blade+1","Flex","Reaper+1","Hemokinesis+1","Heavy Blade+1","Heavy Blade+1","Dropkick+1","Seeing Red+1","Sword Boomerang","Twin Strike","Anger+1","Pummel","Flex","Spot Weakness+1","Impervious","Thunderclap","Anger+1","Infernal Blade+1","Flex+1","Limit Break"],"relics":["Burning Blood","Sling","TungstenRod","Toy Ornithopter","Pocketwatch","Bag of Marbles","Mercury Hourglass","Kunai","Boot","SlaversCollar","Enchiridion","Bag of Preparation","HornCleat","Paper Frog","Orrery","Empty Cage","Dead Branch","Lantern","FossilizedHelix","Nunchaku","InkBottle","Self Forming Clay","Art of War"],"acts_visited":["Exordium","TheCity","TheBeyond","TheEnding"],"potions_floor_usage":[5,6,10,10,16,16,50,54,55,55,55],"damage_taken":[{"damage":10,"enemies":"2 Louse","floor":1,"turns":3},{"damage":1,"enemies":"Small Slimes","floor":5,"turns":2},{"damage":39,"enemies":"3 Sentries","floor":6,"turns":5},{"damage":11,"enemies":"Jaw Worm","floor":8,"turns":2},{"damage":4,"enemies":"Lagavulin","floor":10,"turns":3},{"damage":13,"enemies":"Gremlin Nob","floor":12,"turns":3},{"damage":13,"enemies":"Exordium Thugs","floor":14,"turns":3},{"damage":15,"enemies":"Hexaghost","floor":16,"turns":6},{"damage":10,"enemies":"3 Byrds","floor":18,"turns":4},{"damage":8,"enemies":"Chosen","floor":21,"turns":3},{"damage":3,"enemies":"Snecko","floor":22,"turns":2},{"damage":17,"enemies":"Slavers","floor":23,"turns":3},{"damage":1,"enemies":"Sentry and Sphere","floor":27,"turns":3},{"damage":0,"enemies":"Shelled Parasite and Fungi","floor":28,"turns":1},{"damage":1,"enemies":"Chosen and Byrds","floor":29,"turns":3},{"damage":9,"enemies":"Snake Plant","floor":31,"turns":3},{"damage":68,"enemies":"Champ","floor":33,"turns":9},{"damage":0,"enemies":"Orb Walker","floor":35,"turns":1},{"damage":33,"enemies":"2 Orb Walkers","floor":36,"turns":4},{"damage":24,"enemies":"3 Darklings","floor":38,"turns":4},{"damage":23,"enemies":"Giant Head","floor":40,"turns":3},{"damage":0,"enemies":"Reptomancer","floor":42,"turns":1},{"damage":15,"enemies":"4 Shapes","floor":45,"turns":1},{"damage":1,"enemies":"Nemesis","floor":47,"turns":1},{"damage":0,"enemies":"Jaw Worm Horde","floor":48,"turns":2},{"damage":71,"enemies":"Time Eater","floor":50,"turns":8},{"damage":7,"enemies":"Shield and Spear","floor":54,"turns":2},{"damage":110,"enemies":"The Heart","floor":55,"turns":9}],"seed_played":"-1857756685942805033","potions_obtained":[{"floor":5,"key":"EntropicBrew"},{"floor":6,"key":"FearPotion"},{"floor":12,"key":"Dexterity Potion"},{"floor":16,"key":"Fire Potion"},{"floor":18,"key":"BloodPotion"},{"floor":22,"key":"Block Potion"},{"floor":23,"key":"Weak Potion"},{"floor":36,"key":"Energy Potion"},{"floor":54,"key":"Block Potion"}],"is_trial":false,"path_per_floor":["M","?","?","?","M","E","R","M","T","E","R","E","T","M","R","B",null,"M","?","?","M","M","E","?","R","T","M","M","M","$","M","R","B",null,"M","?","?","M","$","E","R","E","T","?","M","?","E","M","R","B",null,"R","$","E","B"],"character_chosen":"IRONCLAD","items_purchased":["Sling","Armaments","Bludgeon","Toy Ornithopter","Paper Frog","Orrery","Lantern","Limit Break","Weak Potion"],"campfire_rested":0,"item_purchase_floors":[0,0,0,0,30,30,39,53,53],"current_hp_per_floor":[40,40,40,40,50,22,22,17,17,29,29,22,22,15,15,16,80,76,76,64,62,65,54,54,54,54,59,72,77,77,77,77,20,80,80,63,63,45,45,28,28,34,34,70,61,61,66,70,70,25,70,70,70,70,0,0],"gold":26,"neow_bonus":"","is_daily":false,"chose_seed":false,"campfire_upgraded":7,"win_rate":0.0,"timestamp":1608988604,"path_taken":["M","?","?","?","M","E","R","M","T","E","R","E","?","M","R","BOSS","M","?","?","?","?","E","?","R","T","M","M","M","$","M","R","BOSS","M","?","?","?","$","E","R","E","T","?","M","?","E","M","R","BOSS","R","$","E","BOSS"],"items_purchased_type":["Relic","Card","Card","Relic","Relic","Relic","Relic","Card","Potion"],"build_version":"2020-12-22","purchased_purges":3,"victory":false,"max_hp_per_floor":[80,80,80,80,80,80,80,80,80,80,80,80,80,80,80,80,80,80,80,80,80,80,80,80,80,80,80,80,80,80,80,80,80,80,80,80,80,80,80,80,80,80,80,70,70,70,70,70,70,70,70,70,70,70,70,70],"card_choices":[{"not_picked":["Pommel Strike","Reckless Charge"],"picked":"Cleave","floor":1},{"not_picked":["Uppercut","Headbutt"],"picked":"Clash","floor":5},{"not_picked":["Combust","Wild Strike"],"picked":"Exhume","floor":6},{"not_picked":["Thunderclap","Sentinel"],"picked":"Flex","floor":8},{"not_picked":["Sword Boomerang","Immolate"],"picked":"Infernal Blade","floor":10},{"not_picked":["Juggernaut","Headbutt"],"picked":"Anger","floor":12},{"not_picked":["Twin Strike","Iron Wave"],"picked":"Flex","floor":14},{"not_picked":["Offering","Juggernaut"],"picked":"Reaper","floor":16},{"not_picked":["Pommel Strike","Body Slam+1"],"picked":"Hemokinesis+1","floor":18},{"not_picked":["Burning Pact","Sword Boomerang+1"],"picked":"Heavy Blade","floor":21},{"not_picked":["Havoc","Anger"],"picked":"Dropkick+1","floor":22},{"not_picked":["Pommel Strike","Dark Embrace+1"],"picked":"Seeing Red+1","floor":23},{"not_picked":["Blood for Blood","Intimidate"],"picked":"Sword Boomerang","floor":27},{"not_picked":["Warcry+1","Intimidate"],"picked":"Twin Strike","floor":28},{"not_picked":["Sword Boomerang","Cleave+1","Carnage"],"picked":"SKIP","floor":29},{"not_picked":["Flame Barrier","Exhume"],"picked":"Anger+1","floor":30},{"not_picked":["Whirlwind","Body Slam"],"picked":"Pummel","floor":30},{"not_picked":["Rage+1","True Grit"],"picked":"Flex","floor":30},{"not_picked":["Iron Wave","True Grit"],"picked":"Spot Weakness","floor":30},{"not_picked":["Perfected Strike","Dark Embrace","Wild Strike"],"picked":"SKIP","floor":31},{"not_picked":["Fiend Fire","Berserk"],"picked":"Impervious","floor":33},{"not_picked":["Clash","Reckless Charge+1"],"picked":"Thunderclap","floor":35},{"not_picked":["Disarm+1","Entrench+1"],"picked":"Anger+1","floor":36},{"not_picked":["Ghostly Armor","Clash","Pummel+1"],"picked":"SKIP","floor":38},{"not_picked":["Intimidate+1","Evolve"],"picked":"Infernal Blade+1","floor":40},{"not_picked":["Headbutt","Havoc","Pummel+1"],"picked":"SKIP","floor":42},{"not_picked":["Disarm+1","Clash+1","Second Wind+1"],"picked":"SKIP","floor":45},{"not_picked":["Shrug It Off","Feed","Iron Wave+1"],"picked":"SKIP","floor":47},{"not_picked":["Battle Trance","Dark Embrace"],"picked":"Flex+1","floor":48},{"not_picked":["Hemokinesis","Sword Boomerang","Flame Barrier"],"picked":"SKIP","floor":54}],"player_experience":123971,"relics_obtained":[{"floor":6,"key":"Bag of Marbles"},{"floor":9,"key":"Mercury Hourglass"},{"floor":10,"key":"Kunai"},{"floor":12,"key":"Boot"},{"floor":20,"key":"Enchiridion"},{"floor":23,"key":"Bag of Preparation"},{"floor":26,"key":"HornCleat"},{"floor":36,"key":"Dead Branch"},{"floor":40,"key":"FossilizedHelix"},{"floor":42,"key":"Nunchaku"},{"floor":43,"key":"InkBottle"},{"floor":47,"key":"Self Forming Clay"},{"floor":54,"key":"Art of War"}],"event_choices":[{"damage_healed":0,"gold_gain":175,"player_choice":"AGREE","damage_taken":0,"max_hp_gain":0,"max_hp_loss":0,"event_name":"Liars Game","floor":2,"gold_loss":0,"cards_obtained":["Doubt"]},{"cards_removed":["Doubt"],"damage_healed":0,"gold_gain":0,"player_choice":"Forget","damage_taken":0,"max_hp_gain":0,"max_hp_loss":0,"event_name":"Living Wall","floor":3,"gold_loss":0},{"damage_healed":0,"gold_gain":0,"player_choice":"Box","damage_taken":0,"relics_obtained":["Pocketwatch"],"max_hp_gain":0,"max_hp_loss":0,"event_name":"Big Fish","floor":4,"gold_loss":0,"cards_obtained":["Regret"]},{"damage_healed":0,"gold_gain":0,"player_choice":"Read","damage_taken":0,"max_hp_gain":0,"max_hp_loss":0,"event_name":"The Library","floor":19,"gold_loss":0,"cards_obtained":["Heavy Blade"]},{"damage_healed":0,"gold_gain":0,"player_choice":"Obtained Book","damage_taken":16,"max_hp_gain":0,"max_hp_loss":0,"event_name":"Cursed Tome","floor":20,"gold_loss":0},{"cards_removed":["Regret"],"damage_healed":0,"gold_gain":0,"player_choice":"Elegance","damage_taken":0,"max_hp_gain":0,"max_hp_loss":0,"event_name":"Back to Basics","floor":24,"gold_loss":0},{"damage_healed":0,"gold_gain":0,"player_choice":"Fight","damage_taken":0,"max_hp_gain":0,"max_hp_loss":0,"event_name":"Mysterious Sphere","floor":36,"gold_loss":0},{"damage_healed":0,"gold_gain":0,"player_choice":"Upgraded","damage_taken":0,"max_hp_gain":0,"max_hp_loss":0,"event_name":"Upgrade Shrine","floor":37,"gold_loss":0,"cards_upgraded":["Exhume"]},{"damage_healed":70,"gold_gain":0,"player_choice":"Heal","damage_taken":0,"max_hp_gain":0,"max_hp_loss":10,"event_name":"The Moai Head","floor":44,"gold_loss":0},{"cards_removed":["Anger"],"damage_healed":0,"gold_gain":0,"player_choice":"Removed Attack","damage_taken":0,"max_hp_gain":0,"max_hp_loss":0,"event_name":"Falling","floor":46,"gold_loss":0}],"is_beta":false,"boss_relics":[{"not_picked":["Sozu","Velvet Choker"],"picked":"SlaversCollar"},{"not_picked":["Runic Dome","Coffee Dripper"],"picked":"Empty Cage"}],"items_purged_floors":[0,30,39],"is_endless":false,"potions_floor_spawned":[5,6,12,16,18,22,23,27,36,38,45,47,54],"killed_by":"The Heart","ascension_level":3}}