{"host":"hu38hxukylnnynm2","time":1608950040,"event":{"mods":["AchievementEnabler","BaseMod","Card Forge","Colored Powertips","DNKmod","DeckTracker","Friendly Minions","Highlight Path","Minty Spire (QoL Compilation)","Spicy Shops","StSLib"],"gold_per_floor":[1014,1189,1189,1203,1203,290,318,318,342,359,379,409,419,434,434,531,531,542,542,89,89,101,136,136,169,169,25,57,57,57,57,57,162,162,173,188,239,239,0,34,47,76,76,91,118,118,128,154,154,154,154,154,7,41,41],"floor_reached":56,"playtime":2165,"items_purged":[],"score":1795,"play_id":"3c0f9735-449d-4df9-a4bd-ad5b7e54bbb1","local_time":"20201225213400","is_ascension_mode":true,"campfire_choices":[{"floor":8,"key":"RECALL"},{"floor":15,"key":"REST"},{"floor":24,"key":"REST"},{"floor":30,"key":"REST"},{"floor":32,"key":"REST"},{"data":"Searing Blow+6","floor":49,"key":"SMITH"},{"data":"Searing Blow+7","floor":52,"key":"SMITH"}],"circlet_count":0,"master_deck":["Strike_R+1","Strike_R+1","Strike_R+1","Strike_R+1","Strike_R+1","Defend_R+1","Defend_R+1","Defend_R+1","Defend_R+1","Bash+1","Perfected Strike+1","Mayhem+1","Panache+1","Mayhem+1","Panache+1","Mayhem+1","Panache+1","Mayhem+1","Panache+1","Mayhem+1","Panache+1","Shrug It Off+1","Twin Strike+1","Thunderclap+1","Intimidate+1","Corruption+1","Heavy Blade+1","Demon Form+1","Power Through+1","Inflame+1","Flame Barrier+1","Clothesline+1","Battle Trance+1","Demon Form+1","Impervious+1","Headbutt+1","Carnage+1","Heavy Blade+1","Cleave+1","Disarm+1","Pommel Strike+1","Ghostly Armor+1","Limit Break+1","Searing Blow+17","Impervious+1","Inflame+1"],"relics":["Burning Blood","Hammer of Thor","Seething Fire","Anvil of the Gods","WarpedTongs","Bird Faced Urn","White Beast Statue","Vajra","Letter Opener","Singing Bowl","Anchor","PreservedInsect","Whetstone","Cursed Key","StoneCalendar","Akabeko","Peace Pipe","StrikeDummy","Tiny Chest","Bronze Scales","Juzu Bracelet","Pocketwatch","Pantograph","Red Mask","Red Skull","Gremlin Horn","Blood Vial","Strawberry","InkBottle","Nunchaku","Centennial Puzzle"],"acts_visited":["TheCity","TheBeyond","TheEnding"],"potions_floor_usage":[16,16,23,33,33,40,48,48,50,55],"damage_taken":[{"damage":0,"enemies":"2 Louse","floor":1,"turns":3},{"damage":4,"enemies":"Jaw Worm","floor":4,"turns":2},{"damage":4,"enemies":"3 Sentries","floor":7,"turns":3},{"damage":0,"enemies":"Cultist","floor":10,"turns":2},{"damage":0,"enemies":"Blue Slaver","floor":11,"turns":1},{"damage":7,"enemies":"Gremlin Nob","floor":12,"turns":3},{"damage":0,"enemies":"Exordium Wildlife","floor":13,"turns":2},{"damage":0,"enemies":"Exordium Thugs","floor":14,"turns":2},{"damage":19,"enemies":"The Guardian","floor":16,"turns":4},{"damage":0,"enemies":"Chosen","floor":18,"turns":4},{"damage":3,"enemies":"Spheric Guardian","floor":22,"turns":3},{"damage":4,"enemies":"Slavers","floor":23,"turns":2},{"damage":13,"enemies":"Gremlin Leader","floor":25,"turns":3},{"damage":15,"enemies":"Book of Stabbing","floor":28,"turns":3},{"damage":24,"enemies":"Automaton","floor":33,"turns":5},{"damage":0,"enemies":"Orb Walker","floor":35,"turns":3},{"damage":9,"enemies":"3 Shapes","floor":36,"turns":2},{"damage":12,"enemies":"2 Orb Walkers","floor":37,"turns":2},{"damage":45,"enemies":"Nemesis","floor":40,"turns":5},{"damage":10,"enemies":"Maw","floor":41,"turns":4},{"damage":9,"enemies":"Giant Head","floor":42,"turns":5},{"damage":10,"enemies":"Sphere and 2 Shapes","floor":44,"turns":3},{"damage":0,"enemies":"Reptomancer","floor":45,"turns":3},{"damage":12,"enemies":"Spire Growth","floor":47,"turns":3},{"damage":1,"enemies":"Nemesis","floor":48,"turns":3},{"damage":17,"enemies":"Time Eater","floor":50,"turns":5},{"damage":7,"enemies":"Shield and Spear","floor":54,"turns":3},{"damage":70,"enemies":"The Heart","floor":55,"turns":5}],"seed_played":"-5486663814416889329","potions_obtained":[{"floor":7,"key":"Strength Potion"},{"floor":10,"key":"Fire Potion"},{"floor":11,"key":"Block Potion"},{"floor":13,"key":"AttackPotion"},{"floor":16,"key":"SpeedPotion"},{"floor":18,"key":"LiquidMemories"},{"floor":23,"key":"ColorlessPotion"},{"floor":33,"key":"Block Potion"},{"floor":35,"key":"Ancient Potion"},{"floor":36,"key":"Block Potion"},{"floor":40,"key":"BlessingOfTheForge"},{"floor":41,"key":"ColorlessPotion"},{"floor":48,"key":"ElixirPotion"},{"floor":54,"key":"Dexterity Potion"}],"is_trial":false,"path_per_floor":["M","?","?","M","?","$","E","R","T","M","M","E","M","M","R","B",null,"M","?","$","?","M","E","R","E","T","$","E","?","R","?","R","B",null,"M","M","?","T","?","E","M","E","T","M","E","$","M","E","R","B",null,"R","$","E","B",null],"character_chosen":"IRONCLAD","items_purchased":["White Beast Statue","Vajra","Letter Opener","Singing Bowl","StoneCalendar","Akabeko","Bronze Scales","Nunchaku"],"campfire_rested":4,"item_purchase_floors":[6,6,6,6,20,20,27,53],"current_hp_per_floor":[110,110,110,110,98,98,110,110,110,110,110,112,112,112,112,103,110,112,112,112,112,112,112,112,107,107,107,107,107,112,103,112,110,112,112,112,112,112,112,87,107,112,112,112,119,119,113,119,119,116,118,118,118,119,62],"gold":41,"neow_bonus":"TEN_PERCENT_HP_BONUS","is_daily":false,"chose_seed":false,"campfire_upgraded":2,"win_rate":0.0,"timestamp":1608950040,"path_taken":["M","?","?","?","?","?","E","R","T","?","M","E","M","M","R","BOSS","M","?","?","?","M","E","R","E","T","$","E","?","R","?","R","BOSS","M","M","?","?","?","E","M","E","T","M","E","$","M","E","R","BOSS","R","$","E","BOSS"],"items_purchased_type":["Relic","Relic","Relic","Relic","Relic","Relic","Relic","Relic"],"build_version":"2020-12-22","purchased_purges":0,"victory":true,"max_hp_per_floor":[110,110,110,110,110,110,110,110,110,110,110,112,112,112,112,112,112,112,112,112,112,112,112,112,112,112,112,112,112,112,112,112,112,112,112,112,112,112,112,112,112,112,112,112,119,119,119,119,119,119,119,119,119,119,119],"card_choices":[{"not_picked":["Clothesline","Carnage"],"picked":"Perfected Strike","floor":1},{"not_picked":["Clash","Hemokinesis"],"picked":"Shrug It Off","floor":4},{"not_picked":["Flex","Armaments"],"picked":"Twin Strike","floor":7},{"not_picked":["Warcry","Clash"],"picked":"Thunderclap","floor":10},{"not_picked":["Iron Wave","Warcry"],"picked":"Intimidate","floor":11},{"not_picked":["Shrug It Off","Havoc","Thunderclap"],"picked":"Singing Bowl","floor":12},{"not_picked":["Body Slam","Fire Breathing"],"picked":"Corruption","floor":13},{"not_picked":["Havoc","Anger"],"picked":"Heavy Blade","floor":14},{"not_picked":["Fiend Fire","Corruption"],"picked":"Demon Form","floor":16},{"not_picked":["Twin Strike","Anger"],"picked":"Power Through+1","floor":18},{"not_picked":["Battle Trance","Iron Wave"],"picked":"Inflame","floor":22},{"not_picked":["Havoc","Reckless Charge"],"picked":"Flame Barrier","floor":23},{"not_picked":["Fiend Fire","Whirlwind"],"picked":"Clothesline+1","floor":25},{"not_picked":["Anger","Intimidate"],"picked":"Battle Trance","floor":28},{"not_picked":["Bludgeon","Brutality"],"picked":"Impervious","floor":33},{"not_picked":["Sword Boomerang","Flex+1"],"picked":"Headbutt+1","floor":35},{"not_picked":["Uppercut","Thunderclap"],"picked":"Carnage+1","floor":36},{"not_picked":["Armaments","Entrench+1"],"picked":"Heavy Blade+1","floor":37},{"not_picked":["Pummel+1","Second Wind+1"],"picked":"Cleave+1","floor":40},{"not_picked":["Second Wind","Fire Breathing+1"],"picked":"Disarm","floor":41},{"not_picked":["Blood for Blood","Sword Boomerang"],"picked":"Pommel Strike","floor":42},{"not_picked":["Evolve+1","Bloodletting"],"picked":"Ghostly Armor+1","floor":44},{"not_picked":["Iron Wave+1","Flame Barrier+1"],"picked":"Limit Break","floor":45},{"not_picked":["Second Wind","Clothesline"],"picked":"Searing Blow+1","floor":47},{"not_picked":["Sentinel+1","Cleave"],"picked":"Impervious","floor":48},{"not_picked":["Cleave","Sever Soul"],"picked":"Inflame+1","floor":54}],"player_experience":510937,"relics_obtained":[{"floor":7,"key":"Anchor"},{"floor":9,"key":"PreservedInsect"},{"floor":12,"key":"Whetstone"},{"floor":23,"key":"StrikeDummy"},{"floor":25,"key":"Tiny Chest"},{"floor":28,"key":"Juzu Bracelet"},{"floor":37,"key":"Pocketwatch"},{"floor":38,"key":"Pantograph"},{"floor":40,"key":"Red Skull"},{"floor":42,"key":"Gremlin Horn"},{"floor":43,"key":"Blood Vial"},{"floor":45,"key":"Strawberry"},{"floor":48,"key":"InkBottle"},{"floor":54,"key":"Centennial Puzzle"}],"event_choices":[{"damage_healed":0,"gold_gain":175,"player_choice":"AGREE","damage_taken":0,"max_hp_gain":0,"max_hp_loss":0,"event_name":"Liars Game","floor":2,"gold_loss":0,"cards_obtained":["Doubt"]},{"damage_healed":0,"gold_gain":0,"player_choice":"Rummage","damage_taken":0,"relics_obtained":["WarpedTongs"],"max_hp_gain":0,"max_hp_loss":0,"event_name":"Accursed Blacksmith","floor":3,"gold_loss":0,"cards_obtained":["Pain"]},{"damage_healed":0,"gold_gain":0,"player_choice":"Success","damage_taken":12,"relics_obtained":["Bird Faced Urn"],"max_hp_gain":0,"max_hp_loss":0,"event_name":"Scrap Ooze","floor":5,"gold_loss":0},{"damage_healed":0,"gold_gain":0,"player_choice":"Ignored","damage_taken":0,"max_hp_gain":0,"max_hp_loss":0,"event_name":"Purifier","floor":19,"gold_loss":0},{"damage_healed":0,"gold_gain":0,"player_choice":"Stole Relic","damage_taken":0,"relics_obtained":["Peace Pipe"],"max_hp_gain":0,"max_hp_loss":0,"event_name":"Addict","floor":21,"gold_loss":0,"cards_obtained":["Shame"]},{"damage_healed":0,"gold_gain":0,"player_choice":"Copied","damage_taken":0,"max_hp_gain":0,"max_hp_loss":0,"event_name":"Duplicator","floor":29,"gold_loss":0,"cards_obtained":["Demon Form"]},{"damage_healed":0,"gold_gain":0,"player_choice":"Stopped","damage_taken":9,"max_hp_gain":0,"max_hp_loss":0,"event_name":"Cursed Tome","floor":31,"gold_loss":0},{"damage_healed":0,"gold_gain":0,"player_choice":"Fight","damage_taken":0,"max_hp_gain":0,"max_hp_loss":0,"event_name":"Mysterious Sphere","floor":37,"gold_loss":0},{"damage_healed":0,"gold_gain":0,"player_choice":"Paid","damage_taken":0,"relics_obtained":["Red Mask"],"max_hp_gain":0,"max_hp_loss":0,"event_name":"Tomb of Lord Red Mask","floor":39,"gold_loss":239}],"is_beta":false,"boss_relics":[{"not_picked":["Coffee Dripper","Snecko Eye"],"picked":"Cursed Key"},{"not_picked":["Empty Cage","Velvet Choker","Sozu"]}],"items_purged_floors":[],"is_endless":false,"potions_floor_spawned":[7,10,11,12,13,14,16,18,22,23,25,28,33,35,36,37,40,41,42,44,45,47,48,54],"ascension_level":5}}