{"host":"867cnhxguf2bzj4x","time":1608978191,"event":{"mods":["BaseMod","Downfall","GifTheSpireLib","Minty Spire (QoL Compilation)","StSLib"],"gold_per_floor":[113,132,145,159,234,266,266,266,291,301,320,320,75,42,42,42,42],"floor_reached":16,"playtime":438,"items_purged":["Defend_R"],"score":109,"play_id":"b12d344f-8161-4112-892f-89e9021b9058","local_time":"20201226112311","is_ascension_mode":true,"campfire_choices":[{"floor":7,"key":"REST"},{"floor":15,"key":"REST"}],"circlet_count":0,"master_deck":["Strike_R","Strike_R","Strike_R","Strike_R","Defend_R","Defend_R","Defend_R","Bash","Offering","Shrug It Off","Armaments","Seeing Red","Apotheosis"],"relics":["Burning Blood","Omamori","Centennial Puzzle","CultistMask"],"acts_visited":["Exordium"],"potions_floor_usage":[16,16],"damage_taken":[{"damage":1,"enemies":"Cultist","floor":1,"turns":3},{"damage":8,"enemies":"2 Louse","floor":2,"turns":2},{"damage":9,"enemies":"Jaw Worm","floor":3,"turns":3},{"damage":5,"enemies":"Large Slime","floor":4,"turns":6},{"damage":54,"enemies":"Gremlin Nob","floor":6,"turns":5},{"damage":8,"enemies":"Red Slaver","floor":10,"turns":4},{"damage":17,"enemies":"Looter","floor":11,"turns":4},{"damage":12,"enemies":"Exordium Thugs","floor":14,"turns":5},{"damage":41,"enemies":"The Guardian","floor":16,"turns":6}],"seed_played":"-4861282913416127916","potions_obtained":[{"floor":3,"key":"Dexterity Potion"},{"floor":4,"key":"Swift Potion"},{"floor":10,"key":"Dexterity Potion"}],"is_trial":false,"path_per_floor":["M","M","M","M","?","E","R","?","T","M","M","?","$","M","R","B"],"character_chosen":"IRONCLAD","items_purchased":["Apotheosis"],"campfire_rested":2,"item_purchase_floors":[13],"current_hp_per_floor":[80,78,75,76,65,17,41,34,34,32,21,21,21,15,39,0,0],"gold":42,"neow_bonus":"ONE_RANDOM_RARE_CARD","is_daily":false,"chose_seed":false,"campfire_upgraded":0,"win_rate":0.0,"timestamp":1608978191,"path_taken":["M","M","?","M","?","E","R","?","T","M","M","?","$","M","R","BOSS"],"items_purchased_type":["Card"],"build_version":"2020-12-22","purchased_purges":1,"victory":false,"max_hp_per_floor":[80,80,80,80,80,80,80,80,80,80,80,80,80,80,80,80,80],"card_choices":[{"not_picked":["Ghostly Armor","True Grit"],"picked":"Shrug It Off","floor":1},{"not_picked":["Infernal Blade","Clash"],"picked":"Armaments","floor":2},{"not_picked":["True Grit","Clash","Flex"],"picked":"SKIP","floor":3},{"not_picked":["Entrench","Twin Strike","Iron Wave"],"picked":"SKIP","floor":4},{"not_picked":["Barricade","Shrug It Off","Twin Strike"],"picked":"SKIP","floor":6},{"not_picked":["Shrug It Off","Headbutt","Perfected Strike"],"picked":"SKIP","floor":10},{"not_picked":["Cleave","Whirlwind"],"picked":"Seeing Red","floor":11},{"not_picked":["Burning Pact","Rampage","Reckless Charge"],"picked":"SKIP","floor":14}],"player_experience":58033,"relics_obtained":[{"floor":6,"key":"Omamori"},{"floor":9,"key":"Centennial Puzzle"}],"event_choices":[{"damage_healed":0,"gold_gain":75,"player_choice":"Gather Gold","damage_taken":11,"max_hp_gain":0,"max_hp_loss":0,"event_name":"World of Goop","floor":5,"gold_loss":0},{"cards_removed":["Strike_R"],"damage_healed":0,"gold_gain":0,"player_choice":"Card Removal","damage_taken":7,"max_hp_gain":0,"max_hp_loss":0,"event_name":"Golden Wing","floor":8,"gold_loss":0},{"damage_healed":0,"gold_gain":0,"player_choice":"Trade","damage_taken":0,"relics_obtained":["CultistMask"],"max_hp_gain":0,"max_hp_loss":0,"event_name":"FaceTrader","floor":12,"gold_loss":0}],"is_beta":false,"boss_relics":[],"items_purged_floors":[13],"is_endless":false,"potions_floor_spawned":[3,4,10],"killed_by":"The Guardian","ascension_level":1}}