{"host":"f6tqpspb2ou2a4h5","time":1608960332,"event":{"mods":["2.2 Compatiblity","Ascension Unlocker","BaseMod","Colored Map","DeckTracker","Hermit","Highlight Path","KOR Keyword Fix","Keyboard Shortcuts","Minty Spire (QoL Compilation)","Permanent Neow","Quick Restart","Random Character Button","StSLib","SuperFastMode","The Poker Player","everything is the same but u backflip on backflip"],"gold_per_floor":[368,385,345,360,98,98,130,150,175,175,190,216,216,216,216,216,216],"floor_reached":16,"playtime":440,"items_purged":["Strike_G"],"score":270,"play_id":"5425c753-2d89-41f1-92c4-8de6e4c318c6","local_time":"20201226142532","is_ascension_mode":true,"campfire_choices":[{"floor":6.0,"key":"REST"},{"data":"Poisoned Stab","floor":10,"key":"SMITH"},{"data":"Footwork","floor":15,"key":"SMITH"}],"circlet_count":0,"master_deck":["AscendersBane","Strike_G","Strike_G","Strike_G","Defend_G","Defend_G","Defend_G","Defend_G","Defend_G","Survivor","Neutralize","Decay","Footwork+1","Quick Slash","Dash","Dagger Spray","Poisoned Stab+1","Slice","Dagger Spray"],"relics":["Ring of the Snake","PreservedInsect","Juzu Bracelet","Anchor","Boot"],"acts_visited":["Exordium"],"potions_floor_usage":[8,12,16],"damage_taken":[{"damage":6.0,"enemies":"Small Slimes","floor":1.0,"turns":4.0},{"damage":14.0,"enemies":"Cultist","floor":2.0,"turns":6.0},{"damage":3.0,"enemies":"2 Louse","floor":4.0,"turns":3.0},{"damage":0.0,"enemies":"Gremlin Nob","floor":7.0,"turns":3.0},{"damage":14,"enemies":"Exordium Wildlife","floor":8,"turns":5},{"damage":0,"enemies":"Looter","floor":11,"turns":3},{"damage":36,"enemies":"Lagavulin","floor":12,"turns":7},{"damage":28,"enemies":"Hexaghost","floor":16,"turns":8}],"seed_played":"-1595072352320866780","potions_obtained":[{"floor":2.0,"key":"BlessingOfTheForge"},{"floor":3.0,"key":"EntropicBrew"},{"floor":7.0,"key":"Fire Potion"}],"is_trial":false,"path_per_floor":["M","M","?","M","$","R","E","M","T","R","M","E","?","?","R","B"],"character_chosen":"THE_SILENT","items_purchased":["PreservedInsect","Dagger Spray"],"campfire_rested":1,"item_purchase_floors":[5,5],"current_hp_per_floor":[53,39,39,36,36,55,55,41,41,41,41,5,5,27,27,0,0],"gold":216,"neow_bonus":"TWO_FIFTY_GOLD","is_daily":false,"chose_seed":false,"campfire_upgraded":2,"win_rate":0.0,"timestamp":1608960332,"path_taken":["M","M","?","M","$","R","E","M","T","R","M","E","?","?","R","BOSS"],"items_purchased_type":["Relic","Card"],"build_version":"2020-12-22","purchased_purges":1,"victory":false,"max_hp_per_floor":[66,66,66,66,66,66,66,66,66,66,66,66,66,66,66,66,66],"card_choices":[{"not_picked":["Deadly Poison","Backstab"],"picked":"Footwork","floor":1.0},{"not_picked":["Bane","Setup"],"picked":"Quick Slash","floor":2.0},{"not_picked":["Predator","Choke"],"picked":"Dash","floor":4.0},{"not_picked":["Prepared","Riddle With Holes"],"picked":"Poisoned Stab","floor":7.0},{"not_picked":["Bane","Eviscerate"],"picked":"Slice","floor":8},{"not_picked":["Cloak And Dagger","Deadly Poison"],"picked":"Dagger Spray","floor":11},{"not_picked":["Deadly Poison","Predator","Infinite Blades"],"picked":"SKIP","floor":12}],"player_experience":62928,"relics_obtained":[{"floor":7.0,"key":"Juzu Bracelet"},{"floor":9,"key":"Anchor"},{"floor":12,"key":"Boot"}],"event_choices":[{"damage_healed":0.0,"max_hp_gain":0.0,"max_hp_loss":0.0,"gold_gain":0.0,"event_name":"The Woman in Blue","player_choice":"Bought 3 Potions","floor":3.0,"gold_loss":0.0,"damage_taken":0.0},{"cards_removed":["Strike_G"],"damage_healed":0,"gold_gain":0,"player_choice":"Forget","damage_taken":0,"max_hp_gain":0,"max_hp_loss":0,"event_name":"Living Wall","floor":13,"gold_loss":0},{"damage_healed":22,"gold_gain":0,"player_choice":"Banana","damage_taken":0,"max_hp_gain":0,"max_hp_loss":0,"event_name":"Big Fish","floor":14,"gold_loss":0}],"is_beta":false,"boss_relics":[],"items_purged_floors":[5],"is_endless":false,"potions_floor_spawned":[2,4,7],"killed_by":"Hexaghost","ascension_level":20}}