{"host":"0cgp910o8339lr91","time":1608958930,"event":{"mods":["BaseMod","Colored Map","Filter the Spire","Minty Spire (QoL Compilation)","Relic Stats","Slay-I","ojb\u0027s Better Paths Mod","ojb\u0027s Info Mod"],"gold_per_floor":[114,128,141,141,155,155,181,181,207,227,227,227,240,273,273,344,344,360,377,377,388,407,441,491,491,491],"floor_reached":25,"playtime":2663,"items_purged":[],"score":574,"play_id":"f233727d-07f5-48af-9c12-0a638532eace","local_time":"20201226060210","is_ascension_mode":true,"campfire_choices":[{"data":"Underhanded Strike","floor":6,"key":"SMITH"},{"data":"Neutralize","floor":8,"key":"SMITH"},{"data":"Backstab","floor":11,"key":"SMITH"},{"data":"Venomology","floor":15,"key":"SMITH"}],"circlet_count":0,"master_deck":["AscendersBane","Strike_G","Strike_G","Strike_G+1","Strike_G","Defend_G","Defend_G","Defend_G","Defend_G","Defend_G","Survivor","Neutralize+1","Prepared","Acrobatics","Heel Hook+1","Underhanded Strike+1","Backstab+1","Endless Agony","Tactician","Venomology+1","Night Terror","PiercingWail","Backflip"],"relics":["Runic Pyramid","Potion Belt","Toy Ornithopter","Bag of Marbles","Fusion Hammer","Tiny Chest"],"acts_visited":["Exordium","TheCity"],"potions_floor_usage":[7,14,14,18,18,19,20,20,21,23,23,25,25,25],"damage_taken":[{"damage":0.0,"enemies":"Small Slimes","floor":1.0,"turns":5.0},{"damage":0.0,"enemies":"Jaw Worm","floor":2.0,"turns":6.0},{"damage":3.0,"enemies":"Cultist","floor":3.0,"turns":4.0},{"damage":17,"enemies":"Lots of Slimes","floor":5,"turns":6},{"damage":2,"enemies":"Lagavulin","floor":7,"turns":7},{"damage":9,"enemies":"3 Louse","floor":10,"turns":7},{"damage":0,"enemies":"Large Slime","floor":13,"turns":4},{"damage":3,"enemies":"Gremlin Nob","floor":14,"turns":3},{"damage":0,"enemies":"The Guardian","floor":16,"turns":14},{"damage":30,"enemies":"2 Thieves","floor":18,"turns":4},{"damage":14,"enemies":"3 Byrds","floor":19,"turns":5},{"damage":0,"enemies":"Centurion and Healer","floor":20,"turns":1},{"damage":18,"enemies":"Snake Plant","floor":21,"turns":4},{"damage":4,"enemies":"3 Cultists","floor":22,"turns":5},{"damage":3,"enemies":"Book of Stabbing","floor":23,"turns":7},{"damage":56,"enemies":"Slavers","floor":25,"turns":9}],"seed_played":"-5250402681710324519","potions_obtained":[{"floor":1.0,"key":"PowerPotion"},{"floor":5,"key":"Weak Potion"},{"floor":7,"key":"CunningPotion"},{"floor":13,"key":"Ancient Potion"},{"floor":16,"key":"Fruit Juice"},{"floor":18,"key":"LiquidMemories"},{"floor":19,"key":"Poison Potion"}],"is_trial":false,"path_per_floor":["M","M","M","?","M","R","E","R","T","M","R","?","M","E","R","B",null,"M","M","M","M","M","E","?","E"],"character_chosen":"THE_SILENT","items_purchased":[],"campfire_rested":0,"item_purchase_floors":[],"current_hp_per_floor":[59,59,56,36,19,19,17,17,17,8,8,8,8,15,15,15,53,33,29,39,26,22,29,29,0,0],"gold":491,"neow_bonus":"BOSS_RELIC","is_daily":false,"chose_seed":false,"campfire_upgraded":4,"win_rate":0.0,"timestamp":1608958930,"path_taken":["M","M","M","?","M","R","E","R","T","M","R","?","M","E","R","BOSS","M","M","M","M","M","E","?","E"],"items_purchased_type":[],"build_version":"2020-12-22","purchased_purges":0,"victory":false,"max_hp_per_floor":[66,66,66,66,66,66,66,66,66,66,66,66,66,66,66,66,66,66,71,71,71,71,71,71,71,71],"relic_stats":{"counters":[16,91],"Tiny Chest":0,"obtain_stats":[{"Potion Belt":7,"Tiny Chest":23,"Fusion Hammer":17,"Bag of Marbles":14,"Toy Ornithopter":9,"Ring of the Snake":0,"Runic Pyramid":0},{"Potion Belt":5,"Tiny Chest":15,"Fusion Hammer":9,"Bag of Marbles":8,"Toy Ornithopter":5,"Ring of the Snake":0,"Runic Pyramid":0},{"Potion Belt":28,"Tiny Chest":82,"Fusion Hammer":56,"Bag of Marbles":42,"Toy Ornithopter":28,"Ring of the Snake":0,"Runic Pyramid":0}],"Toy Ornithopter":65},"card_choices":[{"not_picked":["Expertise","Bane"],"picked":"Prepared","floor":1.0},{"not_picked":["Setup","Deflect"],"picked":"Acrobatics","floor":2.0},{"not_picked":["Poisoned Stab","Deflect"],"picked":"Heel Hook","floor":3.0},{"not_picked":["Dagger Spray","Prepared"],"picked":"Underhanded Strike","floor":5},{"not_picked":["Bane","Phantasmal Killer","Sucker Punch"],"picked":"SKIP","floor":7},{"not_picked":["Catalyst","Setup"],"picked":"Backstab","floor":10},{"not_picked":["Dodge and Roll","Calculated Gamble"],"picked":"Tactician","floor":13},{"not_picked":["Dagger Spray","Finisher"],"picked":"Venomology","floor":14},{"not_picked":["Storm of Steel","Tools of the Trade"],"picked":"Night Terror","floor":16},{"not_picked":["Dagger Spray","Deadly Poison+1","Cloak And Dagger"],"picked":"SKIP","floor":18},{"not_picked":["Infinite Blades+1","Slice","Setup"],"picked":"SKIP","floor":19},{"not_picked":["Calculated Gamble","Backflip"],"picked":"PiercingWail","floor":21},{"not_picked":["Calculated Gamble","Deadly Poison"],"picked":"Backflip","floor":22},{"not_picked":["Sucker Punch","Underhanded Strike","Deflect"],"picked":"SKIP","floor":23}],"player_experience":1019384,"relics_obtained":[{"floor":7,"key":"Potion Belt"},{"floor":9,"key":"Toy Ornithopter"},{"floor":14,"key":"Bag of Marbles"},{"floor":23,"key":"Tiny Chest"}],"event_choices":[{"damage_healed":0.0,"max_hp_gain":0.0,"max_hp_loss":0.0,"gold_gain":0.0,"event_name":"Shining Light","player_choice":"Entered Light","floor":4.0,"gold_loss":0.0,"damage_taken":20.0,"cards_upgraded":["Heel Hook","Strike_G"]},{"damage_healed":0,"gold_gain":0,"cards_transformed":["Strike_G"],"player_choice":"Change","damage_taken":0,"max_hp_gain":0,"max_hp_loss":0,"event_name":"Living Wall","floor":12,"gold_loss":0,"cards_obtained":["Endless Agony"]},{"damage_healed":0,"gold_gain":50,"player_choice":"Stole From Cult","damage_taken":0,"max_hp_gain":0,"max_hp_loss":0,"event_name":"Nest","floor":24,"gold_loss":0}],"is_beta":false,"boss_relics":[{"not_picked":["Sozu","Philosopher\u0027s Stone"],"picked":"Fusion Hammer"}],"items_purged_floors":[],"is_endless":false,"potions_floor_spawned":[1,5,7,13,16,18,19],"killed_by":"Slavers","ascension_level":20}}