{"host":"d6ni0fvdmr494qs7","time":1608991922,"event":{"mods":["ATMod(阿瑾Mod)","BaseMod","Colored Powertips","Minty Spire (QoL Compilation)","Replay The Spire","Spicy Shops","StSLib","The Blue Laboratory","WarShipGirlsR/战舰少女R mod","【遗物卡牌】REMEMod"],"gold_per_floor":[115,115,129,304,79,79,106,106,130,130,157,171,232,4,4,4,4],"floor_reached":16,"playtime":909,"items_purged":["Doubt","rmod:strick"],"score":131,"play_id":"9ea33e7c-3f14-4615-9929-eef8b6da0722","local_time":"20201226221202","is_ascension_mode":false,"campfire_choices":[{"data":"AT_FamilyPortrait","floor":6,"key":"SMITH"},{"data":"rmod:circuitoustactics","floor":8,"key":"SMITH"},{"data":"rmod:basicallowance","floor":10,"key":"SMITH"},{"data":"rmod:expeditionaryescort","floor":15,"key":"SMITH"}],"circlet_count":0,"master_deck":["rmod:strick","rmod:strick","rmod:strick","rmod:defend","rmod:defend","rmod:defend","rmod:defend","rmod:basicallowance+1","rmod:maingunfire","AT_FamilyPortrait+1","rmod:launchingtorpedo","rmod:supportescort+1","rmod:circuitoustactics+1","rmod:diaomin","rmod:wife","rmod:expeditionaryescort+1"],"relics":["rmod:firstchargereward","REME_ComplimentaryCards","AT_ATBox","NeowsBlessing","Gambling Chip","Gremlin Food","Blood Vial","Mercury Hourglass","Strange Spoon","Lantern"],"acts_visited":["Exordium"],"potions_floor_usage":[11,11,13,16],"damage_taken":[{"damage":0,"enemies":"Small Slimes","floor":1,"turns":1},{"damage":0,"enemies":"Cultist","floor":3,"turns":1},{"damage":0,"enemies":"Gremlin Nob","floor":7,"turns":1},{"damage":12,"enemies":"Lagavulin","floor":11,"turns":7},{"damage":0,"enemies":"2 Louse","floor":12,"turns":2},{"damage":18,"enemies":"Gremlin Nob","floor":13,"turns":3},{"damage":150,"enemies":"Fading Forest","floor":16,"turns":3}],"seed_played":"7824159076654556894","potions_obtained":[{"floor":1,"key":"blueLaboratory:FrostheartPotion"},{"floor":2,"key":"blueLaboratory:ImpenetrablePotion"},{"floor":2,"key":"PowerPotion"},{"floor":11,"key":"Cursed Concoction"},{"floor":12,"key":"AttackPotion"}],"is_trial":false,"path_per_floor":["M","?","M","?","$","R","E","R","T","R","E","M","?","$","R","B"],"character_chosen":"PRAEFECT","items_purchased":["rmod:supportescort+1","Strange Spoon","Lantern"],"campfire_rested":0,"item_purchase_floors":[5,14,14],"current_hp_per_floor":[75,75,75,75,75,75,75,75,75,75,63,65,49,49,49,0,0],"gold":4,"neow_bonus":"THREE_ENEMY_KILL","is_daily":false,"chose_seed":false,"campfire_upgraded":4,"win_rate":0.0,"timestamp":1608991922,"path_taken":["M","?","?","?","$","R","E","R","T","R","E","M","?","$","R","BOSS"],"items_purchased_type":["Card","Relic","Relic"],"build_version":"2020-12-22","purchased_purges":2,"victory":false,"max_hp_per_floor":[75,75,75,75,75,75,75,75,75,75,75,75,75,75,75,75,75],"card_choices":[{"not_picked":["rmod:gendarmerie","rmod:generalist","rmod:smokecover"],"picked":"SKIP","floor":1},{"not_picked":["rmod:heivgo","rmod:guardianhero"],"picked":"rmod:launchingtorpedo","floor":3},{"not_picked":["rmod:slowdown","rmod:aggressivemary"],"picked":"rmod:circuitoustactics","floor":7},{"not_picked":["rmod:firesupport","rmod:fletcherpendant"],"picked":"rmod:diaomin","floor":11},{"not_picked":["rmod:luckystar","rmod:spoils"],"picked":"rmod:wife","floor":12},{"not_picked":["rmod:fletcherpendant","rmod:luckystar"],"picked":"rmod:expeditionaryescort","floor":13}],"player_experience":170877,"relics_obtained":[{"floor":7,"key":"Gambling Chip"},{"floor":9,"key":"Gremlin Food"},{"floor":11,"key":"Blood Vial"},{"floor":13,"key":"Mercury Hourglass"}],"event_choices":[{"damage_healed":0,"gold_gain":0,"player_choice":"Got Potions","damage_taken":0,"max_hp_gain":0,"max_hp_loss":0,"event_name":"Lab","floor":2,"gold_loss":0},{"damage_healed":0,"gold_gain":175,"player_choice":"AGREE","damage_taken":0,"max_hp_gain":0,"max_hp_loss":0,"event_name":"Liars Game","floor":4,"gold_loss":0,"cards_obtained":["Doubt"]},{"damage_healed":0,"gold_gain":0,"player_choice":"Searched \u00271\u0027 times","damage_taken":0,"max_hp_gain":0,"max_hp_loss":0,"event_name":"Dead Adventurer","floor":13,"gold_loss":0}],"is_beta":false,"boss_relics":[],"items_purged_floors":[5,5],"is_endless":false,"potions_floor_spawned":[1,3,11,12],"killed_by":"Fading Forest","ascension_level":0}}