{"host":"ymw71f7rc9ndansy","time":1608992307,"event":{"mods":["ATMod(°¢èªMod)","Act Like it!","Aspiration","BaseMod","DeckTracker","Hubris","Library of Ruina","Library of Ruina Extra","Minty Spire (QoL Compilation)","MostiFishMod","Remove Card Discount Mod","Replay The Spire","StSLib","TestMod","¡¾ÒÅÎï¿¨ÅÆ¡¿REMEMod"],"gold_per_floor":[120,138,43,59,74,106,116,132,155,155,175,250,250,261,261,335,335,346,185,105,115,129,160,160,195,221,221,221,221,236,268,268,340,340,350,346,356,78,91,91,91],"floor_reached":40,"playtime":801,"items_purged":["LightAttack","LightAttack","LightAttack","Dodge","FocusedStrikes","ChargeAndCover","LightDefense","LightDefense"],"score":1250,"play_id":"f3d6219b-8b21-4641-89a6-66eb330912af","local_time":"20201226221827","is_ascension_mode":true,"campfire_choices":[{"data":"AT_BodySlamDance","floor":10,"key":"SMITH"},{"data":"CombatPreparation","floor":13,"key":"SMITH"},{"data":"testmod-FightingIntention","floor":15,"key":"SMITH"},{"data":"ToWhereThePrescriptPoints","floor":24,"key":"SMITH"},{"data":"TheRedNotes","floor":27,"key":"SMITH"},{"data":"Commandeering","floor":29,"key":"SMITH"},{"data":"LeRegole","floor":32,"key":"SMITH"}],"circlet_count":0,"master_deck":["AscendersBane","LightDefense","LightDefense","AT_BodySlamDance+1","WillOfThePrescript","CombatPreparation+1","Multislash","TheRedNotes+1","Commandeering+1","FrontalAssault","PreparedMind","TrashDisposal","IronWall","ToWhereThePrescriptPoints+1","LeRegole+1"],"relics":["PageOfLibrarian","testmod-TestBox","DaveBox","REME_ComplimentaryCards","AT_ATBox","SentryEyes","testmod-EqualTreatment","SynthV:TestCard","PageOfTheSilentOrchestra","Sozu","AT_ChloranthyRing","testmod-Antiphasic","PageOfSingingMachine","hubris:TenFootPole","aspiration:HummingbirdHeart","AT_TrinityForce","hubris:CrystalStatue"],"acts_visited":["Exordium","TheCity","TheBeyond"],"potions_floor_usage":[],"damage_taken":[{"damage":0,"enemies":"Cultist","floor":1,"turns":2},{"damage":7,"enemies":"Jaw Worm","floor":2,"turns":2},{"damage":0,"enemies":"Small Slimes","floor":4,"turns":2},{"damage":0,"enemies":"2 Fungi Beasts","floor":5,"turns":2},{"damage":0,"enemies":"3 Sentries","floor":6,"turns":2},{"damage":0,"enemies":"Lots of Slimes","floor":7,"turns":1},{"damage":0,"enemies":"Large Slime","floor":8,"turns":3},{"damage":0,"enemies":"3 Louse","floor":11,"turns":1},{"damage":0,"enemies":"Red Slaver","floor":14,"turns":3},{"damage":0,"enemies":"Hexaghost","floor":16,"turns":9},{"damage":0,"enemies":"3 Byrds","floor":18,"turns":2},{"damage":0,"enemies":"Chosen","floor":21,"turns":2},{"damage":0,"enemies":"Snake Plant","floor":22,"turns":1},{"damage":4,"enemies":"Slavers","floor":23,"turns":2},{"damage":6,"enemies":"REME_1_Revenger","floor":25,"turns":3},{"damage":0,"enemies":"Centurion and Healer","floor":30,"turns":1},{"damage":3,"enemies":"Book of Stabbing","floor":31,"turns":3},{"damage":0,"enemies":"RedHoodMercenary","floor":33,"turns":4},{"damage":1,"enemies":"3 Shapes","floor":35,"turns":2},{"damage":0,"enemies":"Orb Walker","floor":37,"turns":1},{"damage":0,"enemies":"4 Shapes","floor":39,"turns":1},{"damage":0,"enemies":"R_Hoarder","floor":40,"turns":1}],"seed_played":"5439054607852660577","potions_obtained":[{"floor":1,"key":"LifebloodPotion"},{"floor":4,"key":"ColorlessPotion"}],"is_trial":false,"path_per_floor":["M","M","$","M","M","E","M","M","T","R","M","?","R","M","R","B",null,"M","$","?","M","M","E","R","E","T","R","?","R","M","E","R","B",null,"M","$","M","$","M","E"],"character_chosen":"Librarian","items_purchased":["CombatPreparation","AT_ChloranthyRing","hubris:CrystalStatue"],"campfire_rested":0,"item_purchase_floors":[3,19,38],"current_hp_per_floor":[51,44,44,44,44,46,46,46,46,46,46,35,35,35,35,54,80,88,88,88,92,92,95,95,93,93,93,109,109,109,109,109,109,109,108,108,108,108,108,109,109],"gold":91,"neow_bonus":"TWENTY_PERCENT_HP_BONUS","is_daily":false,"chose_seed":false,"campfire_upgraded":7,"win_rate":0.0,"timestamp":1608992307,"path_taken":["M","M","$","M","M","E","?","M","T","R","M","?","R","M","R","BOSS","M","$","?","M","M","E","R","E","T","R","?","R","?","E","R","BOSS","M","$","M","?","M","E"],"items_purchased_type":["Card","Relic","Relic"],"build_version":"2020-12-22","purchased_purges":8,"victory":false,"max_hp_per_floor":[72,72,72,79,79,80,80,80,80,80,80,80,80,88,88,88,88,96,96,96,96,99,99,99,99,99,99,109,109,109,109,109,109,109,109,109,109,109,109,109,109],"card_choices":[{"not_picked":["DarkCloud","Rewind","FierceCharge","SmokingPipe","LawAndOrder","Endure","SummaryJudgment","GatherIntel"],"picked":"WillOfThePrescript","floor":1},{"not_picked":["SmokingPipe","Gamble","GuidanceOfTheGears","Eliminate","LawAndOrder","HighSpeedStabbing","BindingChains","WillOfThePrescript","TendonChords","RipSpace","DarkCloud"],"picked":"SKIP","floor":2},{"not_picked":["Eject","SuppressingShot","HiddenBlade","Rewind","Unlock1","Creak","RipSpace","FleetFootsteps","HighKick","HandlingWork"],"picked":"Multislash","floor":4},{"not_picked":["SummaryJudgment","Overcharge","FierceCharge","HiddenBlade","SmokingPipe","Thrust","FleetEdge","Deflect_lor","Retaliate","FieryWaltz"],"picked":"TheRedNotes","floor":5},{"not_picked":["Gigigig","QuickAttack","Multislash","Rewind","SunsetBlade","HighKick","EnergyCycle","BindingChains","MultiBlock","TendonChords"],"picked":"Commandeering","floor":6},{"not_picked":["FleetEdge","StructuralAnalysis","EnergyCycle","Parry","SuppressingShot","HandleRequest","DefenseOrder","FeelinGood","GuardingStance","MultiBlock"],"picked":"FrontalAssault","floor":7},{"not_picked":["SmokingPipe","Juggling","ClassAndRespect","CumulusWall","HighSpeedStabbing","Faith","SinglePointStab","EndlessBattle","SturdyDefense","SpearedSweep","EnergyCycle"],"picked":"SKIP","floor":8},{"not_picked":["SpearedSweep","Wallop_lor","SinglePointStab","Rewind","Quickness","QuickAttack","SharpNails","SmokingPipe","Diversion","Guardian_lor"],"picked":"PreparedMind","floor":11},{"not_picked":["FervidEmotions","Preparation","SpearedSweep","StrongStrike","SunsetBlade","TendonChords","AutomatedMovement","PreemptiveStrike","SummaryJudgment","Rampage_lor","SmokingPipe"],"picked":"SKIP","floor":14},{"not_picked":["TieShanKao","ScratchThat","SenseQuarry","SilentNight"],"picked":"TrashDisposal","floor":16},{"not_picked":["StructuralAnalysis","DefenseOrder","SharpSwipe+1","TieShanKao","HiddenBlade","Quickness","Diversion","FrontalAssault+1","HandleRequest","ToWhereThePrescriptPoints"],"picked":"IronWall","floor":18},{"not_picked":["FleetEdge","SuppressingShot","DestructiveImpact","WillOfThePrescript","HandleRequest","SunsetBlade+1","ViolentFlame","ChargeUp","Standoff","Unlock1","SturdyDefense+1"],"picked":"SKIP","floor":21},{"not_picked":["Parry","DestructiveImpact+1","SharpSwipe","ReadyUp","SinglePointStab","MultiBlock","FrontalAssault","ChargeUp","FierceCharge","TendonChords+1","BindingChains+1"],"picked":"SKIP","floor":22},{"not_picked":["FlowOfTheSword","StructuralAnalysis","DefenseOrder","ClassAndRespect","HandleRequest","TasteMyFlamingBat","EnergyBeam","Outburst","SomberProcuration","UpbeatPerformance"],"picked":"ToWhereThePrescriptPoints","floor":23},{"not_picked":["FleetFootsteps","GuardingStance","PreemptiveStrike","DeepDrag+1","FleetEdge","HighKick","Zzzzzap","FeatherShield","Struggle","SinglePointStab","SharpenedBlade"],"picked":"SKIP","floor":25},{"not_picked":["Execute_lor","FeelinGood","HandleRequest","Suppress","HighKick","EnergyShield","UncannyStrike","TendonChords","GatherIntel","Slice_lor","WrathOfTorment"],"picked":"SKIP","floor":30},{"not_picked":["GuidanceOfTheGears","Riposte","FleetFootsteps","RipSpace","AGoldenOpportunity","DarkCloud","ProselytesBlade","UpbeatPerformance","Creak+1","EnergyShield"],"picked":"LeRegole","floor":31},{"not_picked":["StrongStrike","FaintMemories+1","ShockingBlow","TheArtOfRapidSteps","Execute_lor+1","SharpNails","CumulusWall","DefenseOrder","SmokingPipe","HiddenBlade+1","FierceCharge+1"],"picked":"SKIP","floor":35},{"not_picked":["Pound","FleetFootsteps","SharpSwipe+1","DarkCloud","NightInTheBackstreets","WillOfThePrescript","ViolentFlame","SpearedSweep","KeepItFresh+1","HiddenBlade+1","FrontalAssault"],"picked":"SKIP","floor":37},{"not_picked":["EnergyConversion","Quickness+1","FleetFootsteps","HighSpeedStabbing+1","StructuralAnalysis","ForcefulGesture+1","Observe","WillBeTasty","Standoff+1","AsThePrescriptOrders","GatherIntel+1"],"picked":"SKIP","floor":39}],"player_experience":992915,"relics_obtained":[{"floor":1,"key":"SynthV:TestCard"},{"floor":6,"key":"PageOfTheSilentOrchestra"},{"floor":23,"key":"testmod-Antiphasic"},{"floor":25,"key":"PageOfSingingMachine"},{"floor":26,"key":"hubris:TenFootPole"},{"floor":31,"key":"aspiration:HummingbirdHeart"}],"event_choices":[{"damage_healed":0,"gold_gain":75,"player_choice":"Gather Gold","damage_taken":11,"max_hp_gain":0,"max_hp_loss":0,"event_name":"World of Goop","floor":12,"gold_loss":0},{"cards_removed":["testmod-FightingIntention"],"damage_healed":6,"gold_gain":0,"player_choice":"Offered Rare","damage_taken":0,"max_hp_gain":10,"max_hp_loss":0,"event_name":"Bonfire Elementals","floor":28,"gold_loss":0}],"is_beta":false,"boss_relics":[{"not_picked":["Busted Crown","Replay:Drink Me"],"picked":"Sozu"},{"not_picked":["Cursed Key","FixedStarFall"],"picked":"AT_TrinityForce"}],"items_purged_floors":[3,3,3,3,19,19,36,36],"is_endless":false,"potions_floor_spawned":[1,4,6,8,11,14,30,31,33],"killed_by":"R_Hoarder","ascension_level":20}}