{"host":"8a3g9edf69u3epoz","time":1608968581,"event":{"mods":["BaseMod","Minty Spire (QoL Compilation)","MostiFishMod","Relic Stats","Remilia（蕾米莉亚）","StSLib","TestMod","UnlockEverythingMod","WarShipGirlsR/战舰少女R mod"],"gold_per_floor":[118,43,443,462,487,487,514,527,527,589,602,636,636,664,664,740,740,756,756,773,786,804,836,836,864,946,946,946,977,996,1023,1023,1097,1097,1113,1163,979,992,1003,1032,1044,1079,1105,1105,1140,1140,1173,1190,1190,1190,1190,1190,1190,477,510,510],"floor_reached":57,"playtime":1100,"items_purged":["Pain","Eruption"],"score":3961,"play_id":"197ed96d-56b5-4bf9-88a3-4e04f02bc49e","local_time":"20201226154301","is_ascension_mode":true,"campfire_choices":[{"data":"SandsOfTime","floor":6.0,"key":"SMITH"},{"data":"MostiFishMod:Nomercy","floor":15.0,"key":"SMITH"},{"data":"MostiFishMod:KamiSmash","floor":24.0,"key":"SMITH"},{"data":"MostiFishMod:DisColor","floor":27,"key":"SMITH"},{"floor":32,"key":"RECALL"},{"data":"MostiFishMod:LegendTransform","floor":44,"key":"SMITH"},{"data":"MostiFishMod:Minus","floor":49,"key":"SMITH"},{"data":"MostiFishMod:OutWit","floor":53,"key":"SMITH"}],"circlet_count":0,"master_deck":["AscendersBane","Strike_P+1","Strike_P+1","Strike_P+1","Defend_P+1","Defend_P+1","Defend_P+1","Defend_P+1","Vigilance","SandsOfTime+1","MostiFishMod:Nomercy+1","MostiFishMod:StarWish+1","MostiFishMod:KamiSmash+1","MostiFishMod:DisColor+1","MostiFishMod:OutWit+1","MostiFishMod:LegendTransform+1","Prostrate+1","MostiFishMod:Minus+2","Evaluate","Prostrate+1"],"relics":["PureWater","testmod-TestBox","Transparent","testmod-Muramasa","NeowsBlessing","SynthV:TestCard","Ancient Tea Set","Civilization","testmod-Alchemist","Vajra","testmod-CrystalShield","testmod-NegativeEmotionEnhancer","WarpedTongs","testmod-BalancedPeriapt","Bottled Flame","Regal Pillow","Anchor","xbg","Akabeko","testmod-Justice","Pen Nib","Gremlin Horn","Toxic Egg 2","testmod-ArcanaOfDestiny","HandDrill","War Paint","Lantern"],"acts_visited":["Exordium","TheCity","TheBeyond","TheEnding"],"potions_floor_usage":[],"damage_taken":[{"damage":6.0,"enemies":"Jaw Worm","floor":1.0,"turns":1.0},{"damage":6.0,"enemies":"Small Slimes","floor":4.0,"turns":1.0},{"damage":6.0,"enemies":"Gremlin Nob","floor":7.0,"turns":1.0},{"damage":20.0,"enemies":"2 Louse","floor":8.0,"turns":2.0},{"damage":19.0,"enemies":"Looter","floor":11.0,"turns":2.0},{"damage":33.0,"enemies":"3 Sentries","floor":12.0,"turns":3.0},{"damage":7.0,"enemies":"Lagavulin","floor":14.0,"turns":1.0},{"damage":28.0,"enemies":"The Guardian","floor":16.0,"turns":2.0},{"damage":18.0,"enemies":"3 Byrds","floor":18.0,"turns":2.0},{"damage":10.0,"enemies":"2 Thieves","floor":20.0,"turns":1.0},{"damage":12.0,"enemies":"Sentry and Sphere","floor":21.0,"turns":1.0},{"damage":13.0,"enemies":"Snecko","floor":22.0,"turns":1.0},{"damage":64.0,"enemies":"Slavers","floor":23.0,"turns":2.0},{"damage":17.0,"enemies":"Gremlin Leader","floor":25.0,"turns":1.0},{"damage":17,"enemies":"Slavers","floor":29,"turns":1},{"damage":17,"enemies":"3 Cultists","floor":30,"turns":1},{"damage":18,"enemies":"Gremlin Leader","floor":31,"turns":1},{"damage":17,"enemies":"Champ","floor":33,"turns":1},{"damage":36,"enemies":"3 Shapes","floor":35,"turns":1},{"damage":17,"enemies":"Orb Walker","floor":38,"turns":1},{"damage":17,"enemies":"Spire Growth","floor":39,"turns":1},{"damage":17,"enemies":"Nemesis","floor":40,"turns":1},{"damage":21,"enemies":"Sphere and 2 Shapes","floor":41,"turns":1},{"damage":17,"enemies":"Giant Head","floor":42,"turns":1},{"damage":17,"enemies":"Nemesis","floor":45,"turns":1},{"damage":17,"enemies":"Giant Head","floor":47,"turns":1},{"damage":17,"enemies":"Transient","floor":48,"turns":1},{"damage":17,"enemies":"Donu and Deca","floor":50,"turns":1},{"damage":17,"enemies":"Time Eater","floor":51,"turns":1},{"damage":17,"enemies":"Shield and Spear","floor":55,"turns":1},{"damage":85,"enemies":"The Heart","floor":56,"turns":5}],"seed_played":"7382770408018175408","potions_obtained":[{"floor":4.0,"key":"BottledMiracle"},{"floor":11.0,"key":"testmod-TestPotion"},{"floor":14.0,"key":"ColorlessPotion"}],"is_trial":false,"path_per_floor":["M","?","?","M","T","R","E","M","T","?","M","E","?","E","R","B",null,"M","?","M","M","M","E","R","E","T","R","?","E","M","E","R","B",null,"M","?","$","M","M","E","M","E","T","R","E","?","E","M","R","B","B",null,"R","$","E","B",null],"character_chosen":"WATCHER","items_purchased":["MostiFishMod:LegendTransform","Prostrate","testmod-ArcanaOfDestiny","HandDrill","War Paint"],"campfire_rested":0,"item_purchase_floors":[37,37,54,54,54],"current_hp_per_floor":[68,68,68,68,68,68,68,70,70,70,73,79,79,86,86,94,94,106,106,120,136,153,173,173,173,173,173,173,173,173,173,173,173,173,173,173,173,173,173,173,173,173,173,173,173,173,173,173,173,173,173,173,173,173,173,173],"gold":510,"neow_bonus":"THREE_ENEMY_KILL","is_daily":false,"chose_seed":false,"campfire_upgraded":7,"win_rate":0.0,"timestamp":1608968581,"path_taken":["M","?","?","M","?","R","E","?","T","?","M","E","?","E","R","BOSS","M","?","?","M","M","E","R","E","T","R","?","E","M","E","R","BOSS","M","?","$","M","?","E","M","E","T","R","E","?","E","M","R","BOSS","BOSS","R","$","E","BOSS"],"items_purchased_type":["Card","Card","Relic","Relic","Relic"],"build_version":"2020-12-22","purchased_purges":2,"victory":true,"max_hp_per_floor":[68,68,68,68,68,68,68,70,70,70,73,79,79,86,86,94,94,106,106,120,136,153,173,173,173,173,173,173,173,173,173,173,173,173,173,173,173,173,173,173,173,173,173,173,173,173,173,173,173,173,173,173,173,173,173,173],"relic_stats":{"Regal Pillow":0,"Gremlin Horn":[0,0],"counters":[31,42],"Pen Nib":[1],"HandDrill":[0],"War Paint":["Prostrate","MostiFishMod:Minus"],"obtain_stats":[{"Regal Pillow":29,"Lantern":55,"DaveBox":0,"Gremlin Horn":45,"Vajra":12,"testmod-NegativeEmotionEnhancer":17,"Ancient Tea Set":5,"Civilization":7,"testmod-CrystalShield":14,"testmod-Alchemist":9,"HandDrill":54,"Toxic Egg 2":47,"testmod-ArcanaOfDestiny":54,"testmod-Muramasa":0,"testmod-TestBox":0,"NeowsBlessing":0,"Pen Nib":43,"testmod-Justice":42,"War Paint":54,"Akabeko":40,"WarpedTongs":19,"Bottled Flame":25,"Anchor":31,"SynthV:TestCard":1,"Transparent":0,"PureWater":0,"testmod-BalancedPeriapt":23,"xbg":34},{"Regal Pillow":15,"Lantern":30,"DaveBox":0,"Gremlin Horn":25,"Vajra":6,"testmod-NegativeEmotionEnhancer":8,"Ancient Tea Set":2,"Civilization":3,"testmod-CrystalShield":7,"testmod-Alchemist":4,"HandDrill":29,"Toxic Egg 2":26,"testmod-ArcanaOfDestiny":29,"testmod-Muramasa":0,"testmod-TestBox":0,"NeowsBlessing":0,"Pen Nib":24,"testmod-Justice":24,"War Paint":29,"Akabeko":22,"WarpedTongs":9,"Bottled Flame":14,"Anchor":17,"SynthV:TestCard":1,"Transparent":0,"PureWater":0,"testmod-BalancedPeriapt":13,"xbg":18},{"Regal Pillow":22,"Lantern":37,"DaveBox":0,"Gremlin Horn":32,"Vajra":10,"testmod-NegativeEmotionEnhancer":13,"Ancient Tea Set":2,"Civilization":3,"testmod-CrystalShield":11,"testmod-Alchemist":5,"HandDrill":36,"Toxic Egg 2":33,"testmod-ArcanaOfDestiny":36,"testmod-Muramasa":0,"testmod-TestBox":0,"NeowsBlessing":0,"Pen Nib":31,"testmod-Justice":31,"War Paint":36,"Akabeko":29,"WarpedTongs":15,"Bottled Flame":21,"Anchor":24,"SynthV:TestCard":1,"Transparent":0,"PureWater":0,"testmod-BalancedPeriapt":20,"xbg":25}],"WarpedTongs":[27]},"card_choices":[{"not_picked":["Protect","FlyingSleeves"],"picked":"SandsOfTime","floor":1.0},{"not_picked":["Crescendo","Adaptation","FlyingSleeves","Study"],"picked":"Consecrate","floor":4.0},{"not_picked":["FlurryOfBlows","Tantrum","Sanctity","SignatureMove","Weave"],"picked":"SKIP","floor":7.0},{"not_picked":["FlurryOfBlows","Study","CrushJoints","SashWhip","WindmillStrike"],"picked":"SKIP","floor":8.0},{"not_picked":["Halt","SandsOfTime","Meditate","Fasting2"],"picked":"MostiFishMod:Nomercy","floor":11.0},{"not_picked":["Vengeance","Brilliance","CutThroughFate","Evaluate"],"picked":"MostiFishMod:StarWish","floor":12.0},{"not_picked":["BowlingBash","CutThroughFate","ForeignInfluence","Conclude","Collect"],"picked":"SKIP","floor":14.0},{"not_picked":["MostiFishMod:Moonprays","MostiFishMod:Minus","MasterReality","Omniscience"],"picked":"MostiFishMod:KamiSmash","floor":16.0},{"not_picked":["InnerPeace","Halt+1","Protect+1","FlurryOfBlows","EmptyFist"],"picked":"SKIP","floor":18.0},{"not_picked":["Meditate","Protect","JustLucky","Crescendo","ThirdEye+1"],"picked":"SKIP","floor":20.0},{"not_picked":["ConjureBlade","JustLucky","Sanctity+1","Consecrate","WreathOfFlame"],"picked":"SKIP","floor":21.0},{"not_picked":["DeceiveReality","Tantrum","PathToVictory+1","EmptyBody","Adaptation"],"picked":"SKIP","floor":22.0},{"not_picked":["JustLucky","FollowUp","Pray","Crescendo","EmptyFist"],"picked":"SKIP","floor":23.0},{"not_picked":["FlyingSleeves","Evaluate+1","Indignation","CarveReality"],"picked":"MostiFishMod:DisColor","floor":25},{"not_picked":["MentalFortress","PathToVictory","Halt","Consecrate","FollowUp"],"picked":"SKIP","floor":29},{"not_picked":["FollowUp","Swivel","Fasting2","EmptyFist+1","ClearTheMind"],"picked":"SKIP","floor":30},{"not_picked":["EmptyFist","EmptyBody","Consecrate","MostiFishMod:DisColor","PathToVictory"],"picked":"SKIP","floor":31},{"not_picked":["SpiritShield","MostiFishMod:StarLaLaLa","ConjureBlade","Ragnarok"],"picked":"MostiFishMod:OutWit","floor":33},{"not_picked":["Wireheading","CutThroughFate","Consecrate","CrushJoints","JustLucky"],"picked":"SKIP","floor":35},{"not_picked":["ClearTheMind","Evaluate","Protect","Halt+1","Collect"],"picked":"SKIP","floor":38},{"not_picked":["ThirdEye","Halt","Evaluate+1","FollowUp","MostiFishMod:PathToVictory"],"picked":"SKIP","floor":39},{"not_picked":["MostiFishMod:Nomercy+1","MostiFishMod:PathToVictory","Evaluate","Prostrate+1","Judgement"],"picked":"SKIP","floor":40},{"not_picked":["Crescendo+1","BowlingBash","TalkToTheHand+1","ClearTheMind","Prostrate"],"picked":"SKIP","floor":41},{"not_picked":["EmptyFist+1","Worship","Protect+1","SashWhip","EmptyMind"],"picked":"SKIP","floor":42},{"not_picked":["Tantrum+1","CrushJoints","CarveReality","JustLucky+1"],"picked":"MostiFishMod:Minus","floor":45},{"not_picked":["EmptyBody+1","PathToVictory+1","ClearTheMind+1","SashWhip","MostiFishMod:Adaptation"],"picked":"SKIP","floor":47},{"not_picked":["Collect+1","BowlingBash","JustLucky","FollowUp"],"picked":"Prostrate+1","floor":48},{"not_picked":["EmptyBody+1","EmptyFist","Meditate+1","WreathOfFlame+1","JustLucky+1"],"picked":"SKIP","floor":55}],"player_experience":90708,"relics_obtained":[{"floor":1.0,"key":"SynthV:TestCard"},{"floor":5.0,"key":"Ancient Tea Set"},{"floor":7.0,"key":"Civilization"},{"floor":9.0,"key":"testmod-Alchemist"},{"floor":12.0,"key":"Vajra"},{"floor":14.0,"key":"testmod-CrystalShield"},{"floor":23.0,"key":"testmod-BalancedPeriapt"},{"floor":25,"key":"Bottled Flame"},{"floor":29,"key":"Regal Pillow"},{"floor":31,"key":"Anchor"},{"floor":40,"key":"Akabeko"},{"floor":42,"key":"testmod-Justice"},{"floor":43,"key":"Pen Nib"},{"floor":45,"key":"Gremlin Horn"},{"floor":47,"key":"Toxic Egg 2"},{"floor":55,"key":"Lantern"}],"event_choices":[{"cards_removed":["Strike_P"],"damage_healed":0.0,"max_hp_gain":0.0,"max_hp_loss":0.0,"gold_gain":0.0,"event_name":"The Cleric","player_choice":"Card Removal","floor":2.0,"gold_loss":75.0,"damage_taken":0.0},{"damage_healed":0.0,"max_hp_gain":0.0,"max_hp_loss":0.0,"gold_gain":400.0,"event_name":"恩洛斯的盘子","player_choice":"Sell","floor":3.0,"relics_lost":["DaveBox"],"gold_loss":0.0,"damage_taken":0.0},{"damage_healed":0.0,"max_hp_gain":0.0,"max_hp_loss":0.0,"gold_gain":62.0,"event_name":"Golden Wing","player_choice":"Gained Gold","floor":10.0,"gold_loss":0.0,"damage_taken":0.0},{"damage_healed":0.0,"max_hp_gain":0.0,"max_hp_loss":0.0,"gold_gain":0.0,"event_name":"Living Wall","player_choice":"Grow","floor":13.0,"gold_loss":0.0,"damage_taken":0.0,"cards_upgraded":["MostiFishMod:StarWish"]},{"damage_healed":0.0,"max_hp_gain":0.0,"max_hp_loss":0.0,"gold_gain":0.0,"event_name":"Accursed Blacksmith","player_choice":"Rummage","floor":19.0,"gold_loss":0.0,"damage_taken":0.0,"relics_obtained":["WarpedTongs"],"cards_obtained":["Pain"]},{"damage_healed":0,"gold_gain":0,"player_choice":"Simplicity","damage_taken":0,"max_hp_gain":0,"max_hp_loss":0,"event_name":"Back to Basics","floor":28,"gold_loss":0,"cards_upgraded":["Strike_P","Strike_P","Strike_P","Defend_P","Defend_P","Defend_P","Defend_P"]},{"damage_healed":0,"gold_gain":50,"player_choice":"Pray","damage_taken":0,"max_hp_gain":0,"max_hp_loss":0,"event_name":"Golden Shrine","floor":36,"gold_loss":0},{"damage_healed":0,"gold_gain":0,"cards_transformed":["Consecrate"],"player_choice":"Transformed","damage_taken":0,"max_hp_gain":0,"max_hp_loss":0,"event_name":"Transmorgrifier","floor":46,"gold_loss":0,"cards_obtained":["Evaluate"]}],"is_beta":false,"boss_relics":[{"not_picked":["testmod-StringDisintegrator","testmod-DreamHouse"],"picked":"testmod-NegativeEmotionEnhancer"},{"not_picked":["Snecko Eye","testmod-KeyOfTheVoid"],"picked":"xbg"}],"items_purged_floors":[37,54],"is_endless":false,"potions_floor_spawned":[4,11,14,21,22,23,29,33,35,45,47,48],"ascension_level":20}}