{"host":"wkcoec525dnrk4jw","time":1608954757,"event":{"mods":["BaseMod","Conspire","Minty Spire (QoL Compilation)","Quick Restart","Replay The Spire","Shop Mod","StSLib","TestMod","The Bug Knight","The Cursed","[IsaacMod]ÒÔÈö¼âËþ"],"gold_per_floor":[365,315,331,22,22,53,53,17,40,74,94,6,6,40,40,135,135,147,190,190,8,26,26,26],"floor_reached":23,"playtime":836,"items_purged":[],"score":346,"play_id":"9c158a94-ccdd-4bd9-b34c-b567b8d73679","local_time":"20201226115237","is_ascension_mode":true,"campfire_choices":[{"data":"EpicFetus","floor":7,"key":"SMITH"},{"floor":13,"key":"REST"}],"circlet_count":0,"master_deck":["Strike_B","Strike_B","Strike_B","Defend_B","Defend_B","Defend_B","Defend_B","Zap","Dualcast","ReplayTheSpireMod:Faulty Equipment","Go for the Eyes","EpicFetus+1","Echo Form","Sunder","Stack","BasicCrystalCard","BettingIsNotGood+1","Defragment","Core Surge","Hyperbeam","Self Repair","Fusion","The Bomb","Turbo"],"relics":["Cracked Core","HushsDoor","testmod-TestBox","testmod-GiftOfSatan","BloodDonationMachine","Replay:Bottled Snecko","ReplayTheSpireMod:Lightbulb","Strawberry","Bronze Scales","GuppysTail","ReplayTheSpireMod:DimensionalGlitch","GuppysHead","Prayer Wheel"],"acts_visited":["Exordium","TheCity"],"potions_floor_usage":[14,16],"damage_taken":[{"damage":5,"enemies":"Small Slimes","floor":1,"turns":2},{"damage":1,"enemies":"Cultist","floor":3,"turns":3},{"damage":0,"enemies":"3 Sentries","floor":6,"turns":1},{"damage":30,"enemies":"Lagavulin","floor":10,"turns":4},{"damage":2,"enemies":"Jaw Worm","floor":11,"turns":2},{"damage":0,"enemies":"Gremlin Nob","floor":14,"turns":3},{"damage":44,"enemies":"Hexaghost","floor":16,"turns":5},{"damage":23,"enemies":"Shell Parasite","floor":18,"turns":3},{"damage":18,"enemies":"3 Cultists","floor":19,"turns":3},{"damage":17,"enemies":"Centurion and Healer","floor":22,"turns":3},{"damage":21,"enemies":"conspire:SneckoGhost","floor":23,"turns":1}],"seed_played":"-8653252301310853238","potions_obtained":[{"floor":1,"key":"LifebloodPotion"},{"floor":3,"key":"Swift Potion"},{"floor":10,"key":"LiquidBronze"},{"floor":14,"key":"SpeedPotion"},{"floor":19,"key":"Toxic Potion"}],"is_trial":false,"path_per_floor":["M","?","M","$","$","E","R","$","T","E","M","$","R","E","R","B",null,"M","M","?","$","M","E"],"character_chosen":"DEFECT","items_purchased":["EpicFetus","Replay:Bottled Snecko","Echo Form","Sunder","BettingIsNotGood","Hyperbeam","Self Repair","Fusion","GuppysHead","The Bomb","ReplayTheSpireMod:Fabricate Wheel"],"campfire_rested":1,"item_purchase_floors":[4,4,8,8,12,17,17,17,17,21,21],"current_hp_per_floor":[84,84,83,64,64,64,64,52,59,29,27,27,54,54,81,47,70,51,37,37,13,4,0,0],"gold":26,"neow_bonus":"TWO_FIFTY_GOLD","is_daily":false,"chose_seed":false,"campfire_upgraded":1,"win_rate":0.0,"timestamp":1608954757,"path_taken":["M","?","M","?","$","E","R","?","T","E","M","$","R","E","R","BOSS","M","M","?","$","?","E"],"items_purchased_type":["Card","Relic","Card","Card","Card","Card","Card","Card","Relic","Card","Card"],"build_version":"2020-12-22","purchased_purges":0,"victory":false,"max_hp_per_floor":[85,85,85,85,85,85,85,85,92,92,92,92,92,92,92,97,77,77,77,77,77,82,82,82],"card_choices":[{"not_picked":[],"picked":"Bomb","floor":0},{"not_picked":["Gash","ReplayGash"],"picked":"Go for the Eyes","floor":1},{"not_picked":["Ball Lightning","Chill","Cold Snap"],"picked":"SKIP","floor":3},{"not_picked":["Barrage","ReplayTheSpireMod:System Scan","Gash"],"picked":"SKIP","floor":6},{"not_picked":["Static Discharge","Chill"],"picked":"Stack","floor":10},{"not_picked":["Stack","Distribution"],"picked":"BasicCrystalCard","floor":11},{"not_picked":["Mirror Shield","Steam"],"picked":"Defragment","floor":14},{"not_picked":["Amplify","ElectricPowerLearning"],"picked":"Core Surge","floor":16},{"not_picked":["Redo","Heatsinks","Barrage+1"],"picked":"SKIP","floor":18},{"not_picked":["Compile Driver","ReplayTheSpireMod:Calculation Training","Beam Cell"],"picked":"SKIP","floor":19},{"not_picked":["Ball Lightning","Coolheaded+1"],"picked":"Turbo","floor":22}],"player_experience":153122,"relics_obtained":[{"floor":6,"key":"ReplayTheSpireMod:Lightbulb"},{"floor":9,"key":"Strawberry"},{"floor":10,"key":"Bronze Scales"},{"floor":14,"key":"GuppysTail"}],"event_choices":[{"cards_removed":["Strike_B"],"damage_healed":0,"gold_gain":0,"player_choice":"Card Removal","damage_taken":0,"max_hp_gain":0,"max_hp_loss":0,"event_name":"The Cleric","floor":2,"gold_loss":50}],"is_beta":false,"boss_relics":[{"not_picked":["Honey Jar","conspire:RunicOctahedron"],"picked":"ReplayTheSpireMod:DimensionalGlitch"},{"not_picked":[]}],"items_purged_floors":[],"is_endless":false,"potions_floor_spawned":[1,3,10,14,19,22],"killed_by":"conspire:SneckoGhost","ascension_level":5}}