{"host":"areou1to5q11ox5u","time":1608992378,"event":{"mods":["AchievementEnabler","BaseMod","Bestiary","Block Reminder","Colored Map","Colored Powertips","DeckTracker","Downfall","Highlight Path","Infinite Spire","Minty Spire (QoL Compilation)","Permanent Neow","Random Character Button","Relic Sorter","Relic Stats","StSLib","The Jungle"],"gold_per_floor":[99,117,127,127,143,143,222,222,239,250,250,264,289,309,322,425,425,425,442,454,454,454,454,500,500,500,63,63,63,80,98,113,211,261,261,279,294,312,312,312,385,399,399,417,434,434,447,447,459,459],"floor_reached":51,"playtime":5238,"items_purged":[],"score":657,"play_id":"b7f6e62b-a069-4e33-b73e-3b7f570d19d2","local_time":"20201226151938","is_ascension_mode":false,"campfire_choices":[{"data":"Guardian:TwinSlam","floor":1.0,"key":"SMITH"},{"data":"Guardian:ChargeCore","floor":6.0,"key":"SMITH"},{"data":"Guardian:SentryBeam","floor":8.0,"key":"SMITH"},{"data":"Guardian:SphericShield","floor":11.0,"key":"SMITH"},{"data":"Guardian:FloatingOrbs","floor":18.0,"key":"SMITH"},{"data":"Guardian:CrystalBeam","floor":23.0,"key":"SMITH"},{"floor":25.0,"key":"REST"},{"data":"infinitespire:TheBestDefense","floor":35.0,"key":"SMITH"},{"data":"infinitespire:Menacing","floor":43.0,"key":"SMITH"},{"data":"Guardian:ArmoredProtocol","floor":46.0,"key":"SMITH"}],"circlet_count":0,"master_deck":["Guardian:Strike_Guardian","Guardian:Strike_Guardian","Guardian:Strike_Guardian","Guardian:Strike_Guardian","Guardian:Defend_Guardian","Guardian:Defend_Guardian","Guardian:Defend_Guardian","Guardian:Defend_Guardian","Guardian:CurlUp","Guardian:TwinSlam+1","Guardian:ChargeCore+1","Guardian:SentryBeam+1","Guardian:ArmoredProtocol+1","Guardian:SphericShield+1","Guardian:VentSteam","Guardian:CrystalBeam+1","Guardian:FloatingOrbs+1","Guardian:PiercingHide","CurseOfTheBell","infinitespire:TheBestDefense+1","infinitespire:Menacing+1","Guardian:BronzeOrb","Guardian:TimeBomb","expansioncontent:Corrupt","Guardian:GuardianWhirl","Guardian:RefractedBeam","Guardian:PolyBeam","Guardian:FierceBash+1","Guardian:PiercingHide+1","Guardian:BronzeOrb","Guardian:SentryBeam","Guardian:ShieldCharger+1","Guardian:BronzeArmor","Guardian:PrimingBeam+1","Guardian:Gem_Red","Guardian:Gem_Fragmented"],"relics":["Guardian:ModeShifter","Matryoshka","Bottled Tornado","Calling Bell","Lizard Tail","Kunai","Juzu Bracelet","Blood Vial","Guardian:PickAxe","Potion Belt","Pen Nib","Tiny House","Potion Belt","Eternal Feather"],"acts_visited":["Exordium","Exordium","TheBeyond"],"potions_floor_usage":[50,50,50],"damage_taken":[{"damage":9.0,"enemies":"2 Louse","floor":2.0,"turns":3.0},{"damage":0.0,"enemies":"Small Slimes","floor":3.0,"turns":3.0},{"damage":1.0,"enemies":"Jaw Worm","floor":5.0,"turns":2.0},{"damage":8.0,"enemies":"Lots of Slimes","floor":9.0,"turns":3.0},{"damage":0.0,"enemies":"3 Louse","floor":10.0,"turns":2.0},{"damage":7.0,"enemies":"Blue Slaver","floor":12.0,"turns":2.0},{"damage":8.0,"enemies":"3 Sentries","floor":13.0,"turns":9.0},{"damage":11.0,"enemies":"Exordium Wildlife","floor":14.0,"turns":4.0},{"damage":1.0,"enemies":"Exordium Thugs","floor":15.0,"turns":3.0},{"damage":8.0,"enemies":"downfall:Watcher","floor":16.0,"turns":6.0},{"damage":5.0,"enemies":"theJungle:MUSHROOMGANG","floor":19.0,"turns":5.0},{"damage":14.0,"enemies":"theJungle:Flameango_and_Byrd","floor":20.0,"turns":4.0},{"damage":0.0,"enemies":"downfall:FleeingMerchant","floor":27.0,"turns":5.0},{"damage":17.0,"enemies":"theJungle:Snecko_Cultist_And_Trap","floor":30.0,"turns":5.0},{"damage":17.0,"enemies":"theJungle:2_Flameangoes","floor":31.0,"turns":3.0},{"damage":22.0,"enemies":"theJungle:2_Snecko_Cultists","floor":32.0,"turns":3.0},{"damage":17.0,"enemies":"downfall:Ironclad","floor":33.0,"turns":6.0},{"damage":17.0,"enemies":"3 Darklings","floor":36.0,"turns":5.0},{"damage":0.0,"enemies":"Orb Walker","floor":37.0,"turns":4.0},{"damage":64.0,"enemies":"Sphere and 2 Shapes","floor":38.0,"turns":6.0},{"damage":0.0,"enemies":"Writhing Mass","floor":42.0,"turns":5.0},{"damage":17.0,"enemies":"Jaw Worm Horde","floor":44.0,"turns":6.0},{"damage":19.0,"enemies":"3 Darklings","floor":45.0,"turns":6.0},{"damage":16.0,"enemies":"Maw","floor":47.0,"turns":8.0},{"damage":0.0,"enemies":"Jaw Worm Horde","floor":49.0,"turns":4.0},{"damage":29,"enemies":"downfall:Defect","floor":50,"turns":7}],"seed_played":"-5407385255156626885","potions_obtained":[{"floor":2.0,"key":"DistilledChaos"},{"floor":5.0,"key":"Strength Potion"},{"floor":9.0,"key":"champ:CounterPotion"},{"floor":12.0,"key":"sneckomod:MuddlingPotion"},{"floor":19.0,"key":"LiquidBronze"},{"floor":30.0,"key":"champ:CounterPotion"},{"floor":32.0,"key":"FearPotion"},{"floor":34.0,"key":"Fire Potion"},{"floor":38.0,"key":"Fire Potion"},{"floor":42.0,"key":"DuplicationPotion"},{"floor":44.0,"key":"Block Potion"},{"floor":45.0,"key":"Guardian:DefensiveModePotion"}],"is_trial":false,"path_per_floor":["R","M","M","?","M","R","T","R","M","M","R","M","E","M","M","B",null,"R","M","M","?","?","R","T","R","AVR","$","?","?","M","M","M","B",null,"R","M","M","M","?","?","T","M","R","M","M","R","M","?","M","B",null],"character_chosen":"GUARDIAN","items_purchased":["Guardian:TimeBomb","Pen Nib","expansioncontent:Corrupt","Guardian:GuardianWhirl"],"campfire_rested":1,"item_purchase_floors":[27,27,27,27],"current_hp_per_floor":[80,71,71,76,75,75,75,75,67,67,67,60,52,41,40,32,85,85,80,66,58,58,58,58,83,83,85,85,80,65,50,40,25,95,95,78,80,18,83,83,83,83,83,66,49,70,56,56,58,31],"gold":459,"neow_bonus":"ONE_RANDOM_RARE_CARD","is_daily":false,"chose_seed":false,"campfire_upgraded":9,"win_rate":0.0,"timestamp":1608992378,"path_taken":["R","M","M","?","M","R","T","R","M","M","R","M","E","M","M","BOSS","R","M","M","?","?","R","T","R","AVR","?","?","?","M","M","M","BOSS","R","M","M","M","?","?","T","M","R","M","M","R","M","?","M","BOSS"],"items_purchased_type":["Card","Relic","Card","Card"],"build_version":"2020-12-22","purchased_purges":0,"victory":true,"max_hp_per_floor":[80,80,80,85,85,85,85,85,85,85,85,85,85,85,85,85,85,85,85,85,85,85,85,85,85,85,85,85,90,90,90,90,90,95,95,95,95,95,83,83,83,83,83,83,83,83,83,80,80,80],"relic_stats":{"Blood Vial":22,"Lizard Tail":0,"counters":[26,119],"Eternal Feather":21,"Pen Nib":[15],"Juzu Bracelet":1,"Kunai":[36],"obtain_stats":[{"Potion Belt":26,"Tiny House":34,"Guardian:ModeShifter":0,"Eternal Feather":41,"Pen Nib":27,"Juzu Bracelet":17,"Bottled Tornado":13,"Calling Bell":17,"Blood Vial":24,"Guardian:PickAxe":24,"Lizard Tail":17,"Matryoshka":7,"Kunai":17},{"Potion Belt":12,"Tiny House":17,"Guardian:ModeShifter":0,"Eternal Feather":20,"Pen Nib":13,"Juzu Bracelet":10,"Bottled Tornado":7,"Calling Bell":10,"Blood Vial":12,"Guardian:PickAxe":12,"Lizard Tail":10,"Matryoshka":3,"Kunai":10},{"Potion Belt":46,"Tiny House":68,"Guardian:ModeShifter":0,"Eternal Feather":83,"Pen Nib":51,"Juzu Bracelet":37,"Bottled Tornado":24,"Calling Bell":37,"Blood Vial":46,"Guardian:PickAxe":46,"Lizard Tail":37,"Matryoshka":8,"Kunai":37}]},"card_choices":[{"not_picked":["Guardian:Planning","Guardian:Repulse"],"picked":"Guardian:ChargeCore","floor":2.0},{"not_picked":["Guardian:Planning","Guardian:ChargeCore"],"picked":"Guardian:SentryBeam","floor":3.0},{"not_picked":["Guardian:Preprogram","Guardian:Gem_Blue"],"picked":"Guardian:Gem_Cyan","floor":5.0},{"not_picked":["Guardian:Reroute","Guardian:Gem_Cyan"],"picked":"Guardian:ArmoredProtocol","floor":9.0},{"not_picked":["Guardian:PiercingHide","Guardian:Planning"],"picked":"Guardian:SphericShield","floor":10.0},{"not_picked":["Guardian:ChargeCore","Guardian:Gem_Cyan"],"picked":"Guardian:VentSteam","floor":12.0},{"not_picked":["Guardian:PiercingHide","Guardian:Gem_Green"],"picked":"Guardian:CrystalBeam","floor":13.0},{"not_picked":["Guardian:Repulse","Guardian:Gem_Purple"],"picked":"Guardian:FloatingOrbs","floor":14.0},{"not_picked":["Guardian:CrystalBeam","Guardian:Planning"],"picked":"Guardian:PiercingHide","floor":15.0},{"not_picked":["Guardian:SphericShield","Guardian:HyperBeam_Guardian"],"picked":"Guardian:AncientConstruct","floor":16.0},{"not_picked":["Guardian:GuardianWhirl","Guardian:ShieldCharger+1"],"picked":"Guardian:Gem_Purple","floor":19.0},{"not_picked":["Guardian:ShieldCharger","Guardian:PrismaticBarrier"],"picked":"Guardian:Gem_Red","floor":20.0},{"not_picked":["Guardian:Reroute","Guardian:EvasiveProtocol"],"picked":"Guardian:BronzeOrb","floor":27.0},{"not_picked":["Guardian:Suspension+1","Guardian:Gem_Cyan"],"picked":"Guardian:RefractedBeam","floor":30.0},{"not_picked":["Guardian:MultiBeam+1","Guardian:CrystalBeam"],"picked":"Guardian:PolyBeam","floor":31.0},{"not_picked":["Guardian:WalkerClaw+1","Guardian:Recover"],"picked":"Guardian:Gem_Red","floor":32.0},{"not_picked":["Guardian:ConstructionForm","Guardian:ExploitGems"],"picked":"Guardian:FierceBash","floor":33.0},{"not_picked":["Guardian:TimeCapacitor","Guardian:Suspension"],"picked":"Guardian:PiercingHide+1","floor":34.0},{"not_picked":["Guardian:PrismaticBeam","Guardian:Recover+1"],"picked":"Guardian:BronzeOrb","floor":36.0},{"not_picked":["Guardian:Recover+1","Guardian:PrimingBeam"],"picked":"Guardian:SentryBeam","floor":37.0},{"not_picked":["Guardian:WalkerClaw+1","Guardian:FloatingOrbs"],"picked":"Guardian:ShieldCharger+1","floor":38.0},{"not_picked":["Guardian:ShieldCharger+1","Guardian:WalkerClaw"],"picked":"Guardian:Gem_Cyan","floor":42.0},{"not_picked":["Guardian:ShieldCharger","Guardian:Emergency"],"picked":"Guardian:BronzeArmor","floor":44.0},{"not_picked":["Guardian:StasisStrike","Guardian:Repulse+1"],"picked":"Guardian:PrimingBeam+1","floor":45.0},{"not_picked":["Guardian:BronzeArmor","Guardian:Emergency+1"],"picked":"Guardian:Gem_Red","floor":47.0},{"not_picked":["Guardian:Clone+1","Guardian:Recover+1"],"picked":"Guardian:Gem_Fragmented","floor":49.0}],"player_experience":15010,"relics_obtained":[{"floor":7.0,"key":"Matryoshka"},{"floor":13.0,"key":"Bottled Tornado"},{"floor":17.0,"key":"Lizard Tail"},{"floor":17.0,"key":"Kunai"},{"floor":17.0,"key":"Juzu Bracelet"},{"floor":24.0,"key":"Blood Vial"},{"floor":24.0,"key":"Guardian:PickAxe"},{"floor":41.0,"key":"Potion Belt"},{"floor":41.0,"key":"Eternal Feather"}],"event_choices":[{"damage_healed":0.0,"max_hp_gain":5.0,"max_hp_loss":0.0,"gold_gain":0.0,"event_name":"Big Fish","player_choice":"Donut","floor":4.0,"gold_loss":0.0,"damage_taken":0.0},{"cards_removed":["Guardian:AncientConstruct"],"damage_healed":0.0,"max_hp_gain":0.0,"max_hp_loss":0.0,"gold_gain":0.0,"event_name":"Falling","player_choice":"Removed Power","floor":40.0,"gold_loss":0.0,"damage_taken":0.0},{"cards_removed":["Parasite"],"damage_healed":0.0,"max_hp_gain":0.0,"max_hp_loss":0.0,"gold_gain":0.0,"event_name":"Wheel of Change","player_choice":"Card Removal","floor":48.0,"gold_loss":0.0,"damage_taken":0.0}],"is_beta":false,"boss_relics":[{"not_picked":["Guardian:ModeShifterPlus","Runic Dome"],"picked":"Calling Bell"},{"not_picked":["Guardian:StasisSlotReductionRelic","SacredBark"],"picked":"Tiny House"}],"items_purged_floors":[],"is_endless":false,"potions_floor_spawned":[2,5,9,12,13,19,30,32,38,42,44,45],"ascension_level":0}}