{"host":"pvf7uj918he10jir","time":1608958388,"event":{"mods":["AchievementEnabler","BaseMod","Colored Map","Colored Powertips","Highlight Path","Minty Spire (QoL Compilation)","Relic Stats","Slay the Relics Exporter","everything is the same but u backflip on backflip"],"gold_per_floor":[99,24,24,24,24,24,24,24,24,24,24,24,24,24,24,24,24,24,24,24,24,24,24,24,24,24,24,24,24,24,24,24,24,24,24,24,24,24,24,24,24,24,24],"floor_reached":42,"playtime":2722,"items_purged":["Strike_G"],"score":543,"play_id":"f0900d3c-176a-4045-972a-17b9b8b9ca0c","local_time":"20201225235308","is_ascension_mode":true,"campfire_choices":[{"data":"Blade Dance","floor":7,"key":"SMITH"},{"data":"Neutralize","floor":10,"key":"SMITH"},{"data":"Dash","floor":12,"key":"SMITH"},{"floor":15,"key":"REST"},{"floor":24,"key":"REST"},{"floor":27,"key":"REST"},{"data":"Blade Dance","floor":30,"key":"SMITH"},{"data":"Footwork","floor":32,"key":"SMITH"}],"circlet_count":0,"master_deck":["Strike_G","Defend_G","Defend_G","Defend_G","Defend_G","Defend_G","Survivor+1","Neutralize+1","Blade Dance+1","Dash+1","Backstab+1","Night Terror+1","CurseOfTheBell","Leg Sweep","Footwork+1","Footwork","Blade Dance+1","Die Die Die+1","Bullet Time","Footwork+1","Cloak And Dagger+1"],"relics":["Ectoplasm","Orichalcum","Molten Egg 2","Anchor","Eternal Feather","Calling Bell","PreservedInsect","Letter Opener","Lizard Tail","MutagenicStrength","Tough Bandages","Gambling Chip","Ancient Tea Set","HoveringKite","Kunai"],"acts_visited":["Exordium","TheCity","TheBeyond"],"potions_floor_usage":[23,23,25,33,33],"damage_taken":[{"damage":1,"enemies":"2 Louse","floor":1,"turns":3},{"damage":0,"enemies":"Cultist","floor":4,"turns":4},{"damage":0,"enemies":"Small Slimes","floor":5,"turns":3},{"damage":15,"enemies":"3 Sentries","floor":6,"turns":11},{"damage":19,"enemies":"Gremlin Nob","floor":8,"turns":5},{"damage":40,"enemies":"Slime Boss","floor":16,"turns":16},{"damage":15,"enemies":"Chosen","floor":18,"turns":7},{"damage":13,"enemies":"Spheric Guardian","floor":21,"turns":4},{"damage":25,"enemies":"Snake Plant","floor":22,"turns":7},{"damage":10,"enemies":"Slavers","floor":23,"turns":4},{"damage":16,"enemies":"Gremlin Leader","floor":25,"turns":6},{"damage":2,"enemies":"Snecko","floor":28,"turns":5},{"damage":0,"enemies":"Shelled Parasite and Fungi","floor":31,"turns":2},{"damage":53,"enemies":"Collector","floor":33,"turns":14},{"damage":13,"enemies":"3 Shapes","floor":35,"turns":5},{"damage":20,"enemies":"3 Darklings","floor":37,"turns":5},{"damage":13,"enemies":"Spire Growth","floor":39,"turns":8},{"damage":59,"enemies":"Reptomancer","floor":40,"turns":18},{"damage":7,"enemies":"Maw","floor":42,"turns":2}],"seed_played":"-5043054873708146658","potions_obtained":[{"floor":5,"key":"ColorlessPotion"},{"floor":8,"key":"Explosive Potion"},{"floor":16,"key":"SkillPotion"},{"floor":21,"key":"Block Potion"},{"floor":23,"key":"DuplicationPotion"},{"floor":31,"key":"DistilledChaos"},{"floor":39,"key":"Energy Potion"}],"is_trial":false,"path_per_floor":["M","$","?","M","M","E","R","E","T","R","?","R","?","?","R","B",null,"M","?","?","M","M","E","R","E","T","R","M","$","R","M","R","B",null,"M","$","M","?","M","E","$","M"],"character_chosen":"THE_SILENT","items_purchased":[],"campfire_rested":3,"item_purchase_floors":[],"current_hp_per_floor":[69,69,69,69,69,54,54,35,35,35,35,35,28,28,55,15,70,55,55,55,42,17,7,37,21,21,51,49,49,58,58,67,14,70,57,57,37,37,24,4,4,0,0],"gold":24,"neow_bonus":"BOSS_RELIC","is_daily":false,"chose_seed":false,"campfire_upgraded":5,"win_rate":0.0,"timestamp":1608958388,"path_taken":["M","$","?","?","M","E","R","E","T","R","?","R","?","?","R","BOSS","M","?","?","?","M","E","R","E","T","R","M","$","R","M","R","BOSS","M","$","M","?","M","E","?","M"],"items_purchased_type":[],"build_version":"2020-12-22","purchased_purges":1,"victory":false,"max_hp_per_floor":[70,70,70,70,70,70,70,70,70,70,70,70,70,70,70,70,70,70,70,70,70,70,70,70,70,70,70,70,70,70,70,70,70,70,70,70,70,70,70,70,70,70,70],"relic_stats":{"Lizard Tail":35,"Tough Bandages":[78],"counters":[19,129],"Gambling Chip":[18],"HoveringKite":[12],"Eternal Feather":42,"Ectoplasm":522,"PreservedInsect":141,"Letter Opener":[194],"Kunai":[2],"Orichalcum":[42],"obtain_stats":[{"HoveringKite":34,"Eternal Feather":13,"PreservedInsect":17,"Letter Opener":17,"Orichalcum":6,"Ancient Tea Set":26,"Calling Bell":17,"Anchor":9,"Lizard Tail":17,"Tough Bandages":23,"MutagenicStrength":19,"Gambling Chip":25,"Molten Egg 2":8,"Ectoplasm":0,"Kunai":40,"Ring of the Snake":0},{"HoveringKite":14,"Eternal Feather":5,"PreservedInsect":6,"Letter Opener":6,"Orichalcum":4,"Ancient Tea Set":11,"Calling Bell":6,"Anchor":5,"Lizard Tail":6,"Tough Bandages":10,"MutagenicStrength":7,"Gambling Chip":11,"Molten Egg 2":5,"Ectoplasm":0,"Kunai":18,"Ring of the Snake":0},{"HoveringKite":91,"Eternal Feather":26,"PreservedInsect":42,"Letter Opener":42,"Orichalcum":21,"Ancient Tea Set":70,"Calling Bell":42,"Anchor":26,"Lizard Tail":42,"Tough Bandages":64,"MutagenicStrength":49,"Gambling Chip":70,"Molten Egg 2":26,"Ectoplasm":0,"Kunai":127,"Ring of the Snake":0}]},"card_choices":[{"not_picked":["Sucker Punch","All Out Attack"],"picked":"Blade Dance","floor":1},{"not_picked":["Noxious Fumes","Catalyst"],"picked":"Dash","floor":4},{"not_picked":["Flying Knee","Riddle With Holes","Dash"],"picked":"SKIP","floor":5},{"not_picked":["Flying Knee","Expertise","Slice"],"picked":"SKIP","floor":6},{"not_picked":["Dagger Throw+1","Backflip"],"picked":"Backstab+1","floor":8},{"not_picked":["Storm of Steel","Bullet Time"],"picked":"Night Terror","floor":16},{"not_picked":["Dodge and Roll","Choke+1"],"picked":"Leg Sweep","floor":18},{"not_picked":["Bane+1","Deflect+1"],"picked":"Footwork","floor":21},{"not_picked":["Poisoned Stab+1","Acrobatics","Quick Slash+1"],"picked":"SKIP","floor":22},{"not_picked":["Distraction","Flying Knee+1"],"picked":"Footwork","floor":23},{"not_picked":["Doppelganger","Well Laid Plans+1","Acrobatics"],"picked":"SKIP","floor":25},{"not_picked":["Heel Hook+1","Riddle With Holes+1"],"picked":"Blade Dance","floor":28},{"not_picked":["Underhanded Strike+1","Footwork","Bouncing Flask+1"],"picked":"SKIP","floor":31},{"not_picked":["Storm of Steel","Venomology"],"picked":"Die Die Die+1","floor":33},{"not_picked":["Tactician","Slice+1","Bane+1"],"picked":"SKIP","floor":35},{"not_picked":["Deflect","Poisoned Stab+1","Distraction"],"picked":"SKIP","floor":37},{"not_picked":["Dodge and Roll","Eviscerate+1"],"picked":"Footwork+1","floor":39},{"not_picked":["Dagger Spray+1","Acrobatics"],"picked":"Cloak And Dagger+1","floor":40}],"player_experience":98807,"relics_obtained":[{"floor":6,"key":"Orichalcum"},{"floor":8,"key":"Molten Egg 2"},{"floor":9,"key":"Anchor"},{"floor":17,"key":"PreservedInsect"},{"floor":17,"key":"Letter Opener"},{"floor":17,"key":"Lizard Tail"},{"floor":23,"key":"Tough Bandages"},{"floor":25,"key":"Gambling Chip"},{"floor":26,"key":"Ancient Tea Set"},{"floor":40,"key":"Kunai"}],"event_choices":[{"cards_removed":["Strike_G"],"damage_healed":0,"gold_gain":0,"player_choice":"Card Removal","damage_taken":0,"max_hp_gain":0,"max_hp_loss":0,"event_name":"Wheel of Change","floor":3,"gold_loss":0},{"cards_removed":["Strike_G"],"damage_healed":0,"gold_gain":0,"player_choice":"Forget","damage_taken":0,"max_hp_gain":0,"max_hp_loss":0,"event_name":"Living Wall","floor":11,"gold_loss":0},{"damage_healed":0,"gold_gain":0,"player_choice":"Success","damage_taken":7,"relics_obtained":["Eternal Feather"],"max_hp_gain":0,"max_hp_loss":0,"event_name":"Scrap Ooze","floor":13,"gold_loss":0},{"damage_healed":0,"gold_gain":0,"player_choice":"Upgraded","damage_taken":0,"max_hp_gain":0,"max_hp_loss":0,"event_name":"Upgrade Shrine","floor":14,"gold_loss":0,"cards_upgraded":["Survivor"]},{"damage_healed":0,"gold_gain":0,"player_choice":"Inject Mutagens","damage_taken":0,"relics_obtained":["MutagenicStrength"],"max_hp_gain":0,"max_hp_loss":0,"event_name":"Drug Dealer","floor":19,"gold_loss":0},{"damage_healed":0,"gold_gain":0,"player_choice":"Forge","damage_taken":0,"max_hp_gain":0,"max_hp_loss":0,"event_name":"Accursed Blacksmith","floor":20,"gold_loss":0,"cards_upgraded":["Night Terror"]},{"damage_healed":0,"gold_gain":0,"cards_transformed":["Strike_G"],"player_choice":"Transformed","damage_taken":0,"max_hp_gain":0,"max_hp_loss":0,"event_name":"Transmorgrifier","floor":38,"gold_loss":0,"cards_obtained":["Bullet Time"]}],"is_beta":false,"boss_relics":[{"not_picked":["SacredBark","Tiny House"],"picked":"Calling Bell"},{"not_picked":["Snecko Eye","Coffee Dripper"],"picked":"HoveringKite"}],"items_purged_floors":[2],"is_endless":false,"potions_floor_spawned":[5,8,16,21,23,31,39],"killed_by":"Maw","ascension_level":3}}