{"host":"2461dio7vetlq1z3","time":1608966283,"event":{"mods":["2.2 Compatiblity","AchievementEnabler","Aspiration","BaseMod","Better Skull","Better Third Choice","Friendly Minions","Hermit","Minty Spire (QoL Compilation)","Relic Stats","Spicy Shops","StSLib","Waifu the Spire"],"gold_per_floor":[119,69,85,96,113,113,145,156,156,187,187,201,201,24,24,120,120,130,150,50,50,50,50],"floor_reached":22,"playtime":836,"items_purged":["hermit:Strike_Hermit","hermit:Strike_Hermit"],"score":304,"play_id":"b4082524-60f7-402d-a81f-7685bec4f102","local_time":"20201226080443","is_ascension_mode":true,"campfire_choices":[{"data":"hermit:Maintenance","floor":6,"key":"SMITH"},{"floor":11,"key":"REST"},{"floor":13,"key":"REST"},{"data":"hermit:Brawl","floor":15,"key":"SMITH"}],"circlet_count":0,"master_deck":["AscendersBane","hermit:Strike_Hermit","hermit:Defend_Hermit","hermit:Defend_Hermit","hermit:Defend_Hermit","hermit:Defend_Hermit","hermit:Snapshot+1","hermit:Covet","hermit:Maintenance+1","hermit:Malice","hermit:Deadeye","hermit:Shortfuse","hermit:HighCaliber","hermit:GoldenBullet","hermit:Coalescence+1","hermit:Brawl+1","hermit:HeroicBravado+1","hermit:Manifest+1","hermit:PistolWhip+1"],"relics":["hermit:Momento","Singing Bowl","Toxic Egg 2","Potion Belt","Velvet Choker"],"acts_visited":["Exordium","TheCity"],"potions_floor_usage":[7,10,10,16,16,16,18,19],"damage_taken":[{"damage":7,"enemies":"Small Slimes","floor":1,"turns":4},{"damage":0,"enemies":"2 Louse","floor":3,"turns":3},{"damage":4,"enemies":"Jaw Worm","floor":4,"turns":3},{"damage":4,"enemies":"Red Slaver","floor":5,"turns":3},{"damage":32,"enemies":"3 Sentries","floor":7,"turns":8},{"damage":9,"enemies":"2 Fungi Beasts","floor":8,"turns":3},{"damage":12,"enemies":"Lagavulin","floor":10,"turns":6},{"damage":5,"enemies":"Blue Slaver","floor":12,"turns":6},{"damage":25,"enemies":"Hexaghost","floor":16,"turns":11},{"damage":28,"enemies":"2 Thieves","floor":18,"turns":3},{"damage":5,"enemies":"3 Byrds","floor":19,"turns":3},{"damage":20,"enemies":"Shelled Parasite and Fungi","floor":22,"turns":2}],"seed_played":"8080627318284526433","potions_obtained":[{"floor":1,"key":"ColorlessPotion"},{"floor":4,"key":"SkillPotion"},{"floor":8,"key":"PowerPotion"},{"floor":10,"key":"Energy Potion"},{"floor":12,"key":"EntropicBrew"},{"floor":19,"key":"FearPotion"}],"is_trial":false,"path_per_floor":["M","?","M","M","M","R","E","M","T","E","R","M","R","$","R","B",null,"M","M","$","?","M"],"character_chosen":"HERMIT","items_purchased":["hermit:Brawl"],"campfire_rested":2,"item_purchase_floors":[14],"current_hp_per_floor":[61,61,61,57,53,53,23,14,14,2,25,20,43,43,43,18,62,34,29,29,15,0,0],"gold":50,"neow_bonus":"UPGRADE_CARD","is_daily":false,"chose_seed":false,"campfire_upgraded":2,"win_rate":0.0,"timestamp":1608966283,"path_taken":["M","?","M","M","M","R","E","M","T","E","R","M","R","$","R","BOSS","M","M","$","?","M"],"items_purchased_type":["Card"],"build_version":"2020-12-22","purchased_purges":2,"victory":false,"max_hp_per_floor":[75,75,75,75,75,75,77,77,77,77,77,77,77,77,77,77,77,77,77,77,82,82,82],"relic_stats":{"Singing Bowl":2,"counters":[12,55],"obtain_stats":[{"Potion Belt":10,"Singing Bowl":7,"Velvet Choker":17,"Toxic Egg 2":9,"hermit:Momento":0},{"Potion Belt":7,"Singing Bowl":5,"Velvet Choker":9,"Toxic Egg 2":6,"hermit:Momento":0},{"Potion Belt":30,"Singing Bowl":21,"Velvet Choker":47,"Toxic Egg 2":24,"hermit:Momento":0}]},"card_choices":[{"not_picked":["hermit:EyeOfTheStorm","hermit:Midnight"],"picked":"hermit:Maintenance","floor":1},{"not_picked":["hermit:GhostlyPresence","hermit:Dive"],"picked":"hermit:Malice","floor":3},{"not_picked":["hermit:CalledShot","hermit:Midnight"],"picked":"hermit:Deadeye","floor":4},{"not_picked":["hermit:LuckOfTheDraw","hermit:ShadowCloak"],"picked":"hermit:Shortfuse","floor":5},{"not_picked":["hermit:Brawl","hermit:Vantage","hermit:Quickdraw"],"picked":"Singing Bowl","floor":7},{"not_picked":["hermit:Vantage","hermit:Spite"],"picked":"hermit:HighCaliber","floor":8},{"not_picked":["hermit:Showdown","hermit:Snipe+1"],"picked":"hermit:GoldenBullet","floor":10},{"not_picked":["hermit:Vantage+1","hermit:Shortfuse"],"picked":"hermit:Coalescence+1","floor":12},{"not_picked":["hermit:RoundhouseKick","hermit:Dissolve+1"],"picked":"hermit:HeroicBravado+1","floor":16},{"not_picked":["hermit:Showdown","hermit:HighCaliber"],"picked":"hermit:Manifest+1","floor":18},{"not_picked":["hermit:FlashPowder+1","hermit:Ricochet"],"picked":"hermit:PistolWhip+1","floor":19}],"player_experience":924067,"relics_obtained":[{"floor":7,"key":"Singing Bowl"},{"floor":9,"key":"Toxic Egg 2"},{"floor":10,"key":"Potion Belt"}],"event_choices":[{"cards_removed":["hermit:Strike_Hermit"],"damage_healed":0,"gold_gain":0,"player_choice":"Card Removal","damage_taken":0,"max_hp_gain":0,"max_hp_loss":0,"event_name":"The Cleric","floor":2,"gold_loss":50},{"damage_healed":0,"gold_gain":0,"player_choice":"Shed Blood","damage_taken":19,"max_hp_gain":5,"max_hp_loss":0,"event_name":"Forgotten Altar","floor":21,"gold_loss":0}],"is_beta":false,"boss_relics":[{"not_picked":["Sozu","hermit:ClaspedLocket"],"picked":"Velvet Choker"}],"items_purged_floors":[14,20],"is_endless":false,"potions_floor_spawned":[1,4,8,10,12,19],"killed_by":"Shelled Parasite and Fungi","ascension_level":11}}