{"host":"wwo1kwxjf4eyz37q","time":1608979614,"event":{"mods":["AchievementEnabler","BaseMod","Colored Map","Minty Spire (QoL Compilation)","Quick Restart","SuperFastMode"],"gold_per_floor":[110,110,110,125,50,50,85,97,97,97,2,15,15,15,15,110,110,130,80,30,44,54,54,89,89,112,112,132,8,8,26,26,127,127,142,161,161,161,180,195,195,92,92,118,118,137,150,150,150,150],"floor_reached":51,"playtime":2756,"items_purged":["Strike_G","Strike_G","Strike_G","Defend_G","Defend_G","Defend_G"],"score":975,"play_id":"3dbcb304-41e0-429c-8950-11cdae52bc3e","local_time":"20201226194654","is_ascension_mode":true,"campfire_choices":[{"data":"Neutralize","floor":6.0,"key":"SMITH"},{"data":"Cloak And Dagger","floor":10.0,"key":"SMITH"},{"data":"Prepared","floor":13.0,"key":"SMITH"},{"data":"Acrobatics","floor":15.0,"key":"SMITH"},{"data":"Envenom","floor":23.0,"key":"SMITH"},{"data":"Blade Dance","floor":25.0,"key":"SMITH"},{"floor":27.0,"key":"REST"},{"data":"Cloak And Dagger","floor":32.0,"key":"SMITH"},{"data":"Accuracy","floor":41.0,"key":"SMITH"},{"data":"Adrenaline","floor":45.0,"key":"SMITH"},{"floor":49.0,"key":"REST"}],"circlet_count":0,"master_deck":["Strike_G+1","Survivor+1","Neutralize+1","Underhanded Strike+1","Acrobatics+1","Slice","Cloak And Dagger+1","Prepared+1","Blade Dance+1","Grand Finale","Envenom+1","Acrobatics+1","Dodge and Roll","Slice","Slice","Accuracy+1","Cloak And Dagger+1","Slice","Adrenaline+1","Slice+1","Prepared+1","Blade Dance","Blade Dance+1","Apotheosis","PanicButton"],"relics":["Ring of the Snake","NeowsBlessing","Pear","Smiling Mask","Black Star","Mango","Shuriken","Tiny Chest","Runic Pyramid","Bag of Preparation","Prayer Wheel","War Paint","Paper Crane"],"acts_visited":["Exordium","TheCity","TheBeyond"],"potions_floor_usage":[50,50],"damage_taken":[{"damage":0.0,"enemies":"Cultist","floor":1.0,"turns":1.0},{"damage":0.0,"enemies":"Small Slimes","floor":4.0,"turns":1.0},{"damage":0.0,"enemies":"Lagavulin","floor":7.0,"turns":1.0},{"damage":0.0,"enemies":"2 Louse","floor":8.0,"turns":2.0},{"damage":0.0,"enemies":"Red Slaver","floor":12.0,"turns":3.0},{"damage":0.0,"enemies":"Slime Boss","floor":16.0,"turns":5.0},{"damage":6.0,"enemies":"3 Byrds","floor":18.0,"turns":4.0},{"damage":27.0,"enemies":"Spheric Guardian","floor":21.0,"turns":4.0},{"damage":22.0,"enemies":"Snake Plant","floor":22.0,"turns":3.0},{"damage":16.0,"enemies":"Gremlin Leader","floor":24.0,"turns":8.0},{"damage":10.0,"enemies":"Shelled Parasite and Fungi","floor":28.0,"turns":3.0},{"damage":3.0,"enemies":"Sentry and Sphere","floor":31.0,"turns":3.0},{"damage":10.0,"enemies":"Collector","floor":33.0,"turns":7.0},{"damage":14.0,"enemies":"3 Darklings","floor":35.0,"turns":3.0},{"damage":6.0,"enemies":"Orb Walker","floor":36.0,"turns":2.0},{"damage":0.0,"enemies":"3 Darklings","floor":39.0,"turns":2.0},{"damage":0.0,"enemies":"Transient","floor":40.0,"turns":5.0},{"damage":3.0,"enemies":"Giant Head","floor":44.0,"turns":3.0},{"damage":0.0,"enemies":"Jaw Worm Horde","floor":46.0,"turns":2.0},{"damage":6.0,"enemies":"Writhing Mass","floor":47.0,"turns":4.0},{"damage":50,"enemies":"Time Eater","floor":50,"turns":5}],"seed_played":"-2649103016683691367","potions_obtained":[{"floor":7.0,"key":"Strength Potion"},{"floor":12.0,"key":"Weak Potion"},{"floor":18.0,"key":"Ancient Potion"},{"floor":28.0,"key":"LiquidBronze"},{"floor":33.0,"key":"Block Potion"}],"is_trial":false,"path_per_floor":["M","?","?","M","$","R","E","M","T","R","$","M","R","?","R","B",null,"M","$","$","M","M","R","E","R","T","R","M","$","?","M","R","B",null,"M","M","?","T","M","M","R","$","T","E","R","M","M","?","R","B",null],"character_chosen":"THE_SILENT","items_purchased":["Prepared","Accuracy","Blade Dance"],"campfire_rested":2,"item_purchase_floors":[11,29,42],"current_hp_per_floor":[70,56,56,56,56,56,66,66,66,66,66,66,66,66,66,66,77,71,71,71,44,22,22,20,20,20,48,38,38,38,35,35,25,77,63,57,57,57,57,57,57,57,57,54,54,54,48,38,66,16],"gold":150,"neow_bonus":"THREE_ENEMY_KILL","is_daily":false,"chose_seed":false,"campfire_upgraded":9,"win_rate":0.0,"timestamp":1608979614,"path_taken":["M","?","?","?","$","R","E","M","T","R","$","M","R","?","R","BOSS","M","?","$","?","M","R","E","R","T","R","M","?","?","M","R","BOSS","M","M","?","?","M","M","R","$","T","E","R","M","M","?","R","BOSS"],"items_purchased_type":["Card","Card","Card"],"build_version":"2020-12-22","purchased_purges":6,"victory":true,"max_hp_per_floor":[70,70,70,70,70,70,80,80,80,80,80,80,80,80,80,80,80,80,80,80,80,80,80,94,94,94,94,94,94,94,94,94,94,94,94,94,94,94,94,94,94,94,94,94,94,94,94,94,94,94],"card_choices":[{"not_picked":["Dodge and Roll","Dagger Spray"],"picked":"Underhanded Strike","floor":1.0},{"not_picked":["Phantasmal Killer","Dagger Throw"],"picked":"Acrobatics","floor":4.0},{"not_picked":["Prepared","Skewer"],"picked":"Slice","floor":7.0},{"not_picked":["Finisher","Prepared"],"picked":"Cloak And Dagger","floor":8.0},{"not_picked":["Prepared","Dagger Spray"],"picked":"Blade Dance","floor":12.0},{"not_picked":["Unload","Wraith Form v2"],"picked":"Envenom","floor":16.0},{"not_picked":["Deadly Poison","Cloak And Dagger"],"picked":"Acrobatics","floor":18.0},{"not_picked":["Setup","Flying Knee+1","Bouncing Flask"],"picked":"SKIP","floor":21.0},{"not_picked":["Expertise","Concentrate+1"],"picked":"Dodge and Roll","floor":22.0},{"not_picked":["Eviscerate","Crippling Poison"],"picked":"Slice","floor":24.0},{"not_picked":["Endless Agony","PiercingWail"],"picked":"Slice","floor":28.0},{"not_picked":["Setup","Prepared"],"picked":"Slice","floor":31.0},{"not_picked":["A Thousand Cuts","Phantasmal Killer"],"picked":"Adrenaline","floor":33.0},{"not_picked":["Dodge and Roll+1","Acrobatics"],"picked":"Slice+1","floor":35.0},{"not_picked":["Poisoned Stab+1","Bane+1","Bullet Time"],"picked":"SKIP","floor":36.0},{"not_picked":["PiercingWail+1","Flying Knee","Prepared"],"picked":"SKIP","floor":39.0},{"not_picked":["Heel Hook","PiercingWail"],"picked":"Prepared+1","floor":40.0},{"not_picked":["Catalyst+1","Backflip"],"picked":"Blade Dance+1","floor":44.0},{"not_picked":["Expertise+1","Prepared","Sucker Punch"],"picked":"SKIP","floor":46.0},{"not_picked":["Finisher","Bouncing Flask+1","Predator+1"],"picked":"SKIP","floor":46.0},{"not_picked":["Riddle With Holes","Blade Dance+1","Leg Sweep+1"],"picked":"SKIP","floor":47.0},{"not_picked":["Bouncing Flask+1","Quick Slash","Dagger Spray"],"picked":"SKIP","floor":47.0},{"not_picked":["Bandage Up","Enlightenment"],"picked":"Apotheosis","floor":48.0},{"not_picked":["Secret Technique","Magnetism"],"picked":"PanicButton","floor":48.0}],"player_experience":144818,"relics_obtained":[{"floor":7.0,"key":"Pear"},{"floor":9.0,"key":"Smiling Mask"},{"floor":24.0,"key":"Mango"},{"floor":24.0,"key":"Shuriken"},{"floor":26.0,"key":"Tiny Chest"},{"floor":38.0,"key":"Bag of Preparation"},{"floor":43.0,"key":"Prayer Wheel"},{"floor":44.0,"key":"War Paint"},{"floor":44.0,"key":"Paper Crane"}],"event_choices":[{"damage_healed":0.0,"max_hp_gain":0.0,"max_hp_loss":0.0,"gold_gain":0.0,"event_name":"Shining Light","player_choice":"Entered Light","floor":2.0,"gold_loss":0.0,"damage_taken":14.0,"cards_upgraded":["Underhanded Strike","Strike_G"]},{"cards_removed":["Strike_G"],"damage_healed":0.0,"max_hp_gain":0.0,"max_hp_loss":0.0,"gold_gain":0.0,"event_name":"Bonfire Elementals","player_choice":"Offered Basic","floor":3.0,"gold_loss":0.0,"damage_taken":0.0},{"damage_healed":0.0,"max_hp_gain":0.0,"max_hp_loss":0.0,"gold_gain":0.0,"cards_transformed":["Defend_G"],"event_name":"Transmorgrifier","player_choice":"Transformed","floor":14.0,"gold_loss":0.0,"damage_taken":0.0,"cards_obtained":["Grand Finale"]},{"damage_healed":0.0,"max_hp_gain":0.0,"max_hp_loss":0.0,"gold_gain":0.0,"cards_transformed":["Defend_G"],"event_name":"Transmorgrifier","player_choice":"Transformed","floor":30.0,"gold_loss":0.0,"damage_taken":0.0,"cards_obtained":["Cloak And Dagger"]},{"damage_healed":0.0,"max_hp_gain":0.0,"max_hp_loss":0.0,"gold_gain":0.0,"event_name":"Mysterious Sphere","player_choice":"Ignored","floor":37.0,"gold_loss":0.0,"damage_taken":0.0},{"damage_healed":0.0,"max_hp_gain":0.0,"max_hp_loss":0.0,"gold_gain":0.0,"event_name":"SensoryStone","player_choice":"Memory 3","floor":48.0,"gold_loss":0.0,"damage_taken":10.0}],"is_beta":false,"boss_relics":[{"not_picked":["Snecko Eye","Philosopher\u0027s Stone"],"picked":"Black Star"},{"not_picked":["Runic Dome","Velvet Choker"],"picked":"Runic Pyramid"}],"items_purged_floors":[5,11,19,20,29,42],"is_endless":false,"potions_floor_spawned":[7,12,18,28,33,35,39,44,46,47],"ascension_level":5}}