{"host":"oy4pyvr762z5n0bb","time":1608961300,"event":{"mods":["AchievementEnabler","BaseMod","Colored Map","Colored Powertips","Googly Eyes","Key Reminder","Minty Spire (QoL Compilation)","Quick Restart","Relic Sorter","StSLib","SuperFastMode","Unceasing Turn Reminder","slay the spire mod where everything is the same but ironclad has a cowboy hat"],"gold_per_floor":[109,384,399,414,132,132,52,77,77,27,45,63,63,77,77,178,178,196,222,233,27,27,27,27],"floor_reached":23,"playtime":678,"items_purged":["Regret","Strike_G"],"score":239,"play_id":"8c17ec12-2841-40f5-9dc6-a1e8ad16c019","local_time":"20201225214140","is_ascension_mode":true,"campfire_choices":[{"data":"Footwork","floor":6,"key":"SMITH"},{"data":"Cloak And Dagger","floor":13,"key":"SMITH"},{"data":"Flechettes","floor":15,"key":"SMITH"}],"circlet_count":0,"master_deck":["Strike_G","Strike_G","Strike_G","Strike_G","Defend_G","Defend_G","Defend_G","Defend_G","Defend_G","Survivor","Neutralize","Skewer","Backflip","Terror","Footwork+1","Flash of Steel","Cloak And Dagger+1","Riddle With Holes","Cloak And Dagger","Quick Slash","Predator","Flechettes+1","A Thousand Cuts","Calculated Gamble","Prepared","Prepared+1","Footwork","Dash","Malaise","Neutralize"],"relics":["Ring of the Snake","NeowsBlessing","Gambling Chip","HornCleat","WristBlade","Red Mask"],"acts_visited":["Exordium","TheCity"],"potions_floor_usage":[8,16,19,23],"damage_taken":[{"damage":0,"enemies":"Cultist","floor":1,"turns":1},{"damage":0,"enemies":"2 Louse","floor":3,"turns":1},{"damage":0,"enemies":"Jaw Worm","floor":4,"turns":1},{"damage":6,"enemies":"Lagavulin","floor":8,"turns":5},{"damage":0,"enemies":"Red Slaver","floor":11,"turns":5},{"damage":12,"enemies":"Exordium Wildlife","floor":12,"turns":3},{"damage":0,"enemies":"Looter","floor":14,"turns":3},{"damage":14,"enemies":"Hexaghost","floor":16,"turns":8},{"damage":1,"enemies":"Chosen","floor":18,"turns":4},{"damage":20,"enemies":"Masked Bandits","floor":19,"turns":4},{"damage":14,"enemies":"2 Thieves","floor":20,"turns":4},{"damage":49,"enemies":"Slavers","floor":23,"turns":6}],"seed_played":"2078879165244363581","potions_obtained":[{"floor":1,"key":"SteroidPotion"},{"floor":12,"key":"GamblersBrew"},{"floor":14,"key":"PowerPotion"},{"floor":16,"key":"FairyPotion"},{"floor":18,"key":"CultistPotion"}],"is_trial":false,"path_per_floor":["M","?","M","M","$","R","$","E","T","$","M","M","R","M","R","B",null,"M","?","M","$","?","E"],"character_chosen":"THE_SILENT","items_purchased":["Footwork","Flash of Steel","Cloak And Dagger","Riddle With Holes","Quick Slash","Footwork","Dash"],"campfire_rested":0,"item_purchase_floors":[5,5,5,7,10,21,21],"current_hp_per_floor":[70,70,70,70,70,70,70,64,64,64,64,52,52,52,52,38,62,61,41,27,27,27,0,0],"gold":27,"neow_bonus":"THREE_ENEMY_KILL","is_daily":false,"chose_seed":false,"campfire_upgraded":3,"win_rate":0.0,"timestamp":1608961300,"path_taken":["M","?","M","M","$","R","?","E","T","$","M","M","R","?","R","BOSS","M","?","M","$","?","E"],"items_purchased_type":["Card","Card","Card","Card","Card","Card","Card"],"build_version":"2020-12-22","purchased_purges":2,"victory":false,"max_hp_per_floor":[70,70,70,70,70,70,70,70,70,70,70,70,70,70,70,70,70,70,70,70,70,70,70,70],"card_choices":[{"not_picked":["Terror","Deflect"],"picked":"Skewer","floor":1},{"not_picked":["Acrobatics","Blade Dance"],"picked":"Backflip","floor":3},{"not_picked":["Dodge and Roll","Dagger Spray"],"picked":"Terror","floor":4},{"not_picked":["Infinite Blades","Sucker Punch"],"picked":"Cloak And Dagger","floor":8},{"not_picked":["Riddle With Holes","Well Laid Plans"],"picked":"Predator","floor":11},{"not_picked":["Acrobatics","Calculated Gamble","Choke"],"picked":"SKIP","floor":12},{"not_picked":["Backflip","Cloak And Dagger"],"picked":"Flechettes","floor":14},{"not_picked":["Venomology","Malaise"],"picked":"A Thousand Cuts","floor":16},{"not_picked":["Skewer+1","Quick Slash"],"picked":"Calculated Gamble","floor":18},{"not_picked":["Tactician","Leg Sweep"],"picked":"Prepared","floor":19},{"not_picked":["Acrobatics","PiercingWail"],"picked":"Prepared+1","floor":20}],"player_experience":581068,"relics_obtained":[{"floor":8,"key":"Gambling Chip"},{"floor":9,"key":"HornCleat"},{"floor":19,"key":"Red Mask"}],"event_choices":[{"damage_healed":0,"gold_gain":275,"player_choice":"Desecrate","damage_taken":0,"max_hp_gain":0,"max_hp_loss":0,"event_name":"Golden Shrine","floor":2,"gold_loss":0,"cards_obtained":["Regret"]},{"damage_healed":0,"gold_gain":0,"player_choice":"Fought Bandits","damage_taken":0,"max_hp_gain":0,"max_hp_loss":0,"event_name":"Masked Bandits","floor":19,"gold_loss":0},{"damage_healed":0,"gold_gain":0,"player_choice":"2 cards matched","damage_taken":0,"max_hp_gain":0,"max_hp_loss":0,"event_name":"Match and Keep!","floor":22,"gold_loss":0,"cards_obtained":["Malaise","Neutralize"]}],"is_beta":false,"boss_relics":[{"not_picked":["SacredBark","SlaversCollar"],"picked":"WristBlade"}],"items_purged_floors":[5,21],"is_endless":false,"potions_floor_spawned":[1,12,14,16,18],"killed_by":"Slavers","ascension_level":5}}