{"host":"sa7ebub27cgn5wai","time":1608962355,"event":{"mods":["BaseMod","Colored Map","Minty Spire (QoL Compilation)","SuperFastMode"],"gold_per_floor":[118,138,151,162,162,162,173,173,173,189,221,221,221,321,321,321,321],"floor_reached":16,"playtime":365,"items_purged":[],"score":163,"play_id":"8be99b89-e6d5-46fb-9d6c-4bc269100dc8","local_time":"20201226145915","is_ascension_mode":true,"campfire_choices":[{"data":"Inflame","floor":6,"key":"SMITH"},{"data":"Battle Trance","floor":8,"key":"SMITH"},{"floor":12,"key":"REST"},{"floor":15,"key":"REST"}],"circlet_count":0,"master_deck":["AscendersBane","Strike_R","Strike_R","Strike_R+1","Strike_R","Strike_R+1","Defend_R","Defend_R","Defend_R","Defend_R","Bash","Impatience","Battle Trance+1","Flex","Flex","Inflame+1"],"relics":["Burning Blood","Smiling Mask","Ornamental Fan","Dead Branch"],"acts_visited":["Exordium"],"potions_floor_usage":[11],"damage_taken":[{"damage":10,"enemies":"Small Slimes","floor":1,"turns":4},{"damage":7,"enemies":"2 Louse","floor":2,"turns":3},{"damage":1,"enemies":"Cultist","floor":3,"turns":4},{"damage":11,"enemies":"Looter","floor":4,"turns":2},{"damage":13,"enemies":"Exordium Thugs","floor":7,"turns":4},{"damage":17,"enemies":"Red Slaver","floor":10,"turns":4},{"damage":35,"enemies":"Lagavulin","floor":11,"turns":5},{"damage":70,"enemies":"Slime Boss","floor":16,"turns":10}],"seed_played":"-2831128902008223838","potions_obtained":[{"floor":2,"key":"Strength Potion"},{"floor":10,"key":"FairyPotion"}],"is_trial":false,"path_per_floor":["M","M","M","M","?","R","M","R","T","M","E","R","?","?","R","B"],"character_chosen":"IRONCLAD","items_purchased":[],"campfire_rested":2,"item_purchase_floors":[],"current_hp_per_floor":[68,67,72,67,55,55,48,48,48,37,8,32,16,16,40,0,0],"gold":321,"neow_bonus":"RANDOM_COLORLESS","is_daily":false,"chose_seed":false,"campfire_upgraded":2,"win_rate":0.0,"timestamp":1608962355,"path_taken":["M","M","M","M","?","R","M","R","T","M","E","R","?","?","R","BOSS"],"items_purchased_type":[],"build_version":"2020-12-22","purchased_purges":0,"victory":false,"max_hp_per_floor":[80,80,80,80,80,80,80,80,80,80,80,80,80,80,80,80,80],"card_choices":[{"not_picked":["Dark Shackles","Deep Breath"],"picked":"Impatience","floor":0},{"not_picked":["Clothesline","Pommel Strike"],"picked":"Battle Trance","floor":1},{"not_picked":["Feel No Pain","Body Slam"],"picked":"Flex","floor":2},{"not_picked":["Entrench","Headbutt"],"picked":"Flex","floor":3},{"not_picked":["Uppercut","Body Slam"],"picked":"Inflame","floor":4},{"not_picked":["Second Wind","Exhume","True Grit"],"picked":"SKIP","floor":7},{"not_picked":["Warcry","Shrug It Off","Thunderclap"],"picked":"SKIP","floor":10},{"not_picked":["Hemokinesis","Flex","Iron Wave"],"picked":"SKIP","floor":11}],"player_experience":280567,"relics_obtained":[{"floor":9,"key":"Ornamental Fan"},{"floor":11,"key":"Dead Branch"}],"event_choices":[{"damage_healed":0,"gold_gain":0,"player_choice":"Success","damage_taken":12,"relics_obtained":["Smiling Mask"],"max_hp_gain":0,"max_hp_loss":0,"event_name":"Scrap Ooze","floor":5,"gold_loss":0},{"damage_healed":0,"gold_gain":0,"player_choice":"Entered Light","damage_taken":16,"max_hp_gain":0,"max_hp_loss":0,"event_name":"Shining Light","floor":13,"gold_loss":0,"cards_upgraded":["Strike_R","Strike_R"]},{"damage_healed":0,"gold_gain":100,"player_choice":"Pray","damage_taken":0,"max_hp_gain":0,"max_hp_loss":0,"event_name":"Golden Shrine","floor":14,"gold_loss":0}],"is_beta":false,"boss_relics":[],"items_purged_floors":[],"is_endless":false,"potions_floor_spawned":[2,10],"killed_by":"Slime Boss","ascension_level":12}}