{"host":"foq4mrde4mssg7vt","time":1608971354,"event":{"mods":["AchievementEnabler","BaseMod","Colored Map","Colored Powertips","Highlight Path","Minty Spire (QoL Compilation)","Relic Stats","everything is the same but u backflip on backflip"],"gold_per_floor":[14,31,31,31,47,47,87,87,166,207,241,18,52,66,66,156,156,171,171,47,47,62,62,98,98,98,523,559,583,583,596,596,686,686,710,741,741,963,977,977,1008,1024,1076,1099,1123,1157,1172,1172,1172,1172,1172,1172,329,368,368],"floor_reached":56,"playtime":3430,"items_purged":["Expertise","Expertise"],"score":2043,"play_id":"6756bb83-5cef-450c-93a2-4a60626c6412","local_time":"20201226162914","is_ascension_mode":true,"campfire_choices":[{"data":"Noxious Fumes","floor":6.0,"key":"SMITH"},{"data":"Neutralize","floor":8.0,"key":"SMITH"},{"floor":15,"key":"REST"},{"floor":23,"key":"REST"},{"floor":30,"key":"REST"},{"floor":32,"key":"REST"},{"data":"Wraith Form v2","floor":40,"key":"SMITH"},{"floor":49,"key":"RECALL"},{"data":"Deadly Poison","floor":52,"key":"SMITH"}],"circlet_count":0,"master_deck":["AscendersBane","Survivor","Neutralize+1","Wraith Form v2+1","Noxious Fumes+1","Bane+1","Adrenaline","Blur","Well Laid Plans","Dash","PiercingWail","Malaise","Well Laid Plans","Doppelganger","Noxious Fumes","Heel Hook+1","Noxious Fumes","Accuracy","Burst","Blade Dance","Deadly Poison+1","Crippling Poison","Dodge and Roll+1","Calculated Gamble+1","Poisoned Stab+1","Burst+1","Footwork+1","Calculated Gamble+1"],"relics":["Ring of the Snake","Golden Idol","Blood Vial","Matryoshka","WingedGreaves","Vajra","Orichalcum","Toy Ornithopter","Pandora\u0027s Box","Enchiridion","Whetstone","Toxic Egg 2","Frozen Egg 2","Smiling Mask","Pantograph","Old Coin","Singing Bowl","Red Mask","Cursed Key","Bronze Scales","FossilizedHelix","HornCleat","Tingsha","TwistedFunnel","Mango"],"acts_visited":["Exordium","TheCity","TheBeyond","TheEnding"],"potions_floor_usage":[46,55,55],"damage_taken":[{"damage":20.0,"enemies":"Cultist","floor":1.0,"turns":8.0},{"damage":0.0,"enemies":"Small Slimes","floor":2.0,"turns":4.0},{"damage":1.0,"enemies":"Jaw Worm","floor":5.0,"turns":5.0},{"damage":17.0,"enemies":"Gremlin Nob","floor":7.0,"turns":4.0},{"damage":11.0,"enemies":"3 Sentries","floor":10.0,"turns":7.0},{"damage":17.0,"enemies":"Lagavulin","floor":11.0,"turns":8.0},{"damage":6,"enemies":"Gremlin Nob","floor":13,"turns":4},{"damage":0,"enemies":"Large Slime","floor":14,"turns":4},{"damage":13,"enemies":"The Guardian","floor":16,"turns":11},{"damage":3,"enemies":"Spheric Guardian","floor":18,"turns":5},{"damage":21,"enemies":"2 Thieves","floor":22,"turns":4},{"damage":0,"enemies":"Gremlin Leader","floor":24,"turns":5},{"damage":0,"enemies":"Colosseum Slavers","floor":27,"turns":3},{"damage":1,"enemies":"Colosseum Nobs","floor":27,"turns":5},{"damage":13,"enemies":"Masked Bandits","floor":28,"turns":4},{"damage":9,"enemies":"Shelled Parasite and Fungi","floor":29,"turns":7},{"damage":6,"enemies":"Snake Plant","floor":31,"turns":5},{"damage":33,"enemies":"Champ","floor":33,"turns":10},{"damage":9,"enemies":"3 Darklings","floor":35,"turns":5},{"damage":16,"enemies":"Mind Bloom Boss Battle","floor":36,"turns":7},{"damage":0,"enemies":"3 Shapes","floor":39,"turns":4},{"damage":2,"enemies":"Giant Head","floor":41,"turns":8},{"damage":4,"enemies":"Writhing Mass","floor":42,"turns":7},{"damage":4,"enemies":"Spire Growth","floor":44,"turns":5},{"damage":5,"enemies":"Sphere and 2 Shapes","floor":45,"turns":4},{"damage":8,"enemies":"Reptomancer","floor":46,"turns":7},{"damage":8,"enemies":"Jaw Worm Horde","floor":47,"turns":5},{"damage":19,"enemies":"Time Eater","floor":50,"turns":14},{"damage":7,"enemies":"Shield and Spear","floor":54,"turns":6},{"damage":53,"enemies":"The Heart","floor":55,"turns":11}],"seed_played":"-3273923825316804913","potions_obtained":[{"floor":1.0,"key":"DuplicationPotion"},{"floor":2.0,"key":"Dexterity Potion"},{"floor":14,"key":"GhostInAJar"},{"floor":47,"key":"Dexterity Potion"}],"is_trial":false,"path_per_floor":["M","M","?","?","M","R","E","R","T","E","E","$","E","M","R","B",null,"M","?","$","?","M","R","E","T","T","?","?","M","R","M","R","B",null,"M","?","?","?","M","R","E","M","T","M","M","E","M","?","R","B",null,"R","$","E","B",null],"character_chosen":"THE_SILENT","items_purchased":["Orichalcum","Well Laid Plans","Deadly Poison","HornCleat","Tingsha","TwistedFunnel","Calculated Gamble+1"],"campfire_rested":4,"item_purchase_floors":[12,12,20,53,53,53,53],"current_hp_per_floor":[39,39,39,59,58,58,41,41,41,32,17,17,13,15,33,22,51,50,50,50,29,10,28,30,30,30,33,22,17,35,31,49,29,54,49,50,50,50,54,54,56,56,56,56,53,54,50,50,50,58,73,73,73,84,41],"gold":368,"neow_bonus":"THREE_RARE_CARDS","is_daily":false,"chose_seed":false,"campfire_upgraded":4,"win_rate":0.0,"timestamp":1608971354,"path_taken":["M","M","?","?","M","R","E","R","T","E","E","$","E","M","R","BOSS","M","?","$","?","?","R","E","?","T","?","?","M","R","M","R","BOSS","M","?","?","?","M","R","E","?","T","M","M","E","M","?","R","BOSS","R","$","E","BOSS"],"items_purchased_type":["Relic","Card","Card","Relic","Relic","Relic","Card"],"build_version":"2020-12-22","purchased_purges":2,"victory":true,"max_hp_per_floor":[66,66,60,60,60,60,60,60,60,60,60,60,60,60,60,60,60,60,60,60,60,60,60,60,60,60,60,60,62,62,62,62,62,62,64,66,66,66,68,68,70,72,72,74,74,76,78,78,78,78,78,78,78,94,94],"relic_stats":{"Singing Bowl":20,"counters":[30,186],"Golden Idol":215,"Tingsha":[47],"Whetstone":["Bane","Heel Hook"],"Orichalcum":[438],"Smiling Mask":50,"Cursed Key":1,"Blood Vial":46,"Pantograph":63,"Bronze Scales":[309],"Pandora\u0027s Box":["Well Laid Plans","Doppelganger","Noxious Fumes","Expertise","Heel Hook","Accuracy","Noxious Fumes","Accuracy","Expertise","Burst"],"obtain_stats":[{"TwistedFunnel":53,"Singing Bowl":27,"Vajra":11,"Enchiridion":21,"Mango":54,"Whetstone":24,"Smiling Mask":26,"Cursed Key":34,"Old Coin":27,"Blood Vial":7,"Matryoshka":9,"HornCleat":53,"Pantograph":26,"WingedGreaves":10,"Red Mask":28,"Toxic Egg 2":25,"Ring of the Snake":0,"Golden Idol":3,"Tingsha":53,"Orichalcum":12,"Frozen Egg 2":25,"Bronze Scales":41,"Pandora\u0027s Box":17,"Toy Ornithopter":13,"FossilizedHelix":46},{"TwistedFunnel":28,"Singing Bowl":14,"Vajra":6,"Enchiridion":10,"Mango":29,"Whetstone":12,"Smiling Mask":12,"Cursed Key":18,"Old Coin":14,"Blood Vial":4,"Matryoshka":4,"HornCleat":28,"Pantograph":12,"WingedGreaves":5,"Red Mask":15,"Toxic Egg 2":12,"Ring of the Snake":0,"Golden Idol":2,"Tingsha":28,"Orichalcum":6,"Frozen Egg 2":12,"Bronze Scales":22,"Pandora\u0027s Box":9,"Toy Ornithopter":7,"FossilizedHelix":26},{"TwistedFunnel":169,"Singing Bowl":77,"Vajra":36,"Enchiridion":60,"Mango":175,"Whetstone":69,"Smiling Mask":69,"Cursed Key":103,"Old Coin":77,"Blood Vial":21,"Matryoshka":21,"HornCleat":169,"Pantograph":69,"WingedGreaves":28,"Red Mask":81,"Toxic Egg 2":69,"Ring of the Snake":0,"Golden Idol":12,"Tingsha":169,"Orichalcum":36,"Frozen Egg 2":69,"Bronze Scales":127,"Pandora\u0027s Box":55,"Toy Ornithopter":40,"FossilizedHelix":150}],"Toy Ornithopter":5,"Ring of the Snake":[60]},"card_choices":[{"not_picked":["Doppelganger","Bullet Time"],"picked":"Wraith Form v2","floor":0.0},{"not_picked":["Blur","Prepared"],"picked":"Noxious Fumes","floor":1.0},{"not_picked":["Leg Sweep","Slice"],"picked":"Bane","floor":2.0},{"not_picked":["Dodge and Roll","Concentrate"],"picked":"Quick Slash","floor":5.0},{"not_picked":["Endless Agony","Escape Plan"],"picked":"Adrenaline","floor":7.0},{"not_picked":["Prepared","Acrobatics","Eviscerate"],"picked":"SKIP","floor":10.0},{"not_picked":["Unload","Sucker Punch"],"picked":"Blur","floor":11.0},{"not_picked":["Setup","Tools of the Trade"],"picked":"Dash","floor":13},{"not_picked":["Outmaneuver","Dodge and Roll"],"picked":"PiercingWail","floor":14},{"not_picked":["Tools of the Trade","Venomology"],"picked":"Malaise","floor":16},{"not_picked":["Dagger Spray","Blur"],"picked":"Blade Dance","floor":18},{"not_picked":["Outmaneuver","Backflip"],"picked":"Crippling Poison","floor":22},{"not_picked":["Caltrops","Terror","Grand Finale"],"picked":"SKIP","floor":24},{"not_picked":["Flying Knee","Acrobatics+1"],"picked":"Dodge and Roll+1","floor":27},{"not_picked":["Outmaneuver+1","Distraction+1"],"picked":"Calculated Gamble+1","floor":28},{"not_picked":["Choke","Dagger Throw","Dash"],"picked":"Singing Bowl","floor":29},{"not_picked":["Setup+1","Blade Dance+1"],"picked":"Poisoned Stab+1","floor":31},{"not_picked":["Doppelganger+1","A Thousand Cuts+1"],"picked":"Burst+1","floor":33},{"not_picked":["Quick Slash","Cloak And Dagger+1","Riddle With Holes"],"picked":"Singing Bowl","floor":35},{"not_picked":["Choke","Prepared+1","Blade Dance+1"],"picked":"Singing Bowl","floor":36},{"not_picked":["Underhanded Strike+1","Outmaneuver+1","Deadly Poison+1"],"picked":"Singing Bowl","floor":39},{"not_picked":["Outmaneuver+1","Underhanded Strike","Sucker Punch"],"picked":"Singing Bowl","floor":41},{"not_picked":["Cloak And Dagger+1","Terror+1","Tools of the Trade+1"],"picked":"Singing Bowl","floor":42},{"not_picked":["Masterful Stab","Dodge and Roll+1","Well Laid Plans+1"],"picked":"Singing Bowl","floor":44},{"not_picked":["PiercingWail+1","Sucker Punch"],"picked":"Footwork+1","floor":45},{"not_picked":["Concentrate+1","Endless Agony","After Image+1"],"picked":"Singing Bowl","floor":46},{"not_picked":["Slice","Dagger Throw+1","Deflect+1"],"picked":"Singing Bowl","floor":47},{"not_picked":["After Image+1","Dagger Spray","Blade Dance+1"],"picked":"Singing Bowl","floor":54}],"player_experience":280013,"relics_obtained":[{"floor":7.0,"key":"Blood Vial"},{"floor":9.0,"key":"Matryoshka"},{"floor":10.0,"key":"WingedGreaves"},{"floor":11.0,"key":"Vajra"},{"floor":13,"key":"Toy Ornithopter"},{"floor":21,"key":"Enchiridion"},{"floor":24,"key":"Whetstone"},{"floor":25,"key":"Toxic Egg 2"},{"floor":25,"key":"Frozen Egg 2"},{"floor":26,"key":"Smiling Mask"},{"floor":26,"key":"Pantograph"},{"floor":27,"key":"Old Coin"},{"floor":27,"key":"Singing Bowl"},{"floor":28,"key":"Red Mask"},{"floor":41,"key":"Bronze Scales"},{"floor":46,"key":"FossilizedHelix"},{"floor":54,"key":"Mango"}],"event_choices":[{"damage_healed":0.0,"max_hp_gain":0.0,"max_hp_loss":6.0,"gold_gain":0.0,"event_name":"Golden Idol","player_choice":"Lose Max HP","floor":3.0,"gold_loss":0.0,"damage_taken":0.0,"relics_obtained":["Golden Idol"]},{"damage_healed":20.0,"max_hp_gain":0.0,"max_hp_loss":0.0,"gold_gain":0.0,"event_name":"Big Fish","player_choice":"Banana","floor":4.0,"gold_loss":0.0,"damage_taken":0.0},{"cards_removed":["Accuracy"],"damage_healed":0,"gold_gain":0,"player_choice":"Elegance","damage_taken":0,"max_hp_gain":0,"max_hp_loss":0,"event_name":"Back to Basics","floor":19,"gold_loss":0},{"damage_healed":0,"gold_gain":0,"player_choice":"Obtained Book","damage_taken":21,"max_hp_gain":0,"max_hp_loss":0,"event_name":"Cursed Tome","floor":21,"gold_loss":0},{"damage_healed":0,"gold_gain":0,"player_choice":"Fight","damage_taken":0,"max_hp_gain":0,"max_hp_loss":0,"event_name":"Colosseum","floor":27,"gold_loss":0},{"damage_healed":0,"gold_gain":0,"player_choice":"Fought Nobs","damage_taken":0,"max_hp_gain":0,"max_hp_loss":0,"event_name":"Colosseum","floor":27,"gold_loss":0},{"damage_healed":0,"gold_gain":0,"player_choice":"Fought Bandits","damage_taken":0,"max_hp_gain":0,"max_hp_loss":0,"event_name":"Masked Bandits","floor":28,"gold_loss":0},{"damage_healed":0,"gold_gain":0,"player_choice":"Fight","damage_taken":0,"max_hp_gain":0,"max_hp_loss":0,"event_name":"MindBloom","floor":36,"gold_loss":0},{"cards_removed":["Quick Slash"],"damage_healed":0,"gold_gain":0,"player_choice":"Removed Attack","damage_taken":0,"max_hp_gain":0,"max_hp_loss":0,"event_name":"Falling","floor":37,"gold_loss":0},{"damage_healed":0,"gold_gain":222,"player_choice":"Wore Mask","damage_taken":0,"max_hp_gain":0,"max_hp_loss":0,"event_name":"Tomb of Lord Red Mask","floor":38,"gold_loss":0},{"cards_removed":["Clumsy"],"damage_healed":0,"gold_gain":0,"player_choice":"Removed Curses","damage_taken":0,"max_hp_gain":0,"max_hp_loss":0,"event_name":"Fountain of Cleansing","floor":48,"gold_loss":0}],"is_beta":false,"boss_relics":[{"not_picked":["Runic Dome","Empty Cage"],"picked":"Pandora\u0027s Box"},{"not_picked":["Coffee Dripper","Sozu"],"picked":"Cursed Key"}],"items_purged_floors":[20,53],"is_endless":false,"potions_floor_spawned":[1,2,10,13,14,16,22,27,29,31,35,39,44,45,47],"ascension_level":15}}