{"host":"7t8rqoeeopyy0nh0","time":1608951300,"event":{"mods":["AchievementEnabler","BaseMod","Better Third Choice","BetterRewards","Colored Map","Colored Powertips","Downfall","Hubris","Infinite Spire","Marisa????????","Minty Spire (QoL Compilation)","Replay The Spire","StSLib","The Animator","The Construct","The Cursed","The Hierophant"],"gold_per_floor":[128,183,214,289,70,70,96,96,96,124,124,124,124,136,136,254,254,272,44,76,94,394,394,404,430,430,478,478,478,478,154,154,271,271,291,318,318,342,266,319,319,349,349,384,197,197,233,233,233],"floor_reached":48,"playtime":2507,"items_purged":["Defend_MRS","Strike_MRS","Strike_MRS","Strike_MRS"],"score":672,"play_id":"bfd02c34-9804-4408-84a8-6c989c18e6b5","local_time":"20201225215500","is_ascension_mode":false,"campfire_choices":[{"data":"AlicesGift","floor":6,"key":"SMITH"},{"floor":8,"key":"REST"},{"data":"StarBarrage","floor":12,"key":"SMITH"},{"data":"Replay:Fractal Strike","floor":15,"key":"SMITH"},{"data":"MachineGunSpark","floor":23,"key":"SMITH"},{"floor":32,"key":"REST"},{"floor":41,"key":"REST"}],"circlet_count":0,"master_deck":["Strike_MRS","Defend_MRS","Defend_MRS","Defend_MRS","MasterSpark+1","UpSweep+1","WitchOfGreed","WitchLeyline","GasGiant","GasGiant","WitchLeyline","AlicesGift+1","MagicAbsorber","ShootingEcho","StarBarrage+1","Replay:Fractal Strike+1","EarthLightRay","RefractionSpark","SuperPerseids","MachineGunSpark+1","MilkyWay","MilkyWay+1","infinitespire:Gouge+1","OortCloud","EnergyFlow","NonDirectionalLaser+1","expansioncontent:CaCaw+1","FinalSpark","GasGiant+1","Robbery+1","SatelliteIllusion+1","MysteriousBeam+1","hubris:DuctTapeCard","OrrerysSun+1"],"relics":["MiniHakkero","Orichalcum","Unceasing Top","Blue Doll","Question Card","White Beast Statue","ExperimentalFamiliar","Snecko Eye","Old Coin","Frozen Egg 2","Ancient Tea Set","Membership Card","Whetstone","SlaversCollar","hubris:TinFlute","Gremlin Food","hubris:DuctTape"],"acts_visited":["Exordium","TheCity","TheBeyond"],"potions_floor_usage":[14,16,16,25,27,33,33,35,40,44],"damage_taken":[{"damage":3,"enemies":"Jaw Worm","floor":1,"turns":3},{"damage":4,"enemies":"Small Slimes","floor":3,"turns":3},{"damage":2,"enemies":"2 Louse","floor":7,"turns":3},{"damage":0,"enemies":"Large Slime","floor":10,"turns":5},{"damage":0,"enemies":"3 Louse","floor":14,"turns":2},{"damage":24,"enemies":"Fading Forest","floor":16,"turns":11},{"damage":0,"enemies":"2 Thieves","floor":18,"turns":1},{"damage":4,"enemies":"Spheric Guardian","floor":20,"turns":3},{"damage":9,"enemies":"Snecko","floor":21,"turns":4},{"damage":29,"enemies":"3 Cultists","floor":24,"turns":6},{"damage":16,"enemies":"Snake Plant","floor":25,"turns":3},{"damage":21,"enemies":"Replay:Snechameleon","floor":27,"turns":4},{"damage":17,"enemies":"hubris:MusketHawk","floor":33,"turns":5},{"damage":6,"enemies":"3 Darklings","floor":35,"turns":4},{"damage":0,"enemies":"Orb Walker","floor":36,"turns":2},{"damage":22,"enemies":"Maw","floor":38,"turns":7},{"damage":24,"enemies":"Nemesis","floor":40,"turns":5},{"damage":15,"enemies":"Transient","floor":42,"turns":5},{"damage":23,"enemies":"Writhing Mass","floor":44,"turns":5},{"damage":10,"enemies":"Maw","floor":47,"turns":7},{"damage":0,"enemies":"Transient","floor":48,"turns":1}],"seed_played":"-1757513622190432176","potions_obtained":[{"floor":1,"key":"FairyPotion"},{"floor":1,"key":"champ:CounterPotion"},{"floor":3,"key":"Adrenaline Potion"},{"floor":3,"key":"Fire Potion"},{"floor":7,"key":"Energy Potion"},{"floor":10,"key":"Venom Potion"},{"floor":14,"key":"PowerPotion"},{"floor":16,"key":"GamblersBrew"},{"floor":16,"key":"Swift Potion"},{"floor":18,"key":"Swift Potion"},{"floor":20,"key":"Dexterity Potion"},{"floor":27,"key":"sneckomod:MuddlingPotion"},{"floor":27,"key":"champ:CounterPotion"},{"floor":33,"key":"Strength Potion"},{"floor":33,"key":"SkillPotion"},{"floor":35,"key":"champ:CounterPotion"},{"floor":38,"key":"ColorlessPotion"},{"floor":40,"key":"Adrenaline Potion"},{"floor":42,"key":"Dexterity Potion"},{"floor":44,"key":"Fire Potion"}],"is_trial":false,"path_per_floor":["M","?","M","?","$","R","M","R","T","M","?","R","T","M","R","B",null,"M","$","M","M","AVR","R","M","M","T","E","?","?","?","$","R","B",null,"M","M","?","M","$","E","R","M","T","M","$","?","M","M"],"character_chosen":"MARISA","items_purchased":["Orichalcum","WitchOfGreed","WitchLeyline","GasGiant","Blue Doll","MagicAbsorber","SuperPerseids","MachineGunSpark","Membership Card","Whetstone","expansioncontent:CaCaw+1","MysteriousBeam+1","Crow Ritual+1","hubris:DuctTape"],"campfire_rested":3,"item_purchase_floors":[0,0,0,0,5,5,19,19,31,31,31,39,45,45],"current_hp_per_floor":[45,45,41,30,30,30,28,50,50,50,32,32,32,32,32,22,75,75,75,71,66,66,66,41,25,25,8,8,8,8,8,30,13,75,69,69,85,63,63,39,64,53,53,34,34,34,24,24,24],"gold":233,"neow_bonus":"","is_daily":false,"chose_seed":false,"campfire_upgraded":4,"win_rate":0.0,"timestamp":1608951300,"path_taken":["M","?","M","?","$","R","M","R","T","M","?","R","?","M","R","BOSS","M","$","M","M","AVR","R","M","M","T","E","?","?","?","?","R","BOSS","M","M","?","?","?","E","R","M","T","M","$","?","?","?"],"items_purchased_type":["Relic","Card","Card","Card","Relic","Card","Card","Card","Relic","Relic","Card","Card","Card","Relic"],"build_version":"2020-12-22","purchased_purges":4,"victory":false,"max_hp_per_floor":[75,75,75,75,75,75,75,75,75,75,75,75,75,75,75,75,75,75,75,75,75,75,75,75,75,75,75,75,75,75,75,75,75,75,75,75,85,85,85,85,85,85,85,85,85,85,85,85,85],"card_choices":[{"not_picked":["UnstableBomb","GravityBeat"],"picked":"WitchLeyline","floor":1},{"not_picked":["NonDirectionalLaser","DC"],"picked":"AlicesGift","floor":3},{"not_picked":["6A","MysteriousBeam"],"picked":"ShootingEcho","floor":7},{"not_picked":["PowerUp","FairyDestructionRay","Acceleration"],"picked":"StarBarrage","floor":10},{"not_picked":["ReplayTheSpireMod:Haul","ReplayTheSpireMod:??????????????????????"],"picked":"Replay:Fractal Strike","floor":11},{"not_picked":["GravityBeat","ManaConvection","PowerUp"],"picked":"EarthLightRay","floor":14},{"not_picked":["UltimateShortwave","MaximisePower","BigCrunch"],"picked":"TreasureHunter","floor":16},{"not_picked":["MysteriousBeam","UnstableBomb+1","ChargingUp+1"],"picked":"RefractionSpark","floor":18},{"not_picked":["SporeBomb","UnstableBomb","Singularity"],"picked":"MilkyWay","floor":20},{"not_picked":["OrrerysSun","DC","MagicChant+1"],"picked":"MilkyWay+1","floor":21},{"not_picked":["PowerUp","ShootingEcho+1","MysteriousBeam"],"picked":"OortCloud","floor":24},{"not_picked":["AsteroidBelt","MagicChant","GravityBeat"],"picked":"EnergyFlow","floor":25},{"not_picked":["Robbery","GrandCross","DC"],"picked":"NonDirectionalLaser+1","floor":27},{"not_picked":["SatelliteIllusion+1","MaximisePower","UltimateShortwave"],"picked":"FinalSpark","floor":33},{"not_picked":["MysteriousBeam+1","ShootingEcho","EventHorizon+1"],"picked":"GasGiant+1","floor":35},{"not_picked":["UnstableBomb","NonDirectionalLaser+1","GalacticHalo"],"picked":"Robbery+1","floor":36},{"not_picked":["ShootingEcho","SuperPerseids","OneTimeOff"],"picked":"SatelliteIllusion+1","floor":38},{"not_picked":["Acceleration+1","MysteriousBeam+1","AsteroidBelt","PropBag"],"picked":"SKIP","floor":40},{"not_picked":["OneTimeOff","GravityBeat+1","WitchOfGreed+1","GalacticHalo+1"],"picked":"SKIP","floor":42},{"not_picked":["DragonMeteor","DarkMatter","ShootingEcho","MilkyWay"],"picked":"SKIP","floor":44},{"not_picked":["NonDirectionalLaser","DC+1","Acceleration+1"],"picked":"OrrerysSun+1","floor":47}],"player_experience":370031,"relics_obtained":[{"floor":9,"key":"Question Card"},{"floor":13,"key":"White Beast Statue"},{"floor":26,"key":"Frozen Egg 2"},{"floor":27,"key":"Ancient Tea Set"},{"floor":40,"key":"hubris:TinFlute"},{"floor":43,"key":"Gremlin Food"}],"event_choices":[{"damage_healed":0,"gold_gain":55,"player_choice":"Gained Gold","damage_taken":0,"max_hp_gain":0,"max_hp_loss":0,"event_name":"Golden Wing","floor":2,"gold_loss":0},{"damage_healed":0,"gold_gain":75,"player_choice":"Gold","damage_taken":11,"max_hp_gain":0,"max_hp_loss":0,"event_name":"betterThird:BetterGoop","floor":4,"gold_loss":0},{"damage_healed":0,"gold_gain":0,"player_choice":"Ignored","damage_taken":0,"max_hp_gain":0,"max_hp_loss":0,"event_name":"Ghosts","floor":28,"gold_loss":0},{"cards_removed":["TreasureHunter"],"damage_healed":6,"gold_gain":0,"player_choice":"Offered Rare","damage_taken":0,"max_hp_gain":10,"max_hp_loss":0,"event_name":"Bonfire Elementals","floor":37,"gold_loss":0},{"damage_healed":0,"gold_gain":0,"player_choice":"Ignored","damage_taken":0,"max_hp_gain":0,"max_hp_loss":0,"event_name":"NoteForYourself","floor":46,"gold_loss":0}],"is_beta":false,"boss_relics":[{"not_picked":["infinitespire:Cupcake","Replay:Drink Me"],"picked":"ExperimentalFamiliar"},{"not_picked":["Pandora\u0027s Box","Cursed Key"],"picked":"SlaversCollar"}],"items_purged_floors":[19,22,31,39],"is_endless":false,"potions_floor_spawned":[1,3,14,16,18,20,21,24,25,27,33,35,36,38,40,42,44,47],"killed_by":"Transient","ascension_level":0}}