{"host":"0cnf9zf1gia27zti","time":1608996427,"event":{"mods":["BaseMod","BetterRewards","Card Forge","Colored Map","Colored Powertips","Conspire","Downfall","Minty Spire (QoL Compilation)","Practice Mode","Quick Restart","Replay The Spire","Robot Space Explorer","Shade Mod","Spicy Shops","StSLib"],"gold_per_floor":[109,127,127,77,100,100,128,145,145,201,249,86,143,60,60,156,156,167,108,125,146,172,218,218,218,218,218,94,115,127,139,139,217,217,232,249,260,160,195,195,239,257,283,283,305,305],"floor_reached":45,"playtime":8218,"items_purged":["Strike_B","Strike_B"],"score":1010,"play_id":"15eb9045-ec6a-407a-9b28-664f57ba4615","local_time":"20201226152707","is_ascension_mode":true,"campfire_choices":[{"floor":6,"key":"REST"},{"floor":15,"key":"REST"},{"floor":24,"key":"REST"},{"data":"Defragment","floor":27,"key":"SMITH"},{"floor":32,"key":"REST"},{"floor":40,"key":"REST"},{"floor":44,"key":"REST"}],"circlet_count":0,"master_deck":["AscendersBane","Strike_B","Strike_B","Defend_B+1","Defend_B","Defend_B","Defend_B+1","Zap","Dualcast","ReplayTheSpireMod:Calculation Training","BasicCrystalCard+1","expansioncontent:SuperHexaguard+1","BasicCrystalCard+1","Consume+1","conspire:SpireCoStock+1","Barrage","Melter","Conserve Battery+1","Ball Lightning","Self Repair","Ball Lightning","Defragment+1","Barrage","Electrodynamics","FIFO Queue","Panic Button+1","Skim+1","Conserve Battery+1","Ball Lightning","Redo+1","BasicCrystalCard+1","Leap+1","Reboot+1","Fusion+1","Tempest+1","Crystallizer","Multi-Cast+1","Leap+1"],"relics":["Cracked Core","Hammer of Thor","Seething Fire","Anvil of the Gods","Omamori","Toxic Egg 2","ReplayTheSpireMod:TigerMarble","DataDisk","Letter Opener","Replay:Ringing Soul","ClockworkSouvenir","Garlic","Frozen Eye","Philosopher\u0027s Stone","War Paint","ReplayTheSpireMod:Shallot","Unceasing Top","conspire:SpecialSausage","ReplayFunnel","Replay:Baseball"],"acts_visited":["Exordium","TheCity","TheBeyond"],"potions_floor_usage":[8,8,8,13,13,16,21,31,33,39,45],"damage_taken":[{"damage":9,"enemies":"Jaw Worm","floor":1,"turns":4},{"damage":7,"enemies":"Small Slimes","floor":2,"turns":4},{"damage":1,"enemies":"Cultist","floor":5,"turns":4},{"damage":0,"enemies":"Exordium Wildlife","floor":8,"turns":2},{"damage":22,"enemies":"conspire:MimicChest","floor":10,"turns":4},{"damage":4,"enemies":"Blue Slaver","floor":11,"turns":4},{"damage":0,"enemies":"Lagavulin","floor":13,"turns":6},{"damage":52,"enemies":"Fading Forest","floor":16,"turns":11},{"damage":0,"enemies":"3 Byrds","floor":18,"turns":3},{"damage":15,"enemies":"2 Thieves","floor":20,"turns":4},{"damage":16,"enemies":"Snake Plant","floor":21,"turns":3},{"damage":21,"enemies":"Slavers","floor":23,"turns":3},{"damage":31,"enemies":"Sentry and Sphere","floor":29,"turns":4},{"damage":8,"enemies":"Cultist and Chosen","floor":30,"turns":4},{"damage":13,"enemies":"Shelled Parasite and Fungi","floor":31,"turns":4},{"damage":17,"enemies":"Automaton","floor":33,"turns":8},{"damage":17,"enemies":"Orb Walker","floor":35,"turns":3},{"damage":4,"enemies":"3 Shapes","floor":36,"turns":4},{"damage":15,"enemies":"Spire Growth","floor":37,"turns":4},{"damage":7,"enemies":"Jaw Worm Horde","floor":39,"turns":4},{"damage":47,"enemies":"Nemesis","floor":41,"turns":5},{"damage":22,"enemies":"3 Darklings","floor":42,"turns":4},{"damage":120,"enemies":"Giant Head","floor":45,"turns":6}],"seed_played":"-6855473143417559491","potions_obtained":[{"floor":1,"key":"Explosive Potion"},{"floor":7,"key":"LifebloodPotion"},{"floor":8,"key":"Fruit Juice"},{"floor":10,"key":"Adrenaline Potion"},{"floor":11,"key":"ColorlessPotion"},{"floor":13,"key":"Energy Potion"},{"floor":20,"key":"ColorlessPotion"},{"floor":29,"key":"ColorlessPotion"},{"floor":31,"key":"LifebloodPotion"},{"floor":33,"key":"Energy Potion"},{"floor":36,"key":"Reflective Coating"},{"floor":39,"key":"Reflective Coating"}],"is_trial":false,"path_per_floor":["M","M","?","?","M","R","?","M","T","?","M","$","E","$","R","B",null,"M","$","M","M","T","E","R","?","T","R","$","M","M","M","R","B",null,"M","M","M","$","M","R","E","M","T","R","E"],"character_chosen":"DEFECT","items_purchased":["Omamori","ReplayTheSpireMod:Calculation Training","BasicCrystalCard+1","Toxic Egg 2","Defragment","ClockworkSouvenir","Frozen Eye","Panic Button+1","Ball Lightning","Redo+1"],"campfire_rested":6,"item_purchase_floors":[0,0,0,0,12,12,14,19,28,28],"current_hp_per_floor":[55,48,22,22,21,42,42,47,47,28,34,37,47,47,73,32,76,79,82,67,54,54,43,73,94,94,94,97,76,78,65,98,91,109,102,105,100,100,96,124,80,61,61,100,0,0],"gold":305,"neow_bonus":"","is_daily":false,"chose_seed":false,"campfire_upgraded":1,"win_rate":0.0,"timestamp":1608996427,"path_taken":["M","M","?","?","M","R","?","?","T","?","M","$","E","$","R","BOSS","M","$","M","M","?","E","R","?","T","R","$","M","?","?","R","BOSS","M","M","M","$","M","R","E","M","T","R","E"],"items_purchased_type":["Relic","Card","Card","Relic","Card","Relic","Relic","Card","Card","Card"],"build_version":"2020-12-22","purchased_purges":2,"victory":false,"max_hp_per_floor":[71,71,71,71,71,71,71,76,76,79,82,85,88,88,88,91,91,94,97,97,100,100,103,103,103,103,103,106,109,112,112,112,115,115,118,118,121,121,124,124,127,130,130,130,130,130],"card_choices":[{"not_picked":["Beam Cell","Blizzard"],"picked":"BasicCrystalCard+1","floor":1},{"not_picked":["conspire:SharedLibrary","Storm"],"picked":"Consume+1","floor":2},{"not_picked":["Steam+1","Rebound"],"picked":"Barrage","floor":5},{"not_picked":["Buffer","Turbo+1"],"picked":"Melter","floor":7},{"not_picked":["Ball Lightning","Coolheaded+1"],"picked":"Conserve Battery+1","floor":7},{"not_picked":["Genetic Algorithm+1","Cold Snap"],"picked":"Ball Lightning","floor":8},{"not_picked":["conspire:Rain+1","Aggregate+1"],"picked":"Self Repair","floor":10},{"not_picked":["Turbo+1","Beam Cell"],"picked":"Ball Lightning","floor":11},{"not_picked":["Heatsinks","Ball Lightning"],"picked":"Barrage","floor":13},{"not_picked":["ReplayRNGCard+1","Multi-Cast+1"],"picked":"Electrodynamics","floor":16},{"not_picked":["Beam Cell+1","Ball Lightning"],"picked":"FIFO Queue","floor":18},{"not_picked":["ReplaySolidLightProjector+1","Sweeping Beam+1","Storm+1"],"picked":"SKIP","floor":20},{"not_picked":["Cold Snap","Stack+1"],"picked":"Skim+1","floor":21},{"not_picked":["Scrape","Compile Driver"],"picked":"Conserve Battery+1","floor":23},{"not_picked":["Darkness+1","Stack+1"],"picked":"BasicCrystalCard+1","floor":29},{"not_picked":["Force Field+1","Scrape+1"],"picked":"Leap+1","floor":30},{"not_picked":["Lockon","BasicCrystalCard+1","Cold Snap"],"picked":"SKIP","floor":31},{"not_picked":["ReplayTheSpireMod:Omega Cannon","Core Surge"],"picked":"Reboot+1","floor":33},{"not_picked":["Cold Snap","Streamline"],"picked":"Fusion+1","floor":35},{"not_picked":["Coolheaded+1","Streamline","Compile Driver"],"picked":"SKIP","floor":36},{"not_picked":["Storm+1","Conserve Battery+1"],"picked":"Tempest+1","floor":37},{"not_picked":["Compile Driver+1","Amplify+1"],"picked":"Crystallizer","floor":39},{"not_picked":["FIFO Queue","Leap+1"],"picked":"Multi-Cast+1","floor":41},{"not_picked":["Stack+1","Sunder+1"],"picked":"Leap+1","floor":42}],"player_experience":2524797,"relics_obtained":[{"floor":7,"key":"DataDisk"},{"floor":9,"key":"Letter Opener"},{"floor":10,"key":"Replay:Ringing Soul"},{"floor":13,"key":"Garlic"},{"floor":22,"key":"War Paint"},{"floor":23,"key":"ReplayTheSpireMod:Shallot"},{"floor":26,"key":"Unceasing Top"},{"floor":41,"key":"ReplayFunnel"},{"floor":43,"key":"Replay:Baseball"}],"event_choices":[{"damage_healed":0,"gold_gain":0,"player_choice":"Success","damage_taken":26,"relics_obtained":["ReplayTheSpireMod:TigerMarble"],"max_hp_gain":0,"max_hp_loss":0,"event_name":"Scrap Ooze","floor":3,"gold_loss":0},{"damage_healed":0,"gold_gain":0,"player_choice":"Invest 1","damage_taken":0,"max_hp_gain":0,"max_hp_loss":0,"event_name":"conspire:Investor","floor":4,"gold_loss":0},{"damage_healed":21,"gold_gain":0,"player_choice":"Heal","damage_taken":0,"max_hp_gain":0,"max_hp_loss":0,"event_name":"The Library","floor":25,"gold_loss":0}],"is_beta":false,"boss_relics":[{"not_picked":["Replay:Drink Me","Inserter"],"picked":"Philosopher\u0027s Stone"},{"not_picked":["Black Star","Replay:Ancient Bell"],"picked":"conspire:SpecialSausage"}],"items_purged_floors":[0,38],"is_endless":false,"potions_floor_spawned":[1,8,10,11,13,20,29,31,33,36,39,42],"killed_by":"Giant Head","ascension_level":18}}