{"host":"ormi09wwzv7sq47a","time":1608957990,"event":{"mods":["2.2 Compatiblity","AchievementEnabler","Act Like it!","BaseMod","Bestiary","Better Altar","Better Note","Better Sensory Stone","Better Skull","Better Third Choice","Better Vampires","BetterRewards","Block Reminder","Colored Map","Colored Powertips","Curses Come First","DeckTracker","Downfall","Highlight Path","Minty Spire (QoL Compilation)","Permanent Neow","Quick Restart","Rare Cards Sparkle","Relic Stats","Shop Mod","StSLib","The Jungle","The Servant 0.9.4"],"gold_per_floor":[114,85,98,108,124,159,159,7,7,7,7,27,54,64,64,140,140,153,172,184,184,99,127,127,156,156,168,168,24,24,39,39,118,118,131,150,11,59,73,73,73,73,97,112,138,138,157,186,186,186,186,186,61,91,91],"floor_reached":56,"playtime":3367,"items_purged":["Guardian:Strike_Guardian","Guardian:Defend_Guardian","Guardian:Defend_Guardian"],"score":2456,"play_id":"e6535f90-1766-4563-9363-ba912f4f7ce2","local_time":"20201226014630","is_ascension_mode":true,"campfire_choices":[{"data":"Guardian:TwinSlam","floor":7.0,"key":"SMITH"},{"data":"Guardian:CurlUp","floor":10.0,"key":"SMITH"},{"floor":15.0,"key":"REST"},{"data":"Guardian:StasisStrike","floor":24.0,"key":"SMITH"},{"data":"Guardian:GuardianWhirl","floor":28.0,"key":"SMITH"},{"data":"Guardian:PiercingHide","floor":30.0,"key":"SMITH"},{"data":"Guardian:ShieldSpikes","floor":32,"key":"SMITH"},{"data":"Guardian:Repulse","floor":40,"key":"SMITH"},{"data":"Guardian:BronzeArmor","floor":42,"key":"SMITH"},{"floor":49,"key":"RECALL"},{"data":"Guardian:ArmoredProtocol","floor":52,"key":"SMITH"}],"circlet_count":0,"master_deck":["AscendersBane","Guardian:CurlUp+1","Guardian:TwinSlam+1","Guardian:VentSteam","Guardian:ArmoredProtocol+1","Guardian:ChargeCore","Guardian:PiercingHide+1","Guardian:GuardianWhirl+1","Guardian:StasisStrike+1","Guardian:GemFire+1","Guardian:PolyBeam+1","Guardian:ArmoredProtocol+1","Guardian:PrimingBeam+1","Guardian:ShieldSpikes+1","Guardian:EvasiveProtocol+1","Guardian:SpikerProtocol","Guardian:Repulse+1","Guardian:SphericShield","Guardian:BronzeArmor+1","Guardian:Repulse+1","Finesse","Deep Breath","Guardian:VentSteam","Guardian:CrystalBeam+1"],"relics":["Guardian:ModeShifterPlus","Lantern","Ginger","Sling","betterThird:SlimedRelic","Guardian:PocketSentry","Eternal Feather","hexamod:BolsterEngine","Astrolabe","HornCleat","Blood Vial","Bottled Lightning","Gremlin Horn","Centennial Puzzle","FossilizedHelix","Vajra","Bag of Marbles","Guardian:StasisCodex"],"acts_visited":["Exordium","TheCity","TheBeyond","TheEnding"],"potions_floor_usage":[31,33,38,48,50],"damage_taken":[{"damage":1.0,"enemies":"Cultist","floor":1.0,"turns":3.0},{"damage":0.0,"enemies":"Small Slimes","floor":3.0,"turns":4.0},{"damage":11.0,"enemies":"Jaw Worm","floor":4.0,"turns":4.0},{"damage":5.0,"enemies":"Gremlin Gang","floor":5.0,"turns":7.0},{"damage":27.0,"enemies":"Lagavulin","floor":6.0,"turns":8.0},{"damage":0.0,"enemies":"Exordium Thugs","floor":12.0,"turns":3.0},{"damage":0.0,"enemies":"Looter","floor":14.0,"turns":2.0},{"damage":31.0,"enemies":"Slime Boss","floor":16.0,"turns":17.0},{"damage":0.0,"enemies":"Chosen","floor":18.0,"turns":2.0},{"damage":0.0,"enemies":"2 Thieves","floor":19.0,"turns":2.0},{"damage":0.0,"enemies":"Snecko","floor":20.0,"turns":3.0},{"damage":0.0,"enemies":"Gremlin Leader","floor":23.0,"turns":4.0},{"damage":0.0,"enemies":"Slavers","floor":25.0,"turns":4.0},{"damage":0.0,"enemies":"Chosen and Byrds","floor":27.0,"turns":3.0},{"damage":0,"enemies":"Centurion and Healer","floor":31,"turns":2},{"damage":16,"enemies":"Champ","floor":33,"turns":9},{"damage":2,"enemies":"3 Shapes","floor":35,"turns":2},{"damage":0,"enemies":"Orb Walker","floor":36,"turns":2},{"damage":6,"enemies":"2 Orb Walkers","floor":38,"turns":4},{"damage":0,"enemies":"Jaw Worm Horde","floor":39,"turns":3},{"damage":0,"enemies":"Maw","floor":44,"turns":7},{"damage":0,"enemies":"Giant Head","floor":45,"turns":8},{"damage":11,"enemies":"Transient","floor":47,"turns":5},{"damage":25,"enemies":"Reptomancer","floor":48,"turns":7},{"damage":43,"enemies":"Donu and Deca","floor":50,"turns":11},{"damage":0,"enemies":"Shield and Spear","floor":54,"turns":3},{"damage":0,"enemies":"The Heart","floor":55,"turns":9}],"seed_played":"-5669251636735325151","potions_obtained":[{"floor":1.0,"key":"Fruit Juice"},{"floor":3.0,"key":"LiquidBronze"},{"floor":6.0,"key":"Explosive Potion"},{"floor":14.0,"key":"FearPotion"},{"floor":16.0,"key":"FearPotion"},{"floor":23.0,"key":"AttackPotion"},{"floor":25.0,"key":"Block Potion"},{"floor":27.0,"key":"SteroidPotion"},{"floor":31,"key":"Explosive Potion"},{"floor":35,"key":"Regen Potion"},{"floor":44,"key":"Guardian:AcceleratePotion"},{"floor":45,"key":"PowerPotion"}],"is_trial":false,"path_per_floor":["M","?","M","M","M","E","R","$","T","R","?","M","T","M","R","B",null,"M","M","M","?","?","E","R","E","T","M","R","$","R","M","R","B",null,"M","M","$","?","M","R","?","R","T","M","E","?","M","E","R","B",null,"R","$","E","B",null],"character_chosen":"GUARDIAN","items_purchased":["Lantern","Sling","Guardian:VentSteam","Guardian:Gem_Cyan","Centennial Puzzle","Guardian:SphericShield"],"campfire_rested":1,"item_purchase_floors":[0,0,0,8,29,37],"current_hp_per_floor":[68,57,57,46,41,14,14,14,14,20,13,13,13,13,44,13,67,67,67,67,85,85,85,85,85,85,85,85,85,85,85,85,69,81,81,83,83,79,81,85,85,85,85,85,85,85,74,51,66,25,70,85,85,85,85],"gold":91,"neow_bonus":"","is_daily":false,"chose_seed":false,"campfire_upgraded":9,"win_rate":0.0,"timestamp":1608957990,"path_taken":["M","?","M","M","M","E","R","$","T","R","?","M","?","M","R","BOSS","M","M","?","?","?","E","R","E","T","M","R","$","R","M","R","BOSS","M","M","$","?","M","R","?","R","T","?","E","?","M","E","R","BOSS","R","$","E","BOSS"],"items_purchased_type":["Relic","Relic","Card","Card","Relic","Card"],"build_version":"2020-12-22","purchased_purges":3,"victory":true,"max_hp_per_floor":[85,85,85,85,85,85,85,85,85,85,85,85,85,85,85,85,85,85,85,85,85,85,85,85,85,85,85,85,85,85,85,85,85,85,85,85,85,85,85,85,85,85,85,85,85,85,85,85,85,85,85,85,85,85,85],"relic_stats":{"Blood Vial":12,"Centennial Puzzle":[18],"Gremlin Horn":[12,12],"counters":[66,349],"Astrolabe":["Guardian:GemFire","Guardian:PolyBeam","Guardian:ArmoredProtocol"],"Eternal Feather":46,"Ginger":[16],"obtain_stats":[{"Darkstone Periapt":17,"Guardian:StasisSlotReductionRelic":17,"Lantern":29,"Gremlin Horn":26,"Guardian:ModeShifterPlus":34,"Vajra":31,"Guardian:StasisCodex":54,"Incense Burner":7,"Ginger":0,"Ancient Tea Set":26,"Sling":0,"Guardian:PickAxe":14,"Blood Vial":23,"Dream Catcher":14,"Lizard Tail":0,"Centennial Puzzle":29,"HornCleat":22,"Sundial":30,"Prayer Wheel":17,"InkBottle":47,"Golden Idol":13,"Astrolabe":17,"Guardian:ModeShifter":0,"Oddly Smooth Stone":37,"Eternal Feather":9,"PreservedInsect":17,"Pen Nib":44,"Guardian:PocketSentry":6,"Orichalcum":43,"Calling Bell":17,"CaptainsWheel":9,"Anchor":9,"betterThird:SlimedRelic":2,"Pandora\u0027s Box":34,"Bag of Marbles":48,"Bottled Lightning":26,"hexamod:BolsterEngine":13,"FossilizedHelix":38},{"Darkstone Periapt":25,"Guardian:StasisSlotReductionRelic":7,"Lantern":29,"Gremlin Horn":52,"Guardian:ModeShifterPlus":55,"Vajra":30,"Guardian:StasisCodex":65,"Incense Burner":4,"Ginger":39,"Ancient Tea Set":28,"Sling":39,"Guardian:PickAxe":24,"Blood Vial":51,"Dream Catcher":6,"Lizard Tail":17,"Centennial Puzzle":53,"HornCleat":50,"Sundial":12,"Prayer Wheel":25,"InkBottle":37,"Golden Idol":5,"Astrolabe":47,"Guardian:ModeShifter":0,"Oddly Smooth Stone":32,"Eternal Feather":44,"PreservedInsect":25,"Pen Nib":35,"Guardian:PocketSentry":44,"Orichalcum":34,"Calling Bell":25,"CaptainsWheel":4,"Anchor":21,"betterThird:SlimedRelic":40,"Pandora\u0027s Box":14,"Bag of Marbles":63,"Bottled Lightning":10,"hexamod:BolsterEngine":45,"FossilizedHelix":58},{"Darkstone Periapt":130,"Guardian:StasisSlotReductionRelic":38,"Lantern":150,"Gremlin Horn":274,"Guardian:ModeShifterPlus":288,"Vajra":154,"Guardian:StasisCodex":340,"Incense Burner":18,"Ginger":211,"Ancient Tea Set":145,"Sling":211,"Guardian:PickAxe":121,"Blood Vial":270,"Dream Catcher":28,"Lizard Tail":91,"Centennial Puzzle":277,"HornCleat":266,"Sundial":61,"Prayer Wheel":130,"InkBottle":196,"Golden Idol":22,"Astrolabe":259,"Guardian:ModeShifter":0,"Oddly Smooth Stone":167,"Eternal Feather":237,"PreservedInsect":130,"Pen Nib":184,"Guardian:PocketSentry":237,"Orichalcum":177,"Calling Bell":130,"CaptainsWheel":18,"Anchor":107,"betterThird:SlimedRelic":214,"Pandora\u0027s Box":75,"Bag of Marbles":326,"Bottled Lightning":50,"hexamod:BolsterEngine":240,"FossilizedHelix":296}]},"card_choices":[{"not_picked":["Guardian:Planning","Guardian:PiercingHide"],"picked":"Guardian:ArmoredProtocol","floor":1.0},{"not_picked":["Guardian:BronzeOrb","Guardian:CrystalBeam"],"picked":"Guardian:Gem_Red","floor":3.0},{"not_picked":["Guardian:Recover","Guardian:PrimingBeam"],"picked":"Guardian:ChargeCore","floor":4.0},{"not_picked":["Guardian:PolyBeam","Guardian:ShieldCharger"],"picked":"Guardian:PiercingHide","floor":5.0},{"not_picked":["Guardian:RefractedBeam","Guardian:PrimingBeam"],"picked":"Guardian:Gem_Cyan","floor":6.0},{"not_picked":["Guardian:PrimingBeam","Guardian:VentSteam"],"picked":"Guardian:Gem_Lightblue","floor":12.0},{"not_picked":["Guardian:CompilePackage","Guardian:RollAttack"],"picked":"Guardian:GuardianWhirl","floor":14.0},{"not_picked":["Guardian:SphericShield","Guardian:ExploitGems"],"picked":"Guardian:StasisStrike","floor":16.0},{"not_picked":["Guardian:Incinerate","Guardian:VentSteam+1"],"picked":"Guardian:PrimingBeam+1","floor":18.0},{"not_picked":["Guardian:PrimingBeam","Guardian:Preprogram"],"picked":"Guardian:Gem_Cyan","floor":19.0},{"not_picked":["Guardian:DonusPower","Guardian:PrismaticBeam"],"picked":"Guardian:ShieldSpikes","floor":20.0},{"not_picked":["Guardian:PrismaticBarrier","Guardian:Emergency"],"picked":"Guardian:EvasiveProtocol+1","floor":23.0},{"not_picked":["Guardian:TemporalShield","Guardian:ChargeCore","Guardian:TemporalStrike"],"picked":"SKIP","floor":25.0},{"not_picked":["Guardian:VentSteam","Guardian:StasisStrike"],"picked":"Guardian:SpikerProtocol","floor":27.0},{"not_picked":["Guardian:FloatingOrbs","Guardian:Incinerate"],"picked":"Guardian:Gem_Cyan","floor":31},{"not_picked":["Guardian:GemFinder","Guardian:GemFire"],"picked":"Guardian:Gem_Synthetic","floor":33},{"not_picked":["Guardian:DonusPower","Guardian:Gem_Yellow"],"picked":"Guardian:Repulse","floor":35},{"not_picked":["Guardian:Planning","Guardian:WalkerClaw","Guardian:Suspension"],"picked":"SKIP","floor":36},{"not_picked":["Guardian:VentSteam","Guardian:TimeBomb"],"picked":"Guardian:Gem_Red","floor":38},{"not_picked":["Guardian:ArmoredProtocol","Guardian:Gem_Green"],"picked":"Guardian:BronzeArmor","floor":39},{"not_picked":["Guardian:ChargeCore","Guardian:TemporalStrike"],"picked":"Guardian:Repulse+1","floor":44},{"not_picked":["Guardian:GuardianWhirl","Guardian:DecasProtection"],"picked":"Guardian:Gem_Cyan","floor":45},{"not_picked":["Swift Strike","HandOfGreed"],"picked":"Finesse","floor":46},{"not_picked":["Apotheosis","expansioncontent:ManipulateTime"],"picked":"Deep Breath","floor":46},{"not_picked":["Guardian:Suspension","Guardian:Gem_Purple"],"picked":"Guardian:VentSteam","floor":47},{"not_picked":["Guardian:Repulse","Guardian:Suspension"],"picked":"Guardian:CrystalBeam+1","floor":48},{"not_picked":["Guardian:GemFire","Guardian:Gem_Cyan","Guardian:Incinerate+1"],"picked":"SKIP","floor":54}],"player_experience":769159,"relics_obtained":[{"floor":6.0,"key":"Guardian:PocketSentry"},{"floor":9.0,"key":"Eternal Feather"},{"floor":13.0,"key":"hexamod:BolsterEngine"},{"floor":23.0,"key":"Blood Vial"},{"floor":25.0,"key":"Bottled Lightning"},{"floor":26.0,"key":"Gremlin Horn"},{"floor":38,"key":"FossilizedHelix"},{"floor":45,"key":"Vajra"},{"floor":48,"key":"Bag of Marbles"},{"floor":54,"key":"Guardian:StasisCodex"}],"event_choices":[{"damage_healed":0.0,"max_hp_gain":0.0,"max_hp_loss":0.0,"gold_gain":0.0,"event_name":"betterThird:BetterGoop","player_choice":"Slimed","floor":2.0,"gold_loss":29.0,"damage_taken":11.0},{"cards_removed":["Guardian:Strike_Guardian"],"damage_healed":0.0,"max_hp_gain":0.0,"max_hp_loss":0.0,"gold_gain":0.0,"event_name":"Golden Wing","player_choice":"Card Removal","floor":11.0,"gold_loss":0.0,"damage_taken":7.0},{"damage_healed":28.0,"max_hp_gain":0.0,"max_hp_loss":0.0,"gold_gain":0.0,"event_name":"The Library","player_choice":"Heal","floor":21.0,"gold_loss":0.0,"damage_taken":0.0},{"damage_healed":0.0,"max_hp_gain":0.0,"max_hp_loss":0.0,"gold_gain":0.0,"event_name":"Addict","player_choice":"Obtained Relic","floor":22.0,"gold_loss":85.0,"damage_taken":0.0,"relics_obtained":["HornCleat"]},{"damage_healed":0,"gold_gain":0,"player_choice":"Fight","damage_taken":0,"max_hp_gain":0,"max_hp_loss":0,"event_name":"Mysterious Sphere","floor":38,"gold_loss":0},{"cards_removed":["Guardian:Defend_Guardian"],"damage_healed":0,"gold_gain":0,"player_choice":"Purged","damage_taken":0,"max_hp_gain":0,"max_hp_loss":0,"event_name":"Purifier","floor":41,"gold_loss":0},{"damage_healed":0,"gold_gain":3,"player_choice":"1","damage_taken":0,"max_hp_gain":0,"max_hp_loss":0,"event_name":"betterStone:BetterStone","floor":46,"gold_loss":0}],"is_beta":false,"boss_relics":[{"not_picked":["Ectoplasm","Busted Crown"],"picked":"Astrolabe"},{"not_picked":["Velvet Choker","Cursed Key"],"picked":"Guardian:ModeShifterPlus"}],"items_purged_floors":[0,8,53],"is_endless":false,"potions_floor_spawned":[1,3,6,14,16,23,25,27,31,35,44,45],"ascension_level":13}}