{"host":"i09pxcjttd31eh4q","time":1608987730,"event":{"mods":["AchievementEnabler","BaseMod","Colored Map","Keyboard Shortcuts","Minty Spire (QoL Compilation)","StSLib","SuperFastMode"],"gold_per_floor":[116,133,146,71,71,71,87,105,105,137,149,149,169,169,169,169,169],"floor_reached":16,"playtime":352,"items_purged":["Strike_G"],"score":204,"play_id":"9bb6aa42-f310-44e1-85db-dfd0650fc901","local_time":"20201226220210","is_ascension_mode":true,"campfire_choices":[{"data":"Eviscerate","floor":6,"key":"SMITH"},{"data":"Deadly Poison","floor":12,"key":"SMITH"},{"data":"Prepared","floor":15,"key":"SMITH"}],"circlet_count":0,"master_deck":["AscendersBane","Strike_G","Strike_G","Strike_G","Defend_G","Defend_G","Defend_G","Defend_G","Defend_G","Survivor","Neutralize","Quick Slash","Eviscerate+1","Escape Plan","Deadly Poison+1","Prepared+1","Prepared"],"relics":["Ring of the Snake","Lantern","Eternal Feather","The Courier","Odd Mushroom","Golden Idol"],"acts_visited":["Exordium"],"potions_floor_usage":[10,16],"damage_taken":[{"damage":0,"enemies":"Small Slimes","floor":1,"turns":4},{"damage":0,"enemies":"Cultist","floor":2,"turns":3},{"damage":4,"enemies":"Jaw Worm","floor":3,"turns":3},{"damage":5,"enemies":"Large Slime","floor":7,"turns":7},{"damage":3,"enemies":"Looter","floor":8,"turns":3},{"damage":20,"enemies":"3 Sentries","floor":10,"turns":7},{"damage":6,"enemies":"2 Fungi Beasts","floor":11,"turns":3},{"damage":9,"enemies":"The Mushroom Lair","floor":13,"turns":4},{"damage":53,"enemies":"Hexaghost","floor":16,"turns":10}],"seed_played":"-7525631610481651943","potions_obtained":[{"floor":2,"key":"CunningPotion"},{"floor":7,"key":"LiquidBronze"},{"floor":8,"key":"FairyPotion"},{"floor":13,"key":"Energy Potion"}],"is_trial":false,"path_per_floor":["M","M","M","$","?","R","M","M","T","E","M","R","?","?","R","B"],"character_chosen":"THE_SILENT","items_purchased":[],"campfire_rested":0,"item_purchase_floors":[],"current_hp_per_floor":[59,59,55,55,55,55,50,47,47,27,21,30,21,21,30,0,0],"gold":169,"neow_bonus":"RANDOM_COMMON_RELIC","is_daily":false,"chose_seed":false,"campfire_upgraded":3,"win_rate":0.0,"timestamp":1608987730,"path_taken":["M","M","M","$","?","R","?","M","T","E","M","R","?","?","R","BOSS"],"items_purchased_type":[],"build_version":"2020-12-22","purchased_purges":1,"victory":false,"max_hp_per_floor":[66,66,66,66,66,66,66,66,66,66,66,66,66,60,60,60,60],"card_choices":[{"not_picked":["Deflect","Outmaneuver"],"picked":"Quick Slash","floor":1},{"not_picked":["Terror","PiercingWail"],"picked":"Eviscerate","floor":2},{"not_picked":["Unload","Outmaneuver"],"picked":"Escape Plan","floor":3},{"not_picked":["Slice","Dodge and Roll","Predator"],"picked":"SKIP","floor":7},{"not_picked":["Sucker Punch","Slice","Flying Knee"],"picked":"SKIP","floor":8},{"not_picked":["Bane","Heel Hook"],"picked":"Deadly Poison","floor":10},{"not_picked":["Doppelganger","Crippling Poison"],"picked":"Prepared","floor":11},{"not_picked":["Flying Knee","Outmaneuver"],"picked":"Prepared","floor":13}],"player_experience":776007,"relics_obtained":[{"floor":9,"key":"Eternal Feather"},{"floor":10,"key":"The Courier"},{"floor":13,"key":"Odd Mushroom"}],"event_choices":[{"cards_removed":["Strike_G"],"damage_healed":0,"gold_gain":0,"player_choice":"Offered Basic","damage_taken":0,"max_hp_gain":0,"max_hp_loss":0,"event_name":"Bonfire Elementals","floor":5,"gold_loss":0},{"damage_healed":0,"gold_gain":0,"player_choice":"Fought Mushrooms","damage_taken":0,"max_hp_gain":0,"max_hp_loss":0,"event_name":"Mushrooms","floor":13,"gold_loss":0},{"damage_healed":0,"gold_gain":0,"player_choice":"Lose Max HP","damage_taken":0,"relics_obtained":["Golden Idol"],"max_hp_gain":0,"max_hp_loss":6,"event_name":"Golden Idol","floor":14,"gold_loss":0}],"is_beta":false,"boss_relics":[],"items_purged_floors":[4],"is_endless":false,"potions_floor_spawned":[2,7,8,13],"killed_by":"Hexaghost","ascension_level":20}}