{"host":"no0bdlpxzp7bzzks","time":1608967743,"event":{"mods":["BaseMod","Better Match","Block Reminder","Colored Map","Curses Come First","DeckTracker","Filter the Spire","Highlight Path","Key Reminder","Minty Spire (QoL Compilation)","Permanent Neow","Relic Sorter","Relic Stats","StSLib","The Construct"],"gold_per_floor":[110,110,127,144,48,82,99,129,129,129,129,129],"floor_reached":11,"playtime":1086,"items_purged":[],"score":87,"play_id":"eeb1856a-22c1-41bc-a65c-e5d740c0b614","local_time":"20201226012903","is_ascension_mode":true,"campfire_choices":[{"data":"construct:Stasis","floor":10,"key":"SMITH"}],"circlet_count":0,"master_deck":["construct:Strike_Gold","construct:Strike_Gold","construct:Strike_Gold","construct:Strike_Gold","construct:Strike_Gold","construct:Defend_Gold","construct:Defend_Gold","construct:Defend_Gold","construct:Defend_Gold","construct:AttackMode","construct:DefenseMode","construct:Construct_Overclock","construct:FlakBarrage","construct:ShiftStrike","construct:Stasis+1","construct:Autoturret","construct:ForceCore","construct:ChargeShot","construct:LaserCore","construct:Boost"],"relics":["construct:ClockworkPhoenix","Anchor","Calipers","keyreminder:keyreminder","Boot"],"acts_visited":["Exordium"],"potions_floor_usage":[8,8,11],"damage_taken":[{"damage":0,"enemies":"Cultist","floor":1,"turns":3},{"damage":4,"enemies":"Jaw Worm","floor":3,"turns":3},{"damage":0,"enemies":"Small Slimes","floor":4,"turns":4},{"damage":46,"enemies":"3 Sentries","floor":6,"turns":8},{"damage":7,"enemies":"2 Fungi Beasts","floor":7,"turns":4},{"damage":18,"enemies":"Lagavulin","floor":8,"turns":5},{"damage":14,"enemies":"Gremlin Nob","floor":11,"turns":2}],"seed_played":"-5710403741633568967","potions_obtained":[{"floor":4,"key":"FearPotion"},{"floor":7,"key":"Strength Potion"},{"floor":8,"key":"GamblersBrew"}],"is_trial":false,"path_per_floor":["M","?","M","M","$","E","M","E","T","R","E"],"character_chosen":"THE_CONSTRUCT_MOD","items_purchased":["construct:Autoturret","construct:ForceCore"],"campfire_rested":0,"item_purchase_floors":[5,5],"current_hp_per_floor":[85,85,81,81,81,35,28,10,10,10,0,0],"gold":129,"neow_bonus":"RANDOM_COMMON_RELIC","is_daily":false,"chose_seed":false,"campfire_upgraded":1,"win_rate":0.0,"timestamp":1608967743,"path_taken":["M","?","?","M","?","E","M","E","T","R","E"],"items_purchased_type":["Card","Card"],"build_version":"2020-12-22","purchased_purges":0,"victory":false,"max_hp_per_floor":[85,85,85,85,85,85,85,85,85,85,85,85],"relic_stats":{"counters":[7,29],"Boot":[0],"obtain_stats":[{"keyreminder:keyreminder":6,"Anchor":0,"Calipers":6,"construct:ClockworkPhoenix":0,"Boot":8},{"keyreminder:keyreminder":4,"Anchor":0,"Calipers":4,"construct:ClockworkPhoenix":0,"Boot":6},{"keyreminder:keyreminder":18,"Anchor":0,"Calipers":18,"construct:ClockworkPhoenix":0,"Boot":27}]},"card_choices":[{"not_picked":["construct:ShiftStrike","construct:CreateCores"],"picked":"construct:Construct_Overclock","floor":1},{"not_picked":["construct:Analyze","construct:SaveState"],"picked":"construct:ShiftStrike","floor":3},{"not_picked":["construct:Chainstrike","construct:Reinforce"],"picked":"construct:Stasis","floor":4},{"not_picked":["construct:Overcharge","construct:Disrupt"],"picked":"construct:ChargeShot","floor":6},{"not_picked":["construct:SuppressiveFire","construct:NuclearCore"],"picked":"construct:LaserCore","floor":7},{"not_picked":["construct:CreateCores","construct:SaveState"],"picked":"construct:Boost","floor":8}],"player_experience":108312,"relics_obtained":[{"floor":6,"key":"Calipers"},{"floor":8,"key":"Boot"}],"event_choices":[{"damage_healed":0,"gold_gain":0,"cards_transformed":["construct:Defend_Gold"],"player_choice":"Transformed","damage_taken":0,"max_hp_gain":0,"max_hp_loss":0,"event_name":"Transmorgrifier","floor":2,"gold_loss":0,"cards_obtained":["construct:FlakBarrage"]}],"is_beta":false,"boss_relics":[],"items_purged_floors":[],"is_endless":false,"potions_floor_spawned":[4,7,8],"killed_by":"Gremlin Nob","ascension_level":1}}