{"host":"oy4pyvr762z5n0bb","time":1608954265,"event":{"mods":["AchievementEnabler","BaseMod","Colored Map","Colored Powertips","Googly Eyes","Key Reminder","Minty Spire (QoL Compilation)","Quick Restart","Relic Sorter","StSLib","SuperFastMode","Unceasing Turn Reminder","slay the spire mod where everything is the same but ironclad has a cowboy hat"],"gold_per_floor":[116,135,148,3,3,3,31,50,50,50,83,103,31,109,109,208,208,227,242,157,173,98,98,133,133,159,159,190,190,223,242,242,340,340,350,370,28,38,88,116,116,148,172,172,172,172,172,187,187,187],"floor_reached":51,"playtime":1266,"items_purged":["Strike_R","Strike_R"],"score":1063,"play_id":"99f3a035-753b-4e70-971d-cc3bc13a4914","local_time":"20201225194425","is_ascension_mode":true,"campfire_choices":[{"data":"Hemokinesis","floor":6.0,"key":"SMITH"},{"floor":10.0,"key":"DIG"},{"data":"Inflame","floor":15.0,"key":"SMITH"},{"floor":23,"key":"DIG"},{"floor":25,"key":"DIG"},{"floor":27,"key":"REST"},{"floor":32,"key":"REST"},{"floor":41,"key":"DIG"},{"floor":47,"key":"DIG"},{"floor":49,"key":"DIG"}],"circlet_count":0,"master_deck":["Strike_R","Defend_R","Defend_R","Defend_R","Defend_R+1","Bash","Uppercut","Shockwave","Pommel Strike","Hemokinesis+1","Flex","Wild Strike","True Grit","Seeing Red+1","Inflame+1","Immolate","Fire Breathing+1","Power Through","Reckless Charge+1","Fire Breathing+1","Reckless Charge","Corruption+1","True Grit+1","Inflame+1","Shrug It Off","Fiend Fire","True Grit+1","Feel No Pain+1"],"relics":["Burning Blood","Blood Vial","Shovel","Charon\u0027s Ashes","Calipers","Lantern","Fusion Hammer","Dead Branch","Self Forming Clay","Frozen Egg 2","Peace Pipe","Red Skull","FossilizedHelix","Toy Ornithopter","Mark of Pain","Akabeko","Mango","Potion Belt","The Courier","Torii","War Paint","Mummified Hand","Oddly Smooth Stone"],"acts_visited":["Exordium","TheCity","TheBeyond"],"potions_floor_usage":[39,45,45,48],"damage_taken":[{"damage":5.0,"enemies":"Small Slimes","floor":1.0,"turns":3.0},{"damage":1.0,"enemies":"Cultist","floor":2.0,"turns":4.0},{"damage":5.0,"enemies":"2 Louse","floor":3.0,"turns":3.0},{"damage":24.0,"enemies":"Lagavulin","floor":7.0,"turns":6.0},{"damage":10.0,"enemies":"Blue Slaver","floor":8.0,"turns":2.0},{"damage":22.0,"enemies":"3 Sentries","floor":11.0,"turns":5.0},{"damage":4.0,"enemies":"2 Fungi Beasts","floor":12.0,"turns":3.0},{"damage":27.0,"enemies":"The Guardian","floor":16.0,"turns":14.0},{"damage":9.0,"enemies":"Chosen","floor":18.0,"turns":3.0},{"damage":9.0,"enemies":"2 Thieves","floor":19.0,"turns":3.0},{"damage":8.0,"enemies":"Cultist and Chosen","floor":21.0,"turns":5.0},{"damage":39,"enemies":"Book of Stabbing","floor":24,"turns":5},{"damage":33,"enemies":"Slavers","floor":28,"turns":4},{"damage":16,"enemies":"Book of Stabbing","floor":30,"turns":5},{"damage":24,"enemies":"Snake Plant","floor":31,"turns":3},{"damage":53,"enemies":"Champ","floor":33,"turns":10},{"damage":9,"enemies":"3 Darklings","floor":35,"turns":2},{"damage":6,"enemies":"3 Shapes","floor":36,"turns":2},{"damage":14,"enemies":"3 Darklings","floor":38,"turns":4},{"damage":12,"enemies":"Mind Bloom Boss Battle","floor":39,"turns":5},{"damage":0,"enemies":"Giant Head","floor":40,"turns":5},{"damage":52,"enemies":"Reptomancer","floor":42,"turns":6},{"damage":0,"enemies":"Maw","floor":45,"turns":2},{"damage":0,"enemies":"Writhing Mass","floor":48,"turns":4},{"damage":5,"enemies":"Donu and Deca","floor":50,"turns":4}],"seed_played":"127639592090706146","potions_obtained":[{"floor":1.0,"key":"DistilledChaos"},{"floor":8.0,"key":"Weak Potion"},{"floor":11.0,"key":"GamblersBrew"},{"floor":12.0,"key":"EssenceOfSteel"},{"floor":16.0,"key":"SmokeBomb"},{"floor":18.0,"key":"Energy Potion"},{"floor":39,"key":"LiquidBronze"},{"floor":42,"key":"Fruit Juice"}],"is_trial":false,"path_per_floor":["M","M","M","$","?","R","E","M","T","R","E","M","$","?","R","B",null,"M","M","?","M","?","R","E","R","T","R","E","?","E","M","R","B",null,"M","M","$","M","?","E","R","E","T","?","M","?","R","M","R","B",null],"character_chosen":"IRONCLAD","items_purchased":["Hemokinesis","Inflame","Inflame+1","Shrug It Off","Akabeko"],"campfire_rested":2,"item_purchase_floors":[4,13,37,37,37],"current_hp_per_floor":[80,80,80,80,80,80,62,60,60,60,46,50,50,50,50,31,80,77,76,76,76,76,76,45,45,45,69,44,70,62,46,70,25,80,77,79,79,72,87,94,94,48,48,48,71,71,71,84,84,87],"gold":187,"neow_bonus":"RANDOM_COMMON_RELIC","is_daily":false,"chose_seed":false,"campfire_upgraded":2,"win_rate":0.0,"timestamp":1608954265,"path_taken":["M","M","M","$","?","R","E","M","T","R","E","M","?","?","R","BOSS","M","M","?","M","?","R","E","R","T","R","E","?","E","M","R","BOSS","M","M","$","M","?","E","R","E","T","?","M","?","R","M","R","BOSS"],"items_purchased_type":["Card","Card","Card","Card","Relic"],"build_version":"2020-12-22","purchased_purges":2,"victory":true,"max_hp_per_floor":[80,80,80,80,80,80,80,80,80,80,80,80,80,80,80,80,80,80,80,80,80,80,80,80,80,80,80,80,80,80,80,80,80,80,80,80,80,80,94,94,94,94,94,94,99,99,99,99,99,99],"card_choices":[{"not_picked":["Pummel","Clothesline"],"picked":"Uppercut","floor":1.0},{"not_picked":["Anger","Wild Strike"],"picked":"Shockwave","floor":2.0},{"not_picked":["Infernal Blade","Twin Strike"],"picked":"Pommel Strike","floor":3.0},{"not_picked":["Warcry","Havoc"],"picked":"Flex","floor":7.0},{"not_picked":["Evolve","Headbutt"],"picked":"Wild Strike","floor":8.0},{"not_picked":["Intimidate","Havoc"],"picked":"True Grit","floor":11.0},{"not_picked":["Anger","Pommel Strike"],"picked":"Seeing Red","floor":12.0},{"not_picked":["Double Tap","Bludgeon"],"picked":"Immolate","floor":16.0},{"not_picked":["Clash","Heavy Blade"],"picked":"Fire Breathing+1","floor":18.0},{"not_picked":["Body Slam","Twin Strike"],"picked":"Power Through","floor":19.0},{"not_picked":["Wild Strike","Uppercut","Flex"],"picked":"SKIP","floor":21.0},{"not_picked":["Clash+1","Pummel"],"picked":"Reckless Charge+1","floor":24},{"not_picked":["Whirlwind+1","Rampage"],"picked":"Fire Breathing+1","floor":28},{"not_picked":["Anger","Headbutt"],"picked":"Reckless Charge","floor":30},{"not_picked":["Heavy Blade+1","Clash","Perfected Strike"],"picked":"SKIP","floor":31},{"not_picked":["Brutality+1","Bludgeon"],"picked":"Corruption+1","floor":33},{"not_picked":["Warcry+1","Burning Pact+1"],"picked":"True Grit+1","floor":35},{"not_picked":["Warcry","Blood for Blood+1"],"picked":"Battle Trance+1","floor":36},{"not_picked":["Thunderclap+1","Dual Wield","Flex+1"],"picked":"SKIP","floor":38},{"not_picked":["Cleave","Battle Trance+1"],"picked":"Fiend Fire","floor":39},{"not_picked":["Seeing Red+1","Iron Wave"],"picked":"True Grit+1","floor":40},{"not_picked":["Intimidate","Perfected Strike","Pummel+1"],"picked":"SKIP","floor":42},{"not_picked":["Dropkick","Heavy Blade+1"],"picked":"Feel No Pain+1","floor":48}],"player_experience":579802,"relics_obtained":[{"floor":7.0,"key":"Shovel"},{"floor":9.0,"key":"Charon\u0027s Ashes"},{"floor":10.0,"key":"Calipers"},{"floor":11.0,"key":"Lantern"},{"floor":23,"key":"Self Forming Clay"},{"floor":24,"key":"Frozen Egg 2"},{"floor":25,"key":"Peace Pipe"},{"floor":26,"key":"Red Skull"},{"floor":28,"key":"FossilizedHelix"},{"floor":30,"key":"Toy Ornithopter"},{"floor":39,"key":"Mango"},{"floor":40,"key":"Potion Belt"},{"floor":41,"key":"The Courier"},{"floor":42,"key":"Torii"},{"floor":43,"key":"War Paint"},{"floor":47,"key":"Mummified Hand"},{"floor":49,"key":"Oddly Smooth Stone"}],"event_choices":[{"cards_removed":["Strike_R"],"damage_healed":0.0,"max_hp_gain":0.0,"max_hp_loss":0.0,"gold_gain":0.0,"event_name":"Purifier","player_choice":"Purged","floor":5.0,"gold_loss":0.0,"damage_taken":0.0},{"damage_healed":0.0,"max_hp_gain":0.0,"max_hp_loss":0.0,"gold_gain":78.0,"event_name":"Golden Wing","player_choice":"Gained Gold","floor":14.0,"gold_loss":0.0,"damage_taken":0.0},{"damage_healed":0.0,"max_hp_gain":0.0,"max_hp_loss":0.0,"gold_gain":0.0,"event_name":"Addict","player_choice":"Obtained Relic","floor":20.0,"gold_loss":85.0,"damage_taken":0.0,"relics_obtained":["Dead Branch"]},{"cards_removed":["Strike_R"],"damage_healed":0.0,"max_hp_gain":0.0,"max_hp_loss":0.0,"gold_gain":0.0,"event_name":"Beggar","player_choice":"Gave Gold","floor":22.0,"gold_loss":75.0,"damage_taken":0.0},{"damage_healed":26,"gold_gain":0,"player_choice":"Heal","damage_taken":0,"max_hp_gain":0,"max_hp_loss":0,"event_name":"The Library","floor":29,"gold_loss":0},{"damage_healed":0,"gold_gain":0,"player_choice":"Fight","damage_taken":0,"max_hp_gain":0,"max_hp_loss":0,"event_name":"MindBloom","floor":39,"gold_loss":0},{"damage_healed":0,"gold_gain":0,"player_choice":"Ignored","damage_taken":0,"max_hp_gain":0,"max_hp_loss":0,"event_name":"Mysterious Sphere","floor":44,"gold_loss":0},{"cards_removed":["Battle Trance"],"damage_healed":0,"gold_gain":0,"player_choice":"Removed Skill","damage_taken":0,"max_hp_gain":0,"max_hp_loss":0,"event_name":"Falling","floor":46,"gold_loss":0}],"is_beta":false,"boss_relics":[{"not_picked":["Runic Dome","Black Blood"],"picked":"Fusion Hammer"},{"not_picked":["Calling Bell","Velvet Choker"],"picked":"Mark of Pain"}],"items_purged_floors":[4,37],"is_endless":false,"potions_floor_spawned":[1,8,11,12,16,18,19,24,36,39,42,45],"ascension_level":4}}