{"host":"8a3g9edf69u3epoz","time":1608967435,"event":{"mods":["BaseMod","Minty Spire (QoL Compilation)","MostiFishMod","Relic Stats","Remilia（蕾米莉亚）","StSLib","TestMod","UnlockEverythingMod","WarShipGirlsR/战舰少女R mod"],"gold_per_floor":[116,116,129,51,51,76,91,91,91],"floor_reached":8,"playtime":250,"items_purged":[],"score":162,"play_id":"88eb2463-1931-41a9-ba13-a55f616614d0","local_time":"20201226152355","is_ascension_mode":true,"campfire_choices":[],"circlet_count":0,"master_deck":["AscendersBane","Strike_P","Strike_P","Strike_P","Defend_P","Defend_P","Defend_P","Defend_P","Eruption","Vigilance","FollowUp","JustLucky","MostiFishMod:Adaptation","MostiFishMod:CyberBuddha","ConjureBlade","DevaForm"],"relics":["PureWater","DaveBox","testmod-TestBox","testmod-Brilliant","Membership Card","NeowsBlessing","SynthV:TestCard","TeardropLocket"],"acts_visited":["Exordium"],"potions_floor_usage":[8],"damage_taken":[{"damage":0.0,"enemies":"Jaw Worm","floor":1.0,"turns":1.0},{"damage":0,"enemies":"Cultist","floor":3,"turns":1},{"damage":0,"enemies":"3 Sentries","floor":6,"turns":1},{"damage":0,"enemies":"Small Slimes","floor":7,"turns":1},{"damage":63,"enemies":"Gremlin Nob","floor":8,"turns":5}],"seed_played":"-1830782128196632000","potions_obtained":[{"floor":1.0,"key":"DuplicationPotion"}],"is_trial":false,"path_per_floor":["M","?","M","$","?","E","M","E"],"character_chosen":"WATCHER","items_purchased":["MostiFishMod:CyberBuddha"],"campfire_rested":0,"item_purchase_floors":[4],"current_hp_per_floor":[61,61,61,61,61,61,61,0,0],"gold":91,"neow_bonus":"THREE_ENEMY_KILL","is_daily":false,"chose_seed":false,"campfire_upgraded":0,"win_rate":0.0,"timestamp":1608967435,"path_taken":["M","?","?","$","?","E","?","E"],"items_purchased_type":["Card"],"build_version":"2020-12-22","purchased_purges":0,"victory":false,"max_hp_per_floor":[68,68,68,68,68,68,68,68,68],"relic_stats":{"counters":[5,9],"obtain_stats":[{"testmod-Brilliant":0,"testmod-TestBox":0,"SynthV:TestCard":1,"DaveBox":0,"NeowsBlessing":0,"Membership Card":0,"TeardropLocket":6,"PureWater":0},{"testmod-Brilliant":0,"testmod-TestBox":0,"SynthV:TestCard":1,"DaveBox":0,"NeowsBlessing":0,"Membership Card":0,"TeardropLocket":3,"PureWater":0},{"testmod-Brilliant":0,"testmod-TestBox":0,"SynthV:TestCard":1,"DaveBox":0,"NeowsBlessing":0,"Membership Card":0,"TeardropLocket":3,"PureWater":0}]},"card_choices":[{"not_picked":["Wallop","FlurryOfBlows"],"picked":"FollowUp","floor":1.0},{"not_picked":["ForeignInfluence","EmptyMind","ClearTheMind","BowlingBash","EmptyFist"],"picked":"SKIP","floor":3},{"not_picked":["EmptyBody","EmptyMind","Evaluate","Tantrum"],"picked":"DevaForm","floor":6},{"not_picked":["Protect","SashWhip","FollowUp","FlyingSleeves","BowlingBash"],"picked":"SKIP","floor":7}],"player_experience":90458,"relics_obtained":[{"floor":1.0,"key":"SynthV:TestCard"},{"floor":6,"key":"TeardropLocket"}],"event_choices":[{"damage_healed":0,"gold_gain":0,"player_choice":"2 cards matched","damage_taken":0,"max_hp_gain":0,"max_hp_loss":0,"event_name":"Match and Keep!","floor":2,"gold_loss":0,"cards_obtained":["JustLucky","MostiFishMod:Adaptation"]},{"damage_healed":0,"gold_gain":0,"cards_transformed":["Strike_P"],"player_choice":"Transformed","damage_taken":0,"max_hp_gain":0,"max_hp_loss":0,"event_name":"Transmorgrifier","floor":5,"gold_loss":0,"cards_obtained":["ConjureBlade"]}],"is_beta":false,"boss_relics":[],"items_purged_floors":[],"is_endless":false,"potions_floor_spawned":[1],"killed_by":"Gremlin Nob","ascension_level":20}}