{"host":"pg2biz4zy3df4ctj","time":1608969805,"event":{"mods":["BaseMod","Minty Spire (QoL Compilation)","Quick Restart","Random Character Button"],"gold_per_floor":[99,99,99,99,99,99,99,99,99,99,99,69,69,69,69,69,69,9,9,9,9,9,9,9,9,9,9,9,9,9,9,9,9,9,9,9,9,9,0,0,0,0],"floor_reached":41,"playtime":4568,"items_purged":[],"score":737,"play_id":"fe327562-f0a8-46ef-b87f-4a8085f66ec4","local_time":"20201226000325","is_ascension_mode":true,"campfire_choices":[{"data":"DeceiveReality","floor":6.0,"key":"SMITH"},{"data":"Eruption","floor":15.0,"key":"SMITH"},{"floor":24.0,"key":"REST"},{"floor":27.0,"key":"REST"},{"floor":32.0,"key":"REST"},{"data":"Vault","floor":40,"key":"SMITH"}],"circlet_count":0,"master_deck":["Strike_P","Strike_P","Strike_P","Strike_P","Defend_P","Defend_P","Defend_P","Defend_P","Eruption+1","Vigilance","CarveReality+1","EmptyBody","Evaluate","DeceiveReality+1","CutThroughFate","Pray","Vault","Perseverance+1","SandsOfTime","ThirdEye","Vault+1","Adaptation+1","Wallop+1","Ragnarok+1","Swivel","Madness","Madness"],"relics":["Ectoplasm","Pocketwatch","Thread and Needle","Mummified Hand","Philosopher\u0027s Stone","Molten Egg 2","Bird Faced Urn","CaptainsWheel","Gremlin Horn","Runic Pyramid","Red Mask"],"acts_visited":["Exordium","TheCity","TheBeyond"],"potions_floor_usage":[36],"damage_taken":[{"damage":0.0,"enemies":"2 Louse","floor":1.0,"turns":3.0},{"damage":0.0,"enemies":"Cultist","floor":3.0,"turns":2.0},{"damage":0.0,"enemies":"Small Slimes","floor":4.0,"turns":2.0},{"damage":0.0,"enemies":"Exordium Wildlife","floor":5.0,"turns":3.0},{"damage":8.0,"enemies":"Lagavulin","floor":7.0,"turns":8.0},{"damage":0.0,"enemies":"Large Slime","floor":8.0,"turns":3.0},{"damage":0.0,"enemies":"Gremlin Nob","floor":10.0,"turns":2.0},{"damage":0.0,"enemies":"2 Fungi Beasts","floor":11.0,"turns":2.0},{"damage":0.0,"enemies":"Looter","floor":12.0,"turns":3.0},{"damage":14.0,"enemies":"The Guardian","floor":16.0,"turns":11.0},{"damage":3.0,"enemies":"2 Thieves","floor":18.0,"turns":3.0},{"damage":4.0,"enemies":"Spheric Guardian","floor":19.0,"turns":3.0},{"damage":9.0,"enemies":"Snecko","floor":21.0,"turns":4.0},{"damage":20.0,"enemies":"Sentry and Sphere","floor":22.0,"turns":9.0},{"damage":8.0,"enemies":"Slavers","floor":23.0,"turns":6.0},{"damage":16.0,"enemies":"Gremlin Leader","floor":25.0,"turns":8.0},{"damage":12.0,"enemies":"3 Cultists","floor":28.0,"turns":6.0},{"damage":12.0,"enemies":"Book of Stabbing","floor":29.0,"turns":8.0},{"damage":0.0,"enemies":"Snecko","floor":31.0,"turns":4.0},{"damage":26.0,"enemies":"Automaton","floor":33.0,"turns":13.0},{"damage":0,"enemies":"Orb Walker","floor":35,"turns":4},{"damage":20,"enemies":"3 Darklings","floor":36,"turns":4},{"damage":1,"enemies":"4 Shapes","floor":38,"turns":2},{"damage":177,"enemies":"Giant Head","floor":41,"turns":9}],"seed_played":"-8231889081599542080","potions_obtained":[{"floor":1.0,"key":"Fire Potion"},{"floor":4.0,"key":"FairyPotion"},{"floor":10.0,"key":"BlessingOfTheForge"},{"floor":12.0,"key":"DuplicationPotion"},{"floor":23.0,"key":"DistilledChaos"},{"floor":28.0,"key":"Block Potion"},{"floor":31.0,"key":"DistilledChaos"},{"floor":33.0,"key":"Explosive Potion"}],"is_trial":false,"path_per_floor":["M","?","M","M","M","R","E","M","T","E","M","M","?","$","R","B",null,"M","M","?","M","M","E","R","E","T","R","M","E","?","M","R","B",null,"M","M","?","M","?","R","E"],"character_chosen":"WATCHER","items_purchased":[],"campfire_rested":3,"item_purchase_floors":[],"current_hp_per_floor":[65,65,65,65,65,65,57,57,57,57,57,57,57,57,57,43,65,62,58,58,49,29,21,42,26,26,47,35,25,25,27,48,24,60,60,42,33,32,32,32,0,0],"gold":0,"neow_bonus":"BOSS_RELIC","is_daily":false,"chose_seed":false,"campfire_upgraded":3,"win_rate":0.0,"timestamp":1608969805,"path_taken":["M","?","M","M","?","R","E","M","T","E","M","M","?","?","R","BOSS","M","M","?","M","M","E","R","E","T","R","M","E","?","M","R","BOSS","M","M","?","M","?","R","E"],"items_purchased_type":[],"build_version":"2020-12-22","purchased_purges":0,"victory":false,"max_hp_per_floor":[72,72,72,72,72,72,72,72,72,72,72,72,72,72,72,72,72,72,72,72,72,72,72,72,72,72,72,72,72,72,72,72,72,72,72,72,72,72,72,72,72,72],"card_choices":[{"not_picked":["Collect","Swivel"],"picked":"CarveReality","floor":1.0},{"not_picked":["EmptyFist","FlurryOfBlows"],"picked":"EmptyBody","floor":3.0},{"not_picked":["ClearTheMind","FlurryOfBlows"],"picked":"Evaluate","floor":4.0},{"not_picked":["JustLucky","Prostrate"],"picked":"DeceiveReality","floor":5.0},{"not_picked":["Protect","SignatureMove","WreathOfFlame"],"picked":"SKIP","floor":7.0},{"not_picked":["Omniscience","Consecrate"],"picked":"CutThroughFate","floor":8.0},{"not_picked":["Indignation","CarveReality"],"picked":"Pray","floor":10.0},{"not_picked":["PathToVictory","Evaluate","Crescendo"],"picked":"SKIP","floor":11.0},{"not_picked":["Crescendo","LikeWater","Evaluate"],"picked":"SKIP","floor":12.0},{"not_picked":["DeusExMachina","Judgement"],"picked":"Vault","floor":16.0},{"not_picked":["Crescendo","ReachHeaven"],"picked":"Perseverance+1","floor":18.0},{"not_picked":["Protect","MentalFortress"],"picked":"SandsOfTime","floor":19.0},{"not_picked":["SashWhip","BowlingBash+1"],"picked":"ThirdEye","floor":21.0},{"not_picked":["Collect","FollowUp","Consecrate"],"picked":"SKIP","floor":22.0},{"not_picked":["EmptyMind","ClearTheMind"],"picked":"Vault","floor":23.0},{"not_picked":["FlurryOfBlows+1","EmptyBody","PathToVictory+1"],"picked":"SKIP","floor":25.0},{"not_picked":["WindmillStrike+1","CrushJoints+1"],"picked":"Adaptation+1","floor":28.0},{"not_picked":["DeceiveReality","CrushJoints+1","ClearTheMind+1"],"picked":"SKIP","floor":29.0},{"not_picked":["ThirdEye","CutThroughFate+1"],"picked":"Wallop+1","floor":31.0},{"not_picked":["MasterReality","Blasphemy"],"picked":"Ragnarok+1","floor":33.0},{"not_picked":["Indignation","Wallop+1","Halt"],"picked":"SKIP","floor":35},{"not_picked":["ThirdEye","FollowUp+1"],"picked":"Swivel","floor":36},{"not_picked":["Omniscience","InnerPeace+1","FlurryOfBlows+1"],"picked":"SKIP","floor":38}],"player_experience":578369,"relics_obtained":[{"floor":7.0,"key":"Pocketwatch"},{"floor":10.0,"key":"Thread and Needle"},{"floor":23.0,"key":"Molten Egg 2"},{"floor":25.0,"key":"Bird Faced Urn"},{"floor":26.0,"key":"CaptainsWheel"},{"floor":29.0,"key":"Gremlin Horn"}],"event_choices":[{"damage_healed":0.0,"max_hp_gain":0.0,"max_hp_loss":0.0,"gold_gain":0.0,"event_name":"Upgrade Shrine","player_choice":"Upgraded","floor":2.0,"gold_loss":0.0,"damage_taken":0.0,"cards_upgraded":["CarveReality"]},{"damage_healed":0.0,"max_hp_gain":0.0,"max_hp_loss":0.0,"gold_gain":0.0,"event_name":"Big Fish","player_choice":"Box","floor":13.0,"gold_loss":0.0,"damage_taken":0.0,"relics_obtained":["Mummified Hand"],"cards_obtained":["Regret"]},{"damage_healed":0.0,"max_hp_gain":0.0,"max_hp_loss":0.0,"gold_gain":0.0,"event_name":"Ghosts","player_choice":"Ignored","floor":20.0,"gold_loss":0.0,"damage_taken":0.0},{"cards_removed":["Regret"],"damage_healed":0.0,"max_hp_gain":0.0,"max_hp_loss":0.0,"gold_gain":0.0,"event_name":"Back to Basics","player_choice":"Elegance","floor":30.0,"gold_loss":0.0,"damage_taken":0.0},{"damage_healed":0,"gold_gain":0,"player_choice":"Embrace Madness","damage_taken":9,"max_hp_gain":0,"max_hp_loss":0,"event_name":"Winding Halls","floor":37,"gold_loss":0,"cards_obtained":["Madness","Madness"]},{"damage_healed":0,"gold_gain":0,"player_choice":"Paid","damage_taken":0,"relics_obtained":["Red Mask"],"max_hp_gain":0,"max_hp_loss":0,"event_name":"Tomb of Lord Red Mask","floor":39,"gold_loss":9}],"is_beta":false,"boss_relics":[{"not_picked":["Cursed Key","Runic Dome"],"picked":"Philosopher\u0027s Stone"},{"not_picked":["Sozu","Snecko Eye"],"picked":"Runic Pyramid"}],"items_purged_floors":[],"is_endless":false,"potions_floor_spawned":[1,4,10,12,19,23,28,31,33],"killed_by":"Giant Head","ascension_level":6}}