{"host":"cfluht5kr2kfk9p9","time":1608972097,"event":{"mods":["ATMod(阿瑾Mod)","Act Like it!","Arknights The Spire","BaseMod","Gensokyo","GungeonMod","Hallownest","Highlight Path","Minty Spire (QoL Compilation)","Quick Restart","Rare Cards Sparkle","Relic Stats","RumiaBox-露米娅的神秘盒子","Spicy Shops","StSLib","TestMod","The Alterego","【功能Mod】混沌之环修复补丁"],"gold_per_floor":[109,127,140,140,175,207,207,240,320,349,359,133,147,161,161,266,266,285,29,29,29,29,55,55,73,73,73,108,128,3,33,33,129,129,141,159,43,63,82,82,1081,1116,1116,1126,1126,1151,1167,412,412,412,412],"floor_reached":50,"playtime":1584,"items_purged":["Strike_P","Strike_P","Strike_P","Defend_P","Gensokyo:EightFeetTall"],"score":901,"play_id":"bbf20327-ce53-4dc5-a64a-b51ab2f10ee7","local_time":"20201226164137","is_ascension_mode":true,"campfire_choices":[{"data":"AT_ChampionKick","floor":7.0,"key":"SMITH"},{"data":"FlurryOfBlows","floor":15.0,"key":"SMITH"},{"data":"Blasphemy","floor":24.0,"key":"SMITH"},{"data":"AT_IrregularMenstruation","floor":27.0,"key":"SMITH"},{"data":"Defend_P","floor":32.0,"key":"PURGE"},{"floor":40.0,"key":"RECALL"},{"data":"BowlingBash","floor":45.0,"key":"PURGE"},{"data":"Defend_P","floor":49.0,"key":"PURGE"}],"circlet_count":0,"master_deck":["Defend_P+1","Eruption+1","Vigilance","AT_ChampionKick+1","EmptyMind+1","FlurryOfBlows+1","AT_IrregularMenstruation+1","FearNoEvil","Blasphemy+1"],"relics":["testmod-TestBox","AT_ATBox","testmod-EnergyCheck","ats:Originium","Bag of Marbles","ats:Originium","ats:Originium","War Paint","Gremlin Horn","ats:Originium","Ancient Tea Set","Sling","Busted Crown","AT_ChloranthyRing","HornCleat","Bag of Preparation","MagicDraw3","DemoMod:DecoyRelic","Peace Pipe","Sozu","GoldenEye","testmod-RealStoneCalender","DemoMod:GlassGuonStoneRelic","Juzu Bracelet","AT_SilverBalance","testmod-Charity","Happy Flower"],"acts_visited":["Exordium","Gensokyo:Gensokyo","Gensokyo:Gensokyoer"],"potions_floor_usage":[],"damage_taken":[{"damage":5.0,"enemies":"Gensokyo:2_Kodama","floor":1.0,"turns":4.0},{"damage":0.0,"enemies":"Gensokyo:3_Fairies","floor":2.0,"turns":3.0},{"damage":0.0,"enemies":"Gensokyo:Python","floor":3.0,"turns":3.0},{"damage":57.0,"enemies":"Gensokyo:Aya","floor":5.0,"turns":8.0},{"damage":5.0,"enemies":"Gensokyo:Aya","floor":6.0,"turns":3.0},{"damage":7.0,"enemies":"Gensokyo:Cirno","floor":8.0,"turns":4.0},{"damage":0.0,"enemies":"Gensokyo:Mamizou","floor":10.0,"turns":6.0},{"damage":0.0,"enemies":"Gensokyo:LivingMonolith","floor":11.0,"turns":2.0},{"damage":0.0,"enemies":"Gensokyo:VengefulSpirit","floor":13.0,"turns":2.0},{"damage":0.0,"enemies":"Gensokyo:2_Rabbits","floor":14.0,"turns":3.0},{"damage":39.0,"enemies":"Gensokyo:Kokoro","floor":16.0,"turns":8.0},{"damage":14.0,"enemies":"Gensokyo:3_Dogs","floor":18.0,"turns":3.0},{"damage":0.0,"enemies":"Gensokyo:Reisen","floor":23.0,"turns":2.0},{"damage":0.0,"enemies":"Gensokyo:2_Gloops","floor":25.0,"turns":1.0},{"damage":0.0,"enemies":"Gensokyo:Koishi","floor":28.0,"turns":2.0},{"damage":23.0,"enemies":"Gensokyo:Slime_Group","floor":29.0,"turns":2.0},{"damage":0.0,"enemies":"Gensokyo:Reisen","floor":31.0,"turns":2.0},{"damage":1.0,"enemies":"Gensokyo:Kaguya","floor":33.0,"turns":3.0},{"damage":2.0,"enemies":"Gensokyo:3_Bats","floor":35.0,"turns":2.0},{"damage":0.0,"enemies":"Gensokyo:3_Boulders","floor":36.0,"turns":3.0},{"damage":10.0,"enemies":"Gensokyo:Sharpion","floor":38.0,"turns":3.0},{"damage":0.0,"enemies":"Gensokyo:AtlasGolem","floor":39.0,"turns":3.0},{"damage":0.0,"enemies":"Gensokyo:Marisa","floor":42.0,"turns":2.0},{"damage":8.0,"enemies":"Gensokyo:Dusk_and_Dawn","floor":44.0,"turns":3.0},{"damage":0.0,"enemies":"Gensokyo:Doremy","floor":46.0,"turns":2.0},{"damage":0.0,"enemies":"Gensokyo:3_Boulders","floor":47.0,"turns":2.0},{"damage":0,"enemies":"Gensokyo:Yuyuko","floor":50,"turns":1}],"seed_played":"5089477574035172648","potions_obtained":[{"floor":2.0,"key":"SpeedPotion"},{"floor":5.0,"key":"GamblersBrew"},{"floor":8.0,"key":"testmod-TestPotion"},{"floor":10.0,"key":"FairyPotion"},{"floor":16.0,"key":"AttackPotion"},{"floor":25.0,"key":"Explosive Potion"},{"floor":31.0,"key":"EssenceOfSteel"}],"is_trial":false,"path_per_floor":["M","M","M","?","?","E","R","E","T","E","M","$","M","M","R","B",null,"M","$","?","T","?","E","R","M","T","R","E","M","$","E","R","B",null,"M","M","COS","M","M","R","?","E","T","M","R","E","M","$","R","B"],"character_chosen":"WATCHER","items_purchased":["Sling","AT_ChloranthyRing","Peace Pipe","AT_SilverBalance","testmod-Charity","Happy Flower"],"campfire_rested":0,"item_purchase_floors":[12,19,30,48,48,48],"current_hp_per_floor":[70,74,75,75,20,17,17,21,21,23,25,25,27,30,30,21,83,73,73,73,73,73,77,77,78,78,78,79,59,59,63,63,69,82,83,84,84,76,78,78,78,78,78,70,70,70,70,70,70,35,35],"gold":412,"neow_bonus":"BOSS_RELIC","is_daily":false,"chose_seed":false,"campfire_upgraded":4,"win_rate":0.0,"timestamp":1608972097,"path_taken":["M","?","?","?","?","E","R","E","T","E","?","?","M","M","R","BOSS","M","$","?","?","?","E","R","M","T","R","E","M","$","E","R","BOSS","M","M","COS","M","?","R","?","E","T","?","R","E","M","$","R","BOSS"],"items_purchased_type":["Relic","Relic","Relic","Relic","Relic","Relic"],"build_version":"2020-12-22","purchased_purges":5,"victory":false,"max_hp_per_floor":[73,74,75,75,76,77,77,78,78,79,80,80,81,82,82,83,83,84,84,76,76,76,77,77,78,78,78,79,80,80,81,81,82,82,83,84,84,85,86,86,86,86,86,86,86,86,86,86,86,70,70],"relic_stats":{"Peace Pipe":3,"Sozu":4,"Busted Crown":54,"Gremlin Horn":[21,21],"Happy Flower":[0],"counters":[27,82],"Bag of Preparation":[28],"Juzu Bracelet":0,"War Paint":["Defend_P","EmptyMind"],"GoldenEye":[0],"obtain_stats":[{"AT_ATBox":0,"Gremlin Horn":9,"DemoMod:GlassGuonStoneRelic":6,"testmod-NegativeEmotionEnhancer":0,"Bag of Preparation":23,"Juzu Bracelet":46,"Ancient Tea Set":10,"Sling":12,"MagicDraw3":26,"testmod-Charity":48,"Sozu":34,"Frozen Eye":28,"HornCleat":21,"AT_ChloranthyRing":19,"testmod-TestBox":0,"Happy Flower":48,"AT_SilverBalance":48,"War Paint":8,"GoldenEye":42,"Peace Pipe":30,"testmod-RealStoneCalender":44,"Busted Crown":17,"ats:Originium":5,"DemoMod:DecoyRelic":28,"Bag of Marbles":5,"PureWater":0,"testmod-EnergyCheck":0},{"AT_ATBox":0,"Gremlin Horn":6,"DemoMod:GlassGuonStoneRelic":5,"testmod-NegativeEmotionEnhancer":0,"Bag of Preparation":13,"Juzu Bracelet":25,"Ancient Tea Set":7,"Sling":8,"MagicDraw3":14,"testmod-Charity":26,"Sozu":18,"Frozen Eye":14,"HornCleat":12,"AT_ChloranthyRing":12,"testmod-TestBox":0,"Happy Flower":26,"AT_SilverBalance":26,"War Paint":6,"GoldenEye":23,"Peace Pipe":16,"testmod-RealStoneCalender":24,"Busted Crown":11,"ats:Originium":4,"DemoMod:DecoyRelic":15,"Bag of Marbles":4,"PureWater":0,"testmod-EnergyCheck":0},{"AT_ATBox":0,"Gremlin Horn":25,"DemoMod:GlassGuonStoneRelic":21,"testmod-NegativeEmotionEnhancer":0,"Bag of Preparation":51,"Juzu Bracelet":79,"Ancient Tea Set":31,"Sling":33,"MagicDraw3":52,"testmod-Charity":81,"Sozu":61,"Frozen Eye":52,"HornCleat":49,"AT_ChloranthyRing":49,"testmod-TestBox":0,"Happy Flower":81,"AT_SilverBalance":81,"War Paint":25,"GoldenEye":74,"Peace Pipe":56,"testmod-RealStoneCalender":76,"Busted Crown":46,"ats:Originium":18,"DemoMod:DecoyRelic":54,"Bag of Marbles":18,"PureWater":0,"testmod-EnergyCheck":0}]},"card_choices":[{"not_picked":["Crescendo","EmptyBody"],"picked":"BowlingBash","floor":1.0},{"not_picked":["Indignation","BowlingBash"],"picked":"EmptyMind","floor":2.0},{"not_picked":["PathToVictory","BowlingBash"],"picked":"Adaptation","floor":3.0},{"not_picked":["Devotion","CrushJoints"],"picked":"FlurryOfBlows","floor":5.0},{"not_picked":["BowlingBash","SandsOfTime","Perseverance"],"picked":"SKIP","floor":6.0},{"not_picked":["CrushJoints","CarveReality","PathToVictory"],"picked":"SKIP","floor":8.0},{"not_picked":["FlyingSleeves","EmptyFist","Vengeance"],"picked":"SKIP","floor":10.0},{"not_picked":["Crescendo","CutThroughFate","Consecrate"],"picked":"SKIP","floor":11.0},{"not_picked":["FollowUp","BowlingBash","JustLucky"],"picked":"SKIP","floor":13.0},{"not_picked":["EmptyBody","Halt","ClearTheMind"],"picked":"SKIP","floor":14.0},{"not_picked":["AT_ChampionKick","Establishment"],"picked":"AT_IrregularMenstruation","floor":16.0},{"not_picked":[],"picked":"FearNoEvil","floor":18.0},{"not_picked":[],"picked":"Gensokyo:EightFeetTall","floor":20.0},{"not_picked":[],"picked":"Blasphemy","floor":23.0},{"not_picked":["Protect"],"picked":"SKIP","floor":25.0},{"not_picked":["CutThroughFate"],"picked":"SKIP","floor":28.0},{"not_picked":["Halt"],"picked":"SKIP","floor":29.0},{"not_picked":["Vengeance"],"picked":"SKIP","floor":31.0},{"not_picked":["Pray"],"picked":"SKIP","floor":35.0},{"not_picked":["Halt+1"],"picked":"SKIP","floor":36.0},{"not_picked":["FollowUp+1"],"picked":"SKIP","floor":38.0},{"not_picked":["CrushJoints+1"],"picked":"SKIP","floor":38.0},{"not_picked":["Protect"],"picked":"SKIP","floor":39.0},{"not_picked":["EmptyBody+1"],"picked":"SKIP","floor":42.0},{"not_picked":["FollowUp"],"picked":"SKIP","floor":44.0},{"not_picked":["Alpha"],"picked":"SKIP","floor":46.0},{"not_picked":["PathToVictory+1"],"picked":"SKIP","floor":47.0}],"player_experience":37510,"relics_obtained":[{"floor":5.0,"key":"ats:Originium"},{"floor":5.0,"key":"Bag of Marbles"},{"floor":6.0,"key":"ats:Originium"},{"floor":8.0,"key":"ats:Originium"},{"floor":8.0,"key":"War Paint"},{"floor":9.0,"key":"Gremlin Horn"},{"floor":10.0,"key":"ats:Originium"},{"floor":10.0,"key":"Ancient Tea Set"},{"floor":21.0,"key":"HornCleat"},{"floor":23.0,"key":"Bag of Preparation"},{"floor":26.0,"key":"MagicDraw3"},{"floor":28.0,"key":"DemoMod:DecoyRelic"},{"floor":42.0,"key":"GoldenEye"},{"floor":46.0,"key":"Juzu Bracelet"}],"event_choices":[{"damage_healed":0.0,"max_hp_gain":0.0,"max_hp_loss":0.0,"gold_gain":999.0,"event_name":"恩洛斯的盘子","player_choice":"Sell","floor":41.0,"relics_lost":["testmod-NegativeEmotionEnhancer"],"gold_loss":0.0,"damage_taken":0.0}],"is_beta":false,"boss_relics":[{"not_picked":["testmod-CardMagician","testmod-Recursion"],"picked":"Busted Crown"},{"not_picked":["testmod-StringDisintegrator","SoulBox"],"picked":"Sozu"}],"items_purged_floors":[12,19,30,48,48],"is_endless":false,"potions_floor_spawned":[2,5,8,10,11,16,25,28,31,38,39,44,46],"killed_by":"Gensokyo:Yuyuko","ascension_level":2}}