{"host":"szp1d6dso4pv7ddl","time":1608944971,"event":{"mods":["AchievementEnabler","Alarm Clock","BaseMod","Bestiary","Block Reminder","Colored Map","Colored Powertips","Curses Come First","Displayed Cursed Tome","Highlight Path","Minty Spire (QoL Compilation)","Permanent Neow","Quick Restart","Relic Sorter","Relic Stats","StSLib","Synergy Search"],"gold_per_floor":[18,118,131,131,131,131,157,175,175,100,100,117,132,166,166,263,263,276,276,50,50,50,50,75,91,91,91,108,108,125,141,141,240,240,254,273,75,91,91,91,91,91],"floor_reached":41,"playtime":2802,"items_purged":["Strike_G","Strike_G","Strike_G"],"score":682,"play_id":"61d7ac90-13f4-42ed-a574-e653b9382f4c","local_time":"20201225170931","is_ascension_mode":true,"campfire_choices":[{"data":"Glass Knife","floor":6.0,"key":"SMITH"},{"floor":11.0,"key":"REST"},{"data":"Terror","floor":15.0,"key":"SMITH"},{"data":"Night Terror","floor":23.0,"key":"SMITH"},{"data":"Well Laid Plans","floor":27.0,"key":"SMITH"},{"data":"Eviscerate","floor":29.0,"key":"SMITH"},{"data":"Glass Knife","floor":32.0,"key":"SMITH"},{"floor":40,"key":"REST"}],"circlet_count":0,"master_deck":["AscendersBane","Defend_G","Survivor","Neutralize","Glass Knife+1","Venomology","Sucker Punch","Blur","Concentrate","Backflip","Underhanded Strike","Terror+1","Heel Hook","Eviscerate+1","Night Terror+1","Prepared","Backflip","Well Laid Plans+1","Underhanded Strike","Glass Knife+1","Envenom","Escape Plan","Dramatic Entrance"],"relics":["Ring of the Snake","InkBottle","Happy Flower","Bag of Preparation","Juzu Bracelet","Empty Cage","Prayer Wheel","SacredBark"],"acts_visited":["Exordium","TheCity","TheBeyond"],"potions_floor_usage":[38,38,41],"damage_taken":[{"damage":0.0,"enemies":"2 Louse","floor":1.0,"turns":2.0},{"damage":4.0,"enemies":"Cultist","floor":3.0,"turns":3.0},{"damage":25.0,"enemies":"Lagavulin","floor":7.0,"turns":7.0},{"damage":0.0,"enemies":"Jaw Worm","floor":8.0,"turns":2.0},{"damage":4.0,"enemies":"Large Slime","floor":12.0,"turns":5.0},{"damage":0.0,"enemies":"Lots of Slimes","floor":13.0,"turns":4.0},{"damage":0.0,"enemies":"Gremlin Nob","floor":14.0,"turns":2.0},{"damage":45.0,"enemies":"Slime Boss","floor":16.0,"turns":16.0},{"damage":10.0,"enemies":"Shell Parasite","floor":18.0,"turns":3.0},{"damage":0.0,"enemies":"Chosen","floor":25.0,"turns":3.0},{"damage":0.0,"enemies":"Snecko","floor":28.0,"turns":4.0},{"damage":4.0,"enemies":"Centurion and Healer","floor":30.0,"turns":4.0},{"damage":3.0,"enemies":"Snake Plant","floor":31.0,"turns":2.0},{"damage":51.0,"enemies":"Champ","floor":33.0,"turns":8.0},{"damage":8.0,"enemies":"3 Shapes","floor":35.0,"turns":3.0},{"damage":0.0,"enemies":"Orb Walker","floor":36.0,"turns":1.0},{"damage":22,"enemies":"Maw","floor":38,"turns":4},{"damage":72,"enemies":"Giant Head","floor":41,"turns":6}],"seed_played":"5150151299582423536","potions_obtained":[{"floor":5.0,"key":"Fire Potion"},{"floor":5.0,"key":"Block Potion"},{"floor":5.0,"key":"DistilledChaos"},{"floor":8.0,"key":"Dexterity Potion"},{"floor":25.0,"key":"BlessingOfTheForge"},{"floor":28.0,"key":"Energy Potion"},{"floor":30.0,"key":"Explosive Potion"},{"floor":35.0,"key":"DistilledChaos"}],"is_trial":false,"path_per_floor":["M","?","M","?","?","R","E","M","T","$","R","M","M","E","R","B",null,"M","?","$","?","?","R","T","M","T","R","M","R","M","M","R","B",null,"M","M","$","M","?","R","E"],"character_chosen":"THE_SILENT","items_purchased":["Backflip","Well Laid Plans","Escape Plan"],"campfire_rested":2,"item_purchase_floors":[20,20,37],"current_hp_per_floor":[63,63,59,59,59,59,34,34,34,34,55,51,51,51,51,6,54,44,44,44,44,67,67,67,67,67,67,67,67,63,60,60,9,55,47,47,47,25,25,46,0,0],"gold":91,"neow_bonus":"TRANSFORM_TWO_CARDS","is_daily":false,"chose_seed":false,"campfire_upgraded":6,"win_rate":0.0,"timestamp":1608944971,"path_taken":["M","?","?","?","?","R","E","M","T","$","R","?","M","E","R","BOSS","M","?","$","?","?","R","?","M","T","R","M","R","M","M","R","BOSS","M","M","$","M","?","R","E"],"items_purchased_type":["Card","Card","Card"],"build_version":"2020-12-22","purchased_purges":3,"victory":false,"max_hp_per_floor":[70,70,70,70,70,70,70,70,70,70,70,70,70,70,70,70,70,70,70,70,70,70,70,70,70,70,70,70,70,70,70,70,70,70,70,70,70,70,70,70,70,70],"relic_stats":{"Happy Flower":[11],"counters":[18,79],"Prayer Wheel":6,"Bag of Preparation":[28],"Juzu Bracelet":1,"obtain_stats":[{"Happy Flower":24,"SacredBark":34,"Prayer Wheel":26,"Bag of Preparation":9,"Juzu Bracelet":14,"Empty Cage":17,"InkBottle":7,"Ring of the Snake":0},{"Happy Flower":9,"SacredBark":14,"Prayer Wheel":10,"Bag of Preparation":4,"Juzu Bracelet":7,"Empty Cage":8,"InkBottle":3,"Ring of the Snake":0},{"Happy Flower":44,"SacredBark":65,"Prayer Wheel":47,"Bag of Preparation":14,"Juzu Bracelet":25,"Empty Cage":41,"InkBottle":12,"Ring of the Snake":0}],"InkBottle":[28],"Ring of the Snake":[36]},"card_choices":[{"not_picked":["Poisoned Stab","Outmaneuver"],"picked":"Sucker Punch","floor":1.0},{"not_picked":["Flechettes","Outmaneuver"],"picked":"Blur","floor":3.0},{"not_picked":["Expertise","Footwork"],"picked":"Backflip","floor":7.0},{"not_picked":["Crippling Poison","Unload"],"picked":"Underhanded Strike","floor":8.0},{"not_picked":["Bane","Dash"],"picked":"Terror","floor":12.0},{"not_picked":["Heel Hook","Slice","Skewer"],"picked":"SKIP","floor":13.0},{"not_picked":["Slice","Skewer"],"picked":"Heel Hook","floor":13.0},{"not_picked":["Flechettes","Sucker Punch"],"picked":"Eviscerate","floor":14.0},{"not_picked":["Doppelganger","After Image"],"picked":"Night Terror","floor":16.0},{"not_picked":["Caltrops+1","Blade Dance"],"picked":"Prepared","floor":18.0},{"not_picked":["Quick Slash","Eviscerate","Dodge and Roll"],"picked":"SKIP","floor":25.0},{"not_picked":["Prepared","Riddle With Holes","Outmaneuver"],"picked":"SKIP","floor":28.0},{"not_picked":["Outmaneuver","Infinite Blades","Deflect+1"],"picked":"SKIP","floor":28.0},{"not_picked":["Expertise","Footwork"],"picked":"Underhanded Strike","floor":30.0},{"not_picked":["Flechettes","Escape Plan","Outmaneuver"],"picked":"SKIP","floor":30.0},{"not_picked":["Dodge and Roll","Backflip"],"picked":"Glass Knife","floor":31.0},{"not_picked":["Slice","Blade Dance","Dagger Spray"],"picked":"SKIP","floor":31.0},{"not_picked":["Malaise","A Thousand Cuts"],"picked":"Envenom","floor":33.0},{"not_picked":["Skewer","Dagger Spray","Prepared"],"picked":"SKIP","floor":35.0},{"not_picked":["Bane+1","Sucker Punch","Dagger Throw+1"],"picked":"SKIP","floor":35.0},{"not_picked":["Calculated Gamble","Flying Knee","Poisoned Stab"],"picked":"SKIP","floor":36.0},{"not_picked":["Leg Sweep","Flying Knee+1","Underhanded Strike"],"picked":"SKIP","floor":36.0},{"not_picked":["Backflip+1","Eviscerate","Underhanded Strike"],"picked":"SKIP","floor":38},{"not_picked":["Cloak And Dagger","Dagger Throw","Outmaneuver"],"picked":"SKIP","floor":38},{"not_picked":["Metamorphosis","Thinking Ahead"],"picked":"Dramatic Entrance","floor":39}],"player_experience":1013357,"relics_obtained":[{"floor":7.0,"key":"InkBottle"},{"floor":9.0,"key":"Bag of Preparation"},{"floor":14.0,"key":"Juzu Bracelet"},{"floor":24.0,"key":"Happy Flower"},{"floor":26.0,"key":"Prayer Wheel"}],"event_choices":[{"damage_healed":0.0,"max_hp_gain":0.0,"max_hp_loss":0.0,"gold_gain":100.0,"event_name":"Golden Shrine","player_choice":"Pray","floor":2.0,"gold_loss":0.0,"damage_taken":0.0},{"damage_healed":0.0,"max_hp_gain":0.0,"max_hp_loss":0.0,"gold_gain":0.0,"cards_transformed":["Defend_G"],"event_name":"Living Wall","player_choice":"Change","floor":4.0,"gold_loss":0.0,"damage_taken":0.0,"cards_obtained":["Concentrate"]},{"damage_healed":0.0,"max_hp_gain":0.0,"max_hp_loss":0.0,"gold_gain":0.0,"event_name":"Lab","player_choice":"Got Potions","floor":5.0,"gold_loss":0.0,"damage_taken":0.0},{"cards_removed":["Defend_G"],"damage_healed":0.0,"max_hp_gain":0.0,"max_hp_loss":0.0,"gold_gain":0.0,"event_name":"Back to Basics","player_choice":"Elegance","floor":19.0,"gold_loss":0.0,"damage_taken":0.0},{"damage_healed":0.0,"max_hp_gain":0.0,"max_hp_loss":0.0,"gold_gain":0.0,"event_name":"The Woman in Blue","player_choice":"Bought 0 Potions","floor":21.0,"gold_loss":0.0,"damage_taken":0.0},{"damage_healed":23.0,"max_hp_gain":0.0,"max_hp_loss":0.0,"gold_gain":0.0,"event_name":"The Library","player_choice":"Heal","floor":22.0,"gold_loss":0.0,"damage_taken":0.0},{"damage_healed":0,"gold_gain":0,"player_choice":"Memory 1","damage_taken":0,"max_hp_gain":0,"max_hp_loss":0,"event_name":"SensoryStone","floor":39,"gold_loss":0}],"is_beta":false,"boss_relics":[{"not_picked":["Philosopher\u0027s Stone","Coffee Dripper"],"picked":"Empty Cage"},{"not_picked":["Runic Dome","Busted Crown"],"picked":"SacredBark"}],"items_purged_floors":[10,20,37],"is_endless":false,"potions_floor_spawned":[8,12,13,14,25,28,30,35],"killed_by":"Giant Head","ascension_level":12}}