{"host":"nj4msrt0z6tj4wtb","time":1608989034,"event":{"mods":["AchievementEnabler","BaseMod","Colored Map","Colored Powertips","DeckTracker","Highlight Path","Minty Spire (QoL Compilation)","Quick Restart","Random Character Button","StSLib","SuperFastMode"],"gold_per_floor":[114,127,139,139,159,159,194,205,286,302,302,334,334,41,41,139,139,109,109,34,45,45,78,78,78,78],"floor_reached":25,"playtime":820,"items_purged":["Strike_R"],"score":309,"play_id":"eec7153c-fa7e-4e72-8ba8-ccc19ff7cbf8","local_time":"20201226222354","is_ascension_mode":true,"campfire_choices":[{"data":"Bash","floor":6.0,"key":"SMITH"},{"data":"Entrench","floor":11.0,"key":"SMITH"},{"data":"Barricade","floor":15.0,"key":"SMITH"},{"data":"Berserk","floor":24,"key":"SMITH"}],"circlet_count":0,"master_deck":["Strike_R","Strike_R","Defend_R","Defend_R","Defend_R","Defend_R","Bash+1","Pommel Strike","Wild Strike","Sword Boomerang","Power Through","Shrug It Off","Entrench+1","Demon Form","Berserk+1","Barricade+1","Double Tap","RitualDagger","Fire Breathing","Dropkick","Reaper"],"relics":["Burning Blood","Strawberry","Self Forming Clay","Turnip","Potion Belt","SacredBark","Blood Vial"],"acts_visited":["Exordium","TheCity"],"potions_floor_usage":[23,23,25],"damage_taken":[{"damage":6.0,"enemies":"Cultist","floor":1.0,"turns":3.0},{"damage":0.0,"enemies":"Small Slimes","floor":2.0,"turns":3.0},{"damage":1.0,"enemies":"2 Louse","floor":3.0,"turns":2.0},{"damage":13.0,"enemies":"Exordium Thugs","floor":5.0,"turns":4.0},{"damage":34.0,"enemies":"Lagavulin","floor":7.0,"turns":9.0},{"damage":8.0,"enemies":"Blue Slaver","floor":8.0,"turns":2.0},{"damage":9.0,"enemies":"3 Louse","floor":10.0,"turns":4.0},{"damage":14.0,"enemies":"Gremlin Nob","floor":12.0,"turns":4.0},{"damage":0.0,"enemies":"Slime Boss","floor":16.0,"turns":13.0},{"damage":26.0,"enemies":"2 Thieves","floor":18.0,"turns":5.0},{"damage":22.0,"enemies":"Spheric Guardian","floor":21.0,"turns":10.0},{"damage":25,"enemies":"Book of Stabbing","floor":23,"turns":8},{"damage":33,"enemies":"Gremlin Leader","floor":25,"turns":4}],"seed_played":"-7175894083852667531","potions_obtained":[{"floor":2.0,"key":"Weak Potion"},{"floor":5.0,"key":"Fruit Juice"},{"floor":10.0,"key":"Swift Potion"},{"floor":12.0,"key":"Fire Potion"},{"floor":18.0,"key":"Ancient Potion"},{"floor":21.0,"key":"LiquidBronze"}],"is_trial":false,"path_per_floor":["M","M","M","?","M","R","E","M","T","M","R","E","?","$","R","B",null,"M","?","$","M","$","E","R","E"],"character_chosen":"IRONCLAD","items_purchased":["Barricade","Potion Belt","Fire Breathing"],"campfire_rested":0,"item_purchase_floors":[14,14,20],"current_hp_per_floor":[80,80,80,80,78,78,57,55,55,52,52,44,37,37,37,43,92,72,66,66,50,50,31,31,0,0],"gold":78,"neow_bonus":"REMOVE_CARD","is_daily":false,"chose_seed":false,"campfire_upgraded":4,"win_rate":0.0,"timestamp":1608989034,"path_taken":["M","M","M","?","M","R","E","M","T","M","R","E","?","$","R","BOSS","M","?","?","M","$","E","R","E"],"items_purchased_type":["Card","Relic","Card"],"build_version":"2020-12-22","purchased_purges":1,"victory":false,"max_hp_per_floor":[80,80,80,80,85,85,92,92,92,92,92,92,92,92,92,92,92,92,92,92,92,92,92,92,92,92],"card_choices":[{"not_picked":["Whirlwind","Havoc"],"picked":"Pommel Strike","floor":1.0},{"not_picked":["Pommel Strike","Clash"],"picked":"Wild Strike","floor":2.0},{"not_picked":["Flame Barrier","Searing Blow"],"picked":"Sword Boomerang","floor":3.0},{"not_picked":["Havoc","Headbutt"],"picked":"Power Through","floor":5.0},{"not_picked":["Flex","Sword Boomerang"],"picked":"Shrug It Off","floor":7.0},{"not_picked":["Twin Strike","Sword Boomerang"],"picked":"Entrench","floor":8.0},{"not_picked":["Heavy Blade","Flex"],"picked":"Demon Form","floor":10.0},{"not_picked":["Feel No Pain","Pommel Strike"],"picked":"Berserk","floor":12.0},{"not_picked":["Fiend Fire","Demon Form"],"picked":"Double Tap","floor":16.0},{"not_picked":["Heavy Blade","Hemokinesis+1","Warcry+1"],"picked":"SKIP","floor":18.0},{"not_picked":["Power Through","Blood for Blood"],"picked":"Dropkick","floor":21.0},{"not_picked":["Heavy Blade","Iron Wave"],"picked":"Reaper","floor":23}],"player_experience":623423,"relics_obtained":[{"floor":7.0,"key":"Strawberry"},{"floor":9.0,"key":"Self Forming Clay"},{"floor":12.0,"key":"Turnip"},{"floor":23,"key":"Blood Vial"}],"event_choices":[{"damage_healed":0.0,"max_hp_gain":0.0,"max_hp_loss":0.0,"gold_gain":0.0,"event_name":"Liars Game","player_choice":"Ignored","floor":4.0,"gold_loss":0.0,"damage_taken":0.0},{"cards_removed":["Strike_R"],"damage_healed":0.0,"max_hp_gain":0.0,"max_hp_loss":0.0,"gold_gain":0.0,"event_name":"Golden Wing","player_choice":"Card Removal","floor":13.0,"gold_loss":0.0,"damage_taken":7.0},{"damage_healed":0.0,"max_hp_gain":0.0,"max_hp_loss":0.0,"gold_gain":0.0,"event_name":"Nest","player_choice":"Joined the Cult","floor":19.0,"gold_loss":0.0,"damage_taken":6.0,"cards_obtained":["RitualDagger"]}],"is_beta":false,"boss_relics":[{"not_picked":["Runic Cube","Fusion Hammer"],"picked":"SacredBark"}],"items_purged_floors":[14],"is_endless":false,"potions_floor_spawned":[2,5,10,12,18,21],"killed_by":"Gremlin Leader","ascension_level":2}}