{"host":"l84l8xigz5v5foa2","time":1608950458,"event":{"mods":["2.2 Compatiblity","AchievementEnabler","BaseMod","Better Note","Better Vampires","Card Filter","Colored Map","DeckTracker","Downfall","Gremlin Skip","Highlight Path","Keyboard Shortcuts","Minty Spire (QoL Compilation)","Permanent Neow","Quick Restart","Relic Filter","Relic Stats","StSLib","SuperFastMode","Transform Curses","Unknown Chances"],"gold_per_floor":[349,363,383,383,396,396,396,415,415,253,253,353,353,368,384,484,484,484,499,513,167,167,267,267,267,284,284,251,251,278,278,291,393,393,243,260,360,377,387,387,387,399,324,338,349,157,172,204,216,216,216,245,85,85,85],"floor_reached":56,"playtime":4972,"items_purged":["champ:Strike","champ:Strike","champ:Defend","champ:Execute","champ:DeathBlow+1"],"score":1288,"play_id":"41cccbdb-e8a5-402b-8a63-37d0118464e6","local_time":"20201226114058","is_ascension_mode":true,"campfire_choices":[{"data":"champ:Taunt","floor":1.0,"key":"SMITH"},{"data":"champ:PreciseThrust","floor":6.0,"key":"SMITH"},{"data":"champ:DeathBlow","floor":9.0,"key":"SMITH"},{"data":"champ:EnchantCrown","floor":11.0,"key":"SMITH"},{"data":"champ:StanceDance","floor":13.0,"key":"SMITH"},{"data":"champ:Devastate","floor":18.0,"key":"SMITH"},{"data":"champ:FocusedGladiator","floor":25.0,"key":"SMITH"},{"data":"champ:Defend","floor":35.0,"key":"PURGE"},{"floor":40.0,"key":"RECALL"},{"data":"champ:MurderStrike","floor":43.0,"key":"SMITH"},{"data":"expansioncontent:CaCaw","floor":54.0,"key":"SMITH"}],"circlet_count":0,"master_deck":["champ:Taunt+1","champ:Duel+1","champ:PreciseThrust+1","champ:EnchantCrown+1","champ:RisingSlash","champ:Lariat+1","champ:StanceDance+1","champ:FocusedGladiator+1","champ:Devastate+1","champ:MurderStrike+1","champ:RageSigil+1","champ:EnchantShield","champ:VampiricStrike","champ:EnchantCrown","expansioncontent:CaCaw+1","champ:GladiatorStyle+1"],"relics":["champ:ChampionCrown","champ:SpectersHand","Philosopher\u0027s Stone","Membership Card","White Beast Statue","Peace Pipe","Orrery","Vajra","Coffee Dripper","downfall:HeartBlessingGreen","downfall:HeartBlessingBlue","downfall:GremlinWheel","Bottled Flame","downfall:HeartBlessingRed","Guardian:PocketSentry","Pear","Lizard Tail","champ:FightingForDummies"],"acts_visited":["Exordium","TheCity","TheBeyond","TheEnding"],"potions_floor_usage":[55,55],"damage_taken":[{"damage":5.0,"enemies":"2 Louse","floor":2.0,"turns":3.0},{"damage":5.0,"enemies":"Cultist","floor":3.0,"turns":3.0},{"damage":5.0,"enemies":"Small Slimes","floor":5.0,"turns":4.0},{"damage":5.0,"enemies":"2 Fungi Beasts","floor":8.0,"turns":3.0},{"damage":20.0,"enemies":"downfall:FleeingMerchant","floor":10.0,"turns":4.0},{"damage":34.0,"enemies":"downfall:Heads","floor":12.0,"turns":4.0},{"damage":23.0,"enemies":"Large Slime","floor":14.0,"turns":4.0},{"damage":15.0,"enemies":"3 Louse","floor":15.0,"turns":2.0},{"damage":5.0,"enemies":"downfall:Defect","floor":16.0,"turns":6.0},{"damage":31.0,"enemies":"Shell Parasite","floor":19.0,"turns":4.0},{"damage":5.0,"enemies":"3 Byrds","floor":20.0,"turns":3.0},{"damage":17.0,"enemies":"downfall:FleeingMerchant","floor":21.0,"turns":4.0},{"damage":27.0,"enemies":"downfall:Augmenter","floor":23.0,"turns":6.0},{"damage":5.0,"enemies":"Centurion and Healer","floor":26.0,"turns":4.0},{"damage":15.0,"enemies":"downfall:FleeingMerchant","floor":28.0,"turns":2.0},{"damage":0.0,"enemies":"Book of Stabbing","floor":30.0,"turns":4.0},{"damage":15.0,"enemies":"Snake Plant","floor":32.0,"turns":2.0},{"damage":18.0,"enemies":"downfall:Ironclad","floor":33.0,"turns":3.0},{"damage":0.0,"enemies":"Orb Walker","floor":36.0,"turns":2.0},{"damage":0.0,"enemies":"Orb Walker","floor":37.0,"turns":2.0},{"damage":0.0,"enemies":"3 Shapes","floor":38.0,"turns":2.0},{"damage":15.0,"enemies":"3 Darklings","floor":39.0,"turns":1.0},{"damage":20.0,"enemies":"Transient","floor":42.0,"turns":3.0},{"damage":0.0,"enemies":"Maw","floor":44.0,"turns":2.0},{"damage":0.0,"enemies":"Writhing Mass","floor":45.0,"turns":2.0},{"damage":0.0,"enemies":"3 Darklings","floor":47.0,"turns":2.0},{"damage":18.0,"enemies":"Nemesis","floor":48.0,"turns":3.0},{"damage":15.0,"enemies":"Spire Growth","floor":49.0,"turns":2.0},{"damage":5.0,"enemies":"downfall:Silent","floor":50.0,"turns":2.0},{"damage":5.0,"enemies":"downfall:CharBossMerchant","floor":52.0,"turns":3.0},{"damage":30,"enemies":"downfall:NeowBoss","floor":55,"turns":9}],"seed_played":"1942579678245315327","potions_obtained":[{"floor":8.0,"key":"champ:TechniquePotion"},{"floor":14.0,"key":"Guardian:BlockOnCardUsePotion"},{"floor":16.0,"key":"Dexterity Potion"},{"floor":26.0,"key":"Fire Potion"},{"floor":28.0,"key":"Weak Potion"},{"floor":30.0,"key":"Block Potion"},{"floor":37.0,"key":"ColorlessPotion"},{"floor":48.0,"key":"SpeedPotion"},{"floor":52.0,"key":"DuplicationPotion"}],"is_trial":false,"path_per_floor":["R","M","M","?","M","R","T","M","R","$","R","?","R","M","M","B",null,"R","M","M","$","?","?","T","R","M","?","$","?","E","?","M","B",null,"R","M","?","M","M","R","T","M","R","M","M","$","M","E","M","B",null,"E","$","R","B",null],"character_chosen":"THE_CHAMP","items_purchased":["champ:RisingSlash","Membership Card","White Beast Statue","Peace Pipe","Orrery","champ:VampiricStrike","Guardian:PocketSentry","expansioncontent:CaCaw","champ:FightingForDummies"],"campfire_rested":0,"item_purchase_floors":[10,21,21,28,28,28,46,46,53],"current_hp_per_floor":[63,63,63,63,63,63,63,63,63,63,63,49,49,49,49,44,90,90,88,88,86,86,76,76,76,76,76,76,76,86,86,86,87,90,100,100,100,100,100,100,100,100,100,100,100,100,100,107,107,102,110,110,110,110,80],"gold":85,"neow_bonus":"TWO_FIFTY_GOLD","is_daily":false,"chose_seed":false,"campfire_upgraded":9,"win_rate":0.0,"timestamp":1608950458,"path_taken":["R","M","M","?","M","R","T","?","R","$","R","?","R","M","M","BOSS","R","M","M","$","?","?","T","R","M","?","$","?","E","?","M","BOSS","R","M","?","M","M","R","T","M","R","M","?","?","M","E","M","BOSS","E","$","R","BOSS"],"items_purchased_type":["Card","Relic","Relic","Relic","Relic","Card","Relic","Card","Relic"],"build_version":"2020-12-22","purchased_purges":5,"victory":true,"max_hp_per_floor":[90,90,90,90,90,90,90,90,90,90,90,90,90,90,90,90,90,90,90,90,90,90,90,90,90,90,90,90,90,90,90,90,90,90,100,100,100,100,100,100,100,100,100,100,100,100,100,110,110,110,110,110,110,110,110],"relic_stats":{"Peace Pipe":1,"Lizard Tail":0,"counters":[31,100],"obtain_stats":[{"Pear":48,"downfall:HeartBlessingRed":43,"Vajra":30,"champ:ChampionCrown":0,"downfall:HeartBlessingGreen":35,"Guardian:PocketSentry":46,"White Beast Statue":21,"Peace Pipe":28,"Bottled Flame":41,"Lizard Tail":52,"downfall:GremlinWheel":37,"downfall:HeartBlessingBlue":35,"Orrery":28,"Philosopher\u0027s Stone":17,"Coffee Dripper":34,"Membership Card":21,"champ:FightingForDummies":53,"champ:SpectersHand":7},{"Pear":27,"downfall:HeartBlessingRed":23,"Vajra":16,"champ:ChampionCrown":0,"downfall:HeartBlessingGreen":18,"Guardian:PocketSentry":25,"White Beast Statue":12,"Peace Pipe":15,"Bottled Flame":22,"Lizard Tail":30,"downfall:GremlinWheel":20,"downfall:HeartBlessingBlue":18,"Orrery":15,"Philosopher\u0027s Stone":9,"Coffee Dripper":18,"Membership Card":12,"champ:FightingForDummies":30,"champ:SpectersHand":3},{"Pear":84,"downfall:HeartBlessingRed":75,"Vajra":60,"champ:ChampionCrown":0,"downfall:HeartBlessingGreen":65,"Guardian:PocketSentry":79,"White Beast Statue":44,"Peace Pipe":56,"Bottled Flame":72,"Lizard Tail":91,"downfall:GremlinWheel":69,"downfall:HeartBlessingBlue":65,"Orrery":56,"Philosopher\u0027s Stone":33,"Coffee Dripper":65,"Membership Card":44,"champ:FightingForDummies":91,"champ:SpectersHand":10}]},"card_choices":[{"not_picked":["champ:BerserkersShout","champ:ShieldSigil"],"picked":"champ:Duel","floor":2.0},{"not_picked":["champ:IronFortress","champ:DefensiveShout"],"picked":"champ:PreciseThrust","floor":3.0},{"not_picked":["champ:DefensiveShout","champ:RageSigil","champ:GladiatorsShout"],"picked":"SKIP","floor":5.0},{"not_picked":["champ:EnGarde","champ:ShieldWall"],"picked":"champ:DeathBlow","floor":8.0},{"not_picked":["champ:BringItOn","champ:FaceSlap"],"picked":"champ:EnchantCrown","floor":10.0},{"not_picked":["champ:Backstep","champ:FocusedBerserking"],"picked":"champ:StanceDance","floor":12.0},{"not_picked":["champ:GladiatorsShout","champ:PerfectedStrike"],"picked":"champ:FocusedGladiator","floor":14.0},{"not_picked":["champ:BladeFlurry","champ:IronFortress","champ:RecklessLeap"],"picked":"SKIP","floor":15.0},{"not_picked":["champ:PerfectForm","champ:ShieldThrow"],"picked":"champ:Devastate","floor":16.0},{"not_picked":["champ:ShieldSigil","champ:RecklessLeap","champ:FocusedBerserking"],"picked":"SKIP","floor":19.0},{"not_picked":["champ:PerfectedStrike+1","champ:FlashCut","champ:CrookedStrike"],"picked":"SKIP","floor":20.0},{"not_picked":["champ:PerfectedStrike+1","champ:FlashCut","champ:CrookedStrike"],"picked":"SKIP","floor":20.0},{"not_picked":["champ:Circumvent","champ:Duel","champ:ShieldSigil"],"picked":"SKIP","floor":21.0},{"not_picked":["champ:Circumvent","champ:GladiatorsShout"],"picked":"champ:RageSigil+1","floor":23.0},{"not_picked":["champ:GladiatorsShout","champ:BerserkersShout","champ:Control"],"picked":"SKIP","floor":26.0},{"not_picked":["champ:CalledShot+1","champ:SteelEdge","champ:FanOfKnives+1"],"picked":"SKIP","floor":28.0},{"not_picked":["champ:Devastate","champ:RageSigil"],"picked":"champ:EnchantShield","floor":28.0},{"not_picked":["champ:Devastate","champ:ShieldThrow","champ:Haymaker"],"picked":"SKIP","floor":30.0},{"not_picked":["champ:RageSigil+1","champ:BringItOn+1","champ:PerfectedStrike"],"picked":"SKIP","floor":32.0},{"not_picked":["champ:HoldFirm","champ:SteelEdge"],"picked":"champ:EnchantCrown","floor":33.0},{"not_picked":["champ:BerserkerStyle","champ:BerserkersShout+1","champ:SkillfulDodge+1"],"picked":"SKIP","floor":36.0},{"not_picked":["champ:TornadoPunch+1","champ:AdrenalArmor","champ:GutPunch"],"picked":"SKIP","floor":38.0},{"not_picked":["champ:BringItOn+1","champ:Haymaker","champ:Balance+1"],"picked":"SKIP","floor":39.0},{"not_picked":["champ:FanOfKnives","champ:FightOn","champ:Haymaker+1"],"picked":"SKIP","floor":42.0},{"not_picked":["champ:HeavySlash","champ:GladiatorsShout+1","champ:BerserkersShout+1"],"picked":"SKIP","floor":44.0},{"not_picked":["champ:HeavySlash","champ:GladiatorsShout+1","champ:BerserkersShout+1"],"picked":"SKIP","floor":44.0},{"not_picked":["champ:Riposte","champ:ShieldSigil","champ:TornadoPunch+1"],"picked":"SKIP","floor":45.0},{"not_picked":["champ:Balance","champ:RisingSlash+1","champ:FocusedBerserking"],"picked":"SKIP","floor":47.0},{"not_picked":["champ:GutPunch","champ:Aggression+1","champ:BerserkersShout"],"picked":"SKIP","floor":48.0},{"not_picked":["champ:EnragedBash","champ:Encircle+1","champ:BringItOn+1"],"picked":"SKIP","floor":49.0},{"not_picked":["champ:GutPunch+1","champ:CrownThrow"],"picked":"champ:GladiatorStyle+1","floor":52.0}],"player_experience":2717522,"relics_obtained":[{"floor":7.0,"key":"champ:SpectersHand"},{"floor":30.0,"key":"Vajra"},{"floor":37.0,"key":"downfall:GremlinWheel"},{"floor":41.0,"key":"Bottled Flame"},{"floor":48.0,"key":"Pear"},{"floor":52.0,"key":"Lizard Tail"}],"event_choices":[{"damage_healed":0.0,"max_hp_gain":0.0,"max_hp_loss":0.0,"gold_gain":0.0,"event_name":"Upgrade Shrine","player_choice":"Upgraded","floor":4.0,"gold_loss":0.0,"damage_taken":0.0,"cards_upgraded":["champ:Duel"]},{"damage_healed":0.0,"max_hp_gain":0.0,"max_hp_loss":0.0,"gold_gain":0.0,"event_name":"Ghosts","player_choice":"Ignored","floor":29.0,"gold_loss":0.0,"damage_taken":0.0},{"damage_healed":0.0,"max_hp_gain":0.0,"max_hp_loss":0.0,"gold_gain":0.0,"event_name":"Vampires","player_choice":"Ignored","floor":31.0,"gold_loss":0.0,"damage_taken":0.0}],"is_beta":false,"boss_relics":[{"not_picked":["SacredBark","Pandora\u0027s Box"],"picked":"Philosopher\u0027s Stone"},{"not_picked":["Sozu","Runic Pyramid"],"picked":"Coffee Dripper"}],"items_purged_floors":[10,21,28,46,53],"is_endless":false,"potions_floor_spawned":[8,14,16,26,28,30,32,33,36,37,38,39,42,44,45,47,48,49,52],"ascension_level":1}}