{"host":"98jnipsbpkz8k2sh","time":1608951871,"event":{"mods":["Aspiration","BaseMod","Challenge The Spire","GifTheSpireLib","Infinite Spire","Minty Spire (QoL Compilation)","Replay The Spire","StSLib"],"gold_per_floor":[113,39,94,94,109,109,139,30,30,44,44,58,74,89,89,194,194,212,231,245,263,263,263,297,297,297,311,323,323,350,350,350,473,473,520,520,520,565,635,694,767,791,791,440,498,498,544,592,592,592,592],"floor_reached":50,"playtime":3478,"items_purged":["Strike_G","Strike_G","Injury"],"score":845,"play_id":"ca57df35-3392-4a68-b9bb-e7d377ba9997","local_time":"20201225190431","is_ascension_mode":false,"campfire_choices":[{"data":"Cloak And Dagger","floor":6,"key":"SMITH"},{"data":"Caltrops","floor":15,"key":"SMITH"},{"data":"After Image","floor":23,"key":"SMITH"},{"data":"Defend_G","floor":32,"key":"PURGE"},{"data":"Terror","floor":46,"key":"SMITH"},{"data":"infinitespire:DeathsTouch","floor":49,"key":"SMITH"}],"circlet_count":0,"master_deck":["Defend_G","Defend_G","Defend_G","Defend_G","Survivor+1","Neutralize","Accuracy","Cloak And Dagger+1","Dagger Spray","Caltrops+1","Blade Dance+1","Blade Dance+1","Caltrops","Terror+1","PiercingWail","Corpse Explosion","Deflect","After Image+1","Flying Knee+1","Deadly Poison+1","Flechettes","Slice","infinitespire:DeathsTouch+1","infinitespire:Gouge","Cloak And Dagger","Bite","Bite","Bite","Bite","Die Die Die","Clumsy","Dagger Spray","Slice+1","Accuracy","Blind","Backflip","Parasite","Backstab"],"relics":["PureWater","Replay:Ringing Soul","infinitespire:Cubic Diamond","MealTicket","Replay:Rubber Ducky","SlaversCollar","Frozen Eye","Happy Flower","aspiration:StickyExplosives_weak","War Paint","infinitespire:EvilPickle","Replay:Ancient Bell","Tiny Chest","Mercury Hourglass","infinitespire:Magic Flask","Spirit Poop","Toy Ornithopter","Anchor","infinitespire:Bottled Soul","aspiration:Nostalgia","Sizzling Blood","infinitespire:PuzzleCube"],"acts_visited":["Exordium","TheCity","TheBeyond"],"potions_floor_usage":[16,24,28,39,45,47,50,50,50],"damage_taken":[{"damage":1,"enemies":"Cultist","floor":1,"turns":4},{"damage":9,"enemies":"Small Slimes","floor":5,"turns":3},{"damage":14,"enemies":"Replay:BlueRogue","floor":7,"turns":5},{"damage":1,"enemies":"2 Louse","floor":10,"turns":2},{"damage":1,"enemies":"Gremlin Gang","floor":12,"turns":3},{"damage":0,"enemies":"2 Fungi Beasts","floor":13,"turns":2},{"damage":0,"enemies":"3 Louse","floor":14,"turns":2},{"damage":14,"enemies":"Hexaghost","floor":16,"turns":7},{"damage":15,"enemies":"2 Thieves","floor":18,"turns":3},{"damage":0,"enemies":"3 Byrds","floor":19,"turns":3},{"damage":0,"enemies":"Snecko","floor":20,"turns":6},{"damage":1,"enemies":"Cultist and Chosen","floor":21,"turns":4},{"damage":0,"enemies":"Book of Stabbing","floor":24,"turns":4},{"damage":1,"enemies":"Snake Plant","floor":27,"turns":4},{"damage":0,"enemies":"Snecko","floor":28,"turns":3},{"damage":1,"enemies":"Nightmare","floor":30,"turns":5},{"damage":15,"enemies":"Pondfish","floor":33,"turns":12},{"damage":0,"enemies":"3 Shapes","floor":35,"turns":3},{"damage":1,"enemies":"Orb Walker","floor":38,"turns":4},{"damage":0,"enemies":"Spire Growth","floor":39,"turns":4},{"damage":23,"enemies":"Maw","floor":40,"turns":8},{"damage":5,"enemies":"R_Hoarder","floor":41,"turns":7},{"damage":52,"enemies":"Giant Head","floor":45,"turns":9},{"damage":14,"enemies":"Writhing Mass","floor":47,"turns":8},{"damage":1,"enemies":"4 Shapes","floor":48,"turns":6},{"damage":130,"enemies":"LordOfAnnihilation","floor":50,"turns":10}],"seed_played":"-8590453828928460010","potions_obtained":[{"floor":3,"key":"GamblersBrew"},{"floor":7,"key":"DuplicationPotion"},{"floor":12,"key":"ColorlessPotion"},{"floor":14,"key":"Reflective Coating"},{"floor":16,"key":"Venom Potion"},{"floor":19,"key":"Block Potion"},{"floor":27,"key":"DistilledChaos"},{"floor":28,"key":"Regen Potion"},{"floor":39,"key":"Poison Potion"},{"floor":45,"key":"Venom Potion"},{"floor":48,"key":"Swift Potion"}],"is_trial":false,"path_per_floor":["M","$","?","?","M","R","E","$","T","M","?","M","M","M","R","B",null,"M","M","M","M","AVR","R","E","?","T","M","M","?","NM","?","R","B",null,"M","?","?","M","M","M","E","T","T","$","E","R","M","M","R","B"],"character_chosen":"THE_SILENT","items_purchased":["Cloak And Dagger","Dagger Spray","Caltrops","Blind","aspiration:Nostalgia"],"campfire_rested":0,"item_purchase_floors":[2,2,8,44,44],"current_hp_per_floor":[76,76,60,60,54,54,43,61,61,63,45,47,50,53,53,42,104,92,95,98,100,103,103,103,103,103,105,105,88,87,87,87,91,94,97,97,97,100,103,86,85,85,85,107,65,65,86,95,95,0,0],"gold":592,"neow_bonus":"TEN_PERCENT_HP_BONUS","is_daily":false,"chose_seed":false,"campfire_upgraded":5,"win_rate":0.0,"timestamp":1608951871,"path_taken":["M","$","?","?","M","R","E","$","T","?","?","M","M","M","R","BOSS","M","M","M","M","AVR","R","E","?","T","M","?","?","NM","?","R","BOSS","M","?","?","M","?","M","E","?","T","$","E","R","?","M","R","BOSS"],"items_purchased_type":["Card","Card","Card","Card","Relic"],"build_version":"2020-12-22","purchased_purges":3,"victory":false,"max_hp_per_floor":[77,77,80,80,83,83,86,89,89,92,92,95,98,101,101,104,104,107,110,113,116,119,119,119,119,119,122,122,88,88,88,88,91,94,97,97,97,100,103,103,103,103,103,110,113,113,116,116,116,116,116],"card_choices":[{"not_picked":["ReplayTheSpireMod:The Works","Dash"],"picked":"Accuracy","floor":1},{"not_picked":["Hidden Blade","Predator"],"picked":"Caltrops","floor":3},{"not_picked":["Quick Slash","Flying Knee"],"picked":"Blade Dance","floor":5},{"not_picked":["ReplayTheSpireMod:The Works","Corpse Explosion"],"picked":"Blade Dance","floor":7},{"not_picked":["Acrobatics","Outmaneuver"],"picked":"Terror","floor":10},{"not_picked":["Sucker Punch","Quick Slash"],"picked":"PiercingWail","floor":12},{"not_picked":["Hidden Blade","Blade Dance"],"picked":"Corpse Explosion","floor":13},{"not_picked":["Dagger Spray","Bane"],"picked":"Deflect","floor":14},{"not_picked":["Wraith Form v2","A Thousand Cuts"],"picked":"After Image","floor":16},{"not_picked":["Tactician","Endless Agony"],"picked":"Flying Knee+1","floor":18},{"not_picked":["Predator+1","ReplayTheSpireMod:The Works"],"picked":"Deadly Poison","floor":19},{"not_picked":["Blade Dance","Dash"],"picked":"Flechettes","floor":20},{"not_picked":["Deadly Poison","Well Laid Plans"],"picked":"Slice","floor":21},{"not_picked":["Bane","Flying Knee","Deadly Poison"],"picked":"SKIP","floor":24},{"not_picked":["PiercingWail","Bane+1"],"picked":"Cloak And Dagger","floor":27},{"not_picked":["aspiration:Lunge","Prepared","Underhanded Strike+1"],"picked":"SKIP","floor":28},{"not_picked":["Distraction","Storm of Steel","Toxin Wave"],"picked":"SKIP","floor":30},{"not_picked":["Storm of Steel","Unload"],"picked":"Die Die Die","floor":33},{"not_picked":["CurseOfTheBell","infinitespire:Pacifist"],"picked":"Sickly","floor":34},{"not_picked":["Spreading Infection","infinitespire:Pacifist"],"picked":"Clumsy","floor":34},{"not_picked":["Delirium","ReplayTheSpireMod:Splinters"],"picked":"Injury","floor":34},{"not_picked":["Prepared+1","Hidden Blade"],"picked":"Dagger Spray","floor":35},{"not_picked":["Replay:Bag of Tricks","Hidden Blade"],"picked":"Slice+1","floor":38},{"not_picked":["Poisoned Stab","PiercingWail"],"picked":"Accuracy","floor":39},{"not_picked":["Sucker Punch","Doppelganger","Bane"],"picked":"SKIP","floor":40},{"not_picked":["All Out Attack+1","Poison Darts","Acrobatics"],"picked":"SKIP","floor":41},{"not_picked":["Bane","ReplayTheSpireMod:The Works+1"],"picked":"Backflip","floor":45},{"not_picked":["Fluid Movement+1","ReplayTheSpireMod:Shiv Toss+1"],"picked":"Backstab","floor":47},{"not_picked":["Prepared","Slice+1","Endless Agony"],"picked":"SKIP","floor":48}],"player_experience":1089637,"relics_obtained":[{"floor":3,"key":"Replay:Ringing Soul"},{"floor":7,"key":"MealTicket"},{"floor":9,"key":"Replay:Rubber Ducky"},{"floor":24,"key":"Happy Flower"},{"floor":26,"key":"aspiration:StickyExplosives_weak"},{"floor":30,"key":"War Paint"},{"floor":41,"key":"Toy Ornithopter"},{"floor":42,"key":"Anchor"},{"floor":43,"key":"infinitespire:Bottled Soul"},{"floor":45,"key":"infinitespire:PuzzleCube"}],"event_choices":[{"damage_healed":0,"gold_gain":0,"player_choice":"Entered Light","damage_taken":18,"max_hp_gain":0,"max_hp_loss":0,"event_name":"Shining Light","floor":11,"gold_loss":0,"cards_upgraded":["Blade Dance","Survivor"]},{"damage_healed":0,"gold_gain":0,"player_choice":"Ignored","damage_taken":0,"max_hp_gain":0,"max_hp_loss":0,"event_name":"N\u0027loth","floor":25,"gold_loss":0},{"damage_healed":0,"gold_gain":0,"player_choice":"Became a vampire","damage_taken":0,"max_hp_gain":0,"max_hp_loss":37,"event_name":"Vampires","floor":29,"gold_loss":0,"cards_obtained":["Bite","Bite","Bite","Bite","Bite"]},{"cards_removed":["Bite"],"damage_healed":0,"gold_gain":0,"player_choice":"Removed Attack","damage_taken":0,"max_hp_gain":0,"max_hp_loss":0,"event_name":"Falling","floor":36,"gold_loss":0},{"cards_removed":["Sickly"],"damage_healed":0,"gold_gain":0,"player_choice":"Offered Curse","damage_taken":0,"relics_obtained":["Spirit Poop"],"max_hp_gain":0,"max_hp_loss":0,"event_name":"Bonfire Elementals","floor":37,"gold_loss":0}],"is_beta":false,"boss_relics":[{"not_picked":["Ectoplasm","Replay:Drink Me"],"picked":"SlaversCollar"},{"not_picked":["ReplayTheSpireMod:DimensionalGlitch","HoveringKite"],"picked":"Replay:Ancient Bell"},{"not_picked":["Nunchaku","ReplayTheSpireMod:Lightbulb"],"picked":"Tiny Chest"},{"not_picked":["Darkstone Periapt","Chameleon Ring"],"picked":"Mercury Hourglass"},{"not_picked":["Replay:Multitool","aspiration:DSix"],"picked":"infinitespire:Magic Flask"}],"items_purged_floors":[8,22,44],"is_endless":true,"potions_floor_spawned":[7,12,14,16,19,21,27,28,39,40,45,48],"killed_by":"LordOfAnnihilation","ascension_level":0}}