{"host":"acpsw8r33r8788yr","time":1608982096,"event":{"mods":["BaseMod","Better Altar","Better Skull","Better Third Choice","BetterRewards","Colored Map","Downfall","Hermit","Highlight Path","Hubris","Minty Spire (QoL Compilation)","Quick Restart","Replay The Spire","Robot Space Explorer","Shop Mod","StSLib","The Animator","The Bug Knight","The Construct","The Cursed","The Disciple","The Jungle","The Runesmith","The Senshi"],"gold_per_floor":[99,99,99,99,99,99,146,15,290,301,251,273,69,108,131,226,226,226,246,186,136,136,136,136],"floor_reached":22,"playtime":1480,"items_purged":["Regret","Regret","hexamod:Haunted"],"score":178,"play_id":"5948e040-41a8-4042-be1f-fdfcfcc2da9e","local_time":"20201226032816","is_ascension_mode":false,"campfire_choices":[{"data":"hexamod:Sear","floor":1,"key":"SMITH"}],"circlet_count":0,"master_deck":["hexamod:Defend+1","hexamod:Defend+1","hexamod:Defend","hexamod:Defend","hexamod:Sear+1","hexamod:Float","hexamod:Firestarter","hexamod:UnleashSpirits","hexamod:ShieldOfDarkness","hexamod:BurningTouch","hexamod:EtherealExpedition+1","hexamod:SecondSeal","hexamod:FourthSeal","expansioncontent:LastStand","hexamod:FirstSeal","hexamod:NightmareGuise","hexamod:TimeOfNeed","Slimebound:Tackle+1","Slimebound:Tackle+1","Slimebound:Tackle+1","hexamod:HauntingEcho"],"relics":["hexamod:SpiritBrand","downfall:HeartsMalice","Blue Doll","ReplayTheSpireMod:CursedCoin","Durian","Honey Jar"],"acts_visited":["Exordium","TheCity"],"potions_floor_usage":[13,14,15,16,16,16,16],"damage_taken":[{"damage":0,"enemies":"2 Louse","floor":2,"turns":1},{"damage":0,"enemies":"Small Slimes","floor":5,"turns":1},{"damage":0,"enemies":"Cultist","floor":6,"turns":1},{"damage":2,"enemies":"downfall:FleeingMerchant","floor":8,"turns":4},{"damage":4,"enemies":"3 Louse","floor":10,"turns":3},{"damage":1,"enemies":"downfall:FleeingMerchant","floor":11,"turns":4},{"damage":4,"enemies":"Exordium Thugs","floor":12,"turns":5},{"damage":0,"enemies":"downfall:FleeingMerchant","floor":13,"turns":4},{"damage":26,"enemies":"Gremlin Nob","floor":14,"turns":5},{"damage":14,"enemies":"Large Slime","floor":15,"turns":3},{"damage":35,"enemies":"downfall:Silent","floor":16,"turns":9},{"damage":23,"enemies":"Shell Parasite","floor":19,"turns":8},{"damage":0,"enemies":"3 Byrds","floor":22,"turns":1}],"seed_played":"700576211944749072","potions_obtained":[{"floor":4,"key":"downfall:CursedFountainPotion"},{"floor":12,"key":"Fire Potion"},{"floor":13,"key":"BlessingOfTheForge"},{"floor":14,"key":"Reflective Coating"},{"floor":14,"key":"EntropicBrew"},{"floor":15,"key":"hexamod:InfernoChargePotion"},{"floor":15,"key":"Regen Potion"},{"floor":16,"key":"FearPotion"},{"floor":19,"key":"AttackPotion"},{"floor":19,"key":"Swift Potion"}],"is_trial":false,"path_per_floor":["R","M","?","?","M","M","T","$","?","M","$","M","$","E","M","B",null,"R_BF","M","?","?","M"],"character_chosen":"THE_SPIRIT","items_purchased":["hexamod:EtherealExpedition+1","expansioncontent:LastStand","ReplayTheSpireMod:CursedCoin","hexamod:FirstSeal"],"campfire_rested":0,"item_purchase_floors":[8,11,11,13],"current_hp_per_floor":[70,70,70,70,70,70,70,68,68,64,63,59,59,38,31,18,75,75,59,59,75,75,75,75],"gold":136,"neow_bonus":"THREE_ENEMY_KILL","is_daily":false,"chose_seed":false,"campfire_upgraded":1,"win_rate":0.0,"timestamp":1608982096,"path_taken":["R","M","?","?","?","M","T","$","?","M","$","M","?","E","M","BOSS","R_BF","M","?","?","M"],"items_purchased_type":["Card","Card","Relic","Card"],"build_version":"2020-12-22","purchased_purges":3,"victory":false,"max_hp_per_floor":[70,70,70,70,70,70,70,70,70,70,70,70,70,75,75,75,75,75,75,75,75,75,75,75],"card_choices":[{"not_picked":["hexamod:GhostShield","hexamod:BacktrackSmack"],"picked":"hexamod:Firestarter","floor":2},{"not_picked":["hexamod:AdvancingGuard","hexamod:RainOfEmbers"],"picked":"hexamod:UnleashSpirits","floor":5},{"not_picked":["hexamod:GhostOfSpirePresent","hexamod:Hexaguard"],"picked":"hexamod:ShieldOfDarkness","floor":6},{"not_picked":["hexamod:Rewind","hexamod:NightmareStrike"],"picked":"hexamod:BurningTouch","floor":8},{"not_picked":["hexamod:SwordOfDarkness","hexamod:GhostShield"],"picked":"hexamod:SecondSeal","floor":10},{"not_picked":["hexamod:ShieldOfDarkness","hexamod:SpectralAdrenaline"],"picked":"hexamod:FourthSeal","floor":11},{"not_picked":["hexamod:BacktrackSmack","hexamod:SwordOfDarkness","hexamod:RainOfEmbers"],"picked":"SKIP","floor":12},{"not_picked":["hexamod:WildfireWeapon","hexamod:SpectralAdrenaline","hexamod:Firestarter"],"picked":"SKIP","floor":13},{"not_picked":["hexamod:SkipABeat","hexamod:HauntingEcho","hexamod:PhantomFireball"],"picked":"SKIP","floor":14},{"not_picked":["hexamod:GhostShield","hexamod:ChargedBarrage"],"picked":"hexamod:NightmareGuise","floor":15},{"not_picked":["hexamod:VolcanoVisage","hexamod:HexaLevel"],"picked":"hexamod:TimeOfNeed","floor":16},{"not_picked":["hexamod:BacktrackSmack","hexamod:NightmareStrike","hexamod:EtherealExpedition"],"picked":"hexamod:HauntingEcho","floor":19}],"player_experience":399790,"relics_obtained":[{"floor":7,"key":"Blue Doll"},{"floor":14,"key":"Durian"}],"event_choices":[],"is_beta":false,"boss_relics":[{"not_picked":["Empty Cage","hubris:HollowSoul"],"picked":"Honey Jar"}],"items_purged_floors":[8,11,13],"is_endless":false,"potions_floor_spawned":[12,14,15,16,19],"killed_by":"3 Byrds","ascension_level":0}}