{"host":"dxhqtkke6bt2qzoz","time":1608990891,"event":{"mods":["ATMod(阿瑾Mod)","Act Like it!","BaseMod","Dota2Spire","Gensokyo","Koishi","Minty Spire (QoL Compilation)","MostiFishMod","Railgun Mod","Remilia（蕾米莉亚）","SIMod","StSLib","TestMod","The Alterego","The Hierophant","The Marked","WarShipGirlsR/战舰少女R mod","Yakumo Yukari mod","[IsaacMod]以撒尖塔","vexMod","【遗物卡牌】REMEMod"],"gold_per_floor":[116,136,61,61,78,112,112,142,142,42,110,152,27,118,118,238,238,238,238],"floor_reached":18,"playtime":405,"items_purged":["Pain","Lust_TH","Regret"],"score":172,"play_id":"3342682a-8507-4ebe-bfc3-50ce2fd8e1a2","local_time":"20201226215451","is_ascension_mode":false,"campfire_choices":[{"data":"theMarked:Opportunist","floor":7,"key":"SMITH"},{"data":"theMarked:LightningStrikesTwice","floor":15,"key":"SMITH"}],"circlet_count":0,"master_deck":["theMarked:Strike+1","theMarked:Strike","theMarked:Strike+1","theMarked:Strike","theMarked:Strike","theMarked:Defend","theMarked:Defend","theMarked:Defend+1","theMarked:Defend","theMarked:SoldierOfQuellstein+1","theMarked:ResourceFulStrike+1","theMarked:RepellingDischarge","theMarked:Electrocute","theMarked:Challenge+1","theMarked:Parkour","theMarked:RepellingDischarge","theMarked:GodGivenPower+1","theMarked:Opportunist+1","theMarked:SelfDefenseTraining+1","theMarked:LightningStrikesTwice+1","theMarked:Defy+1","theMarked:Levitate"],"relics":["theMarked:ArtifactOfAir","HushsDoor","DaveBox","AT_ATBox","REME_ComplimentaryCards","testmod-TestBox","DSteel32","testmod-Laevatain","TheBible","SynthV:TestCard","testmod-TurbochargingSystem","AT_MibuBalloonWealth","TheBean","REME_ChargedStone"],"acts_visited":["Exordium","Gensokyo:Gensokyoer"],"potions_floor_usage":[6,16,16],"damage_taken":[{"damage":3,"enemies":"2 Louse","floor":1,"turns":2},{"damage":3,"enemies":"Small Slimes","floor":2,"turns":2},{"damage":0,"enemies":"Cultist","floor":5,"turns":2},{"damage":8,"enemies":"Gremlin Nob","floor":6,"turns":3},{"damage":7,"enemies":"Lagavulin","floor":8,"turns":5},{"damage":0,"enemies":"Exordium Thugs","floor":11,"turns":3},{"damage":0,"enemies":"Red Slaver","floor":12,"turns":2},{"damage":1,"enemies":"3 Louse","floor":14,"turns":2},{"damage":25,"enemies":"The Guardian","floor":16,"turns":6},{"damage":5,"enemies":"Gensokyo:CosmicMonolith","floor":18,"turns":1}],"seed_played":"-7106380906693046463","potions_obtained":[{"floor":5,"key":"Fire Potion"},{"floor":6,"key":"SpeedPotion"},{"floor":8,"key":"PowerPotion"},{"floor":12,"key":"testmod-SpacePotion"},{"floor":16,"key":"testmod-TestPotion"}],"is_trial":false,"path_per_floor":["M","M","$","?","M","E","R","E","T","$","M","M","$","M","R","B",null,"M"],"character_chosen":"THE_DEFAULT","items_purchased":[],"campfire_rested":0,"item_purchase_floors":[],"current_hp_per_floor":[74,71,71,71,71,63,63,56,56,56,56,56,56,55,55,30,77,72,72],"gold":238,"neow_bonus":"TEN_PERCENT_HP_BONUS","is_daily":false,"chose_seed":false,"campfire_upgraded":2,"win_rate":0.0,"timestamp":1608990891,"path_taken":["M","M","$","?","M","E","R","E","T","?","M","M","$","?","R","BOSS","M"],"items_purchased_type":[],"build_version":"2020-12-22","purchased_purges":3,"victory":false,"max_hp_per_floor":[77,77,77,77,77,77,77,77,77,77,77,77,77,77,77,77,77,77,77],"card_choices":[{"not_picked":["theMarked:GodGivenPower","theMarked:EnhancedHearing"],"picked":"theMarked:ResourceFulStrike","floor":1},{"not_picked":["theMarked:GodGivenPower","theMarked:Static","theMarked:ReduceFriction","theMarked:Improvise"],"picked":"theMarked:RepellingDischarge","floor":2},{"not_picked":["theMarked:RepellingDischarge","theMarked:Polarize","theMarked:Electrify","theMarked:TwofoldDefense"],"picked":"theMarked:Opportunist","floor":5},{"not_picked":["theMarked:UnarmedFury","theMarked:KeepCalmAndFightOn","theMarked:RepellingDischarge","theMarked:WastefulAttack"],"picked":"theMarked:SelfDefenseTraining","floor":6},{"not_picked":["theMarked:BanishingStrike","theMarked:Polarize","theMarked:Parkour","theMarked:WastefulAttack"],"picked":"theMarked:LightningStrikesTwice","floor":8},{"not_picked":["theMarked:Improvise","theMarked:Electrocute","theMarked:ContemptForTheProud","theMarked:HeightenedSenses","theMarked:Static"],"picked":"SKIP","floor":11},{"not_picked":["theMarked:Aftermath","theMarked:ShockingTouch","theMarked:WardOff","theMarked:ResourceFulStrike"],"picked":"theMarked:Defy","floor":12},{"not_picked":["theMarked:Parkour","theMarked:ParalyzingBlade","theMarked:MaelstromOfLightning","theMarked:Generate","theMarked:TwofoldDefense"],"picked":"SKIP","floor":14},{"not_picked":["theMarked:TakeOffHeels","theMarked:SuspiciousRaven","theMarked:FavorableWinds","theMarked:SummonStrength"],"picked":"theMarked:Levitate","floor":16}],"player_experience":92718,"relics_obtained":[{"floor":1,"key":"SynthV:TestCard"},{"floor":6,"key":"testmod-TurbochargingSystem"},{"floor":8,"key":"AT_MibuBalloonWealth"},{"floor":9,"key":"TheBean"}],"event_choices":[],"is_beta":false,"boss_relics":[{"not_picked":["testmod-BatchProcessingSystem","testmod-EnergyCheck"],"picked":"REME_ChargedStone"},{"not_picked":[]}],"items_purged_floors":[3,10,13],"is_endless":false,"potions_floor_spawned":[5,6,8,12,16],"killed_by":"Gensokyo:CosmicMonolith","ascension_level":0}}