{"host":"fne7yx97fnz7kq05","time":1608963036,"event":{"mods":["BaseMod","Colored Map","Colored Powertips","Highlight Path","Minty Spire (QoL Compilation)","Relic Stats"],"gold_per_floor":[109,128,128,142,153,182,192,224,224,253,272,291,302,312,312,417,417,429,441,9,20,20,20,52,68,94,104,104,32,58,78,78,178,178,195,210,210,210,263,263,65,100,100,116,116,127,127,155,155,155,155,155,11,40,40],"floor_reached":56,"playtime":10441,"items_purged":["Strike_P","Pray+1"],"score":1298,"play_id":"9d776579-298a-4c11-8c58-588626f21663","local_time":"20201226001036","is_ascension_mode":false,"campfire_choices":[{"data":"Vault","floor":15,"key":"SMITH"},{"data":"Vault","floor":23,"key":"SMITH"},{"data":"Scrawl","floor":28,"key":"SMITH"},{"data":"ClearTheMind","floor":32,"key":"SMITH"},{"floor":40,"key":"RECALL"},{"data":"Vault","floor":47,"key":"SMITH"},{"data":"Wallop","floor":49,"key":"SMITH"},{"data":"TalkToTheHand","floor":52,"key":"SMITH"}],"circlet_count":0,"master_deck":["Defend_P","Defend_P","Defend_P","Defend_P","Eruption+1","Vigilance","SashWhip","CrushJoints+1","SandsOfTime","TalkToTheHand+1","Vault+1","CutThroughFate","Vault+1","TalkToTheHand+1","Adaptation+1","Fasting2+1","ThirdEye","Scrawl+1","EmptyFist+1","Tantrum+1","EmptyBody+1","CarveReality+1","ClearTheMind+1","FlurryOfBlows+1","Meditate","TalkToTheHand","Vault+1","CutThroughFate+1","CutThroughFate+1","Vault+1","FlurryOfBlows+1","DeceiveReality+1","Wallop+1"],"relics":["HolyWater","Juzu Bracelet","Blood Vial","Frozen Egg 2","Blue Candle","Astrolabe","Frozen Eye","Whetstone","Mummified Hand","Pen Nib","Smiling Mask","Prayer Wheel","DollysMirror","PreservedInsect","Darkstone Periapt","Bag of Preparation","Orichalcum"],"acts_visited":["Exordium","TheCity","TheBeyond","TheEnding"],"potions_floor_usage":[6,50,55,55,55,55,55,55],"damage_taken":[{"damage":2,"enemies":"Jaw Worm","floor":1,"turns":4},{"damage":0,"enemies":"Cultist","floor":2,"turns":2},{"damage":0,"enemies":"Small Slimes","floor":4,"turns":2},{"damage":0,"enemies":"2 Fungi Beasts","floor":5,"turns":2},{"damage":1,"enemies":"Lagavulin","floor":6,"turns":5},{"damage":0,"enemies":"Looter","floor":7,"turns":4},{"damage":14,"enemies":"3 Sentries","floor":8,"turns":7},{"damage":0,"enemies":"Gremlin Nob","floor":10,"turns":2},{"damage":1,"enemies":"Blue Slaver","floor":11,"turns":3},{"damage":3,"enemies":"3 Louse","floor":12,"turns":3},{"damage":2,"enemies":"Looter","floor":13,"turns":3},{"damage":5,"enemies":"2 Fungi Beasts","floor":14,"turns":4},{"damage":29,"enemies":"Hexaghost","floor":16,"turns":11},{"damage":2,"enemies":"Chosen","floor":18,"turns":3},{"damage":1,"enemies":"Shell Parasite","floor":19,"turns":4},{"damage":0,"enemies":"Snake Plant","floor":21,"turns":3},{"damage":12,"enemies":"Gremlin Leader","floor":24,"turns":6},{"damage":0,"enemies":"Centurion and Healer","floor":25,"turns":4},{"damage":0,"enemies":"Shelled Parasite and Fungi","floor":27,"turns":4},{"damage":6,"enemies":"Slavers","floor":30,"turns":4},{"damage":0,"enemies":"Cultist and Chosen","floor":31,"turns":5},{"damage":9,"enemies":"Automaton","floor":33,"turns":6},{"damage":0,"enemies":"Orb Walker","floor":35,"turns":2},{"damage":9,"enemies":"3 Shapes","floor":36,"turns":8},{"damage":0,"enemies":"2 Orb Walkers","floor":39,"turns":3},{"damage":4,"enemies":"Reptomancer","floor":42,"turns":4},{"damage":0,"enemies":"Transient","floor":44,"turns":6},{"damage":8,"enemies":"Spire Growth","floor":46,"turns":3},{"damage":0,"enemies":"Giant Head","floor":48,"turns":6},{"damage":44,"enemies":"Awakened One","floor":50,"turns":15},{"damage":0,"enemies":"Shield and Spear","floor":54,"turns":6},{"damage":42,"enemies":"The Heart","floor":55,"turns":13}],"seed_played":"3399670013174687183","potions_obtained":[{"floor":4,"key":"LiquidMemories"},{"floor":5,"key":"Explosive Potion"},{"floor":7,"key":"BottledMiracle"},{"floor":10,"key":"GamblersBrew"},{"floor":44,"key":"EntropicBrew"},{"floor":54,"key":"LiquidBronze"}],"is_trial":false,"path_per_floor":["M","M","?","M","M","E","M","E","T","E","M","M","M","M","R","B",null,"M","M","$","M","?","R","E","M","T","M","R","$","E","M","R","B",null,"M","M","?","?","?","R","$","E","T","M","?","M","R","E","R","B",null,"R","$","E","B",null],"character_chosen":"WATCHER","items_purchased":["Frozen Eye","Whetstone","ClearTheMind","TalkToTheHand","DollysMirror","Bag of Preparation"],"campfire_rested":0,"item_purchase_floors":[20,20,20,29,41,53],"current_hp_per_floor":[77,77,77,77,77,76,76,62,62,64,65,64,64,61,61,34,79,77,78,78,79,64,64,54,56,56,58,58,58,54,56,56,49,84,84,75,75,75,77,77,77,75,75,77,77,71,71,73,73,31,80,80,80,80,38],"gold":40,"neow_bonus":"TEN_PERCENT_HP_BONUS","is_daily":false,"chose_seed":false,"campfire_upgraded":7,"win_rate":0.0,"timestamp":1608963036,"path_taken":["M","M","?","M","M","E","M","E","T","E","M","M","M","M","R","BOSS","M","M","?","M","?","R","E","M","T","M","R","$","E","M","R","BOSS","M","M","?","?","?","R","?","E","T","M","?","M","R","E","R","BOSS","R","$","E","BOSS"],"items_purchased_type":["Relic","Relic","Card","Card","Relic","Relic"],"build_version":"2020-12-22","purchased_purges":2,"victory":true,"max_hp_per_floor":[79,79,79,79,79,79,79,79,79,79,79,79,79,79,79,79,79,79,79,79,79,84,84,84,84,84,84,84,84,84,84,84,84,84,84,84,80,80,80,80,80,80,80,80,80,80,80,80,80,80,80,80,80,80,80],"relic_stats":{"Darkstone Periapt":0,"counters":[32,157],"Blue Candle":[0],"Astrolabe":["EmptyFist","Tantrum","Brilliance"],"Pen Nib":[25],"PreservedInsect":193,"Juzu Bracelet":1,"Bag of Preparation":[4],"Whetstone":["TalkToTheHand","CrushJoints"],"Orichalcum":[0],"Smiling Mask":50,"Blood Vial":39,"Mummified Hand":[14],"Prayer Wheel":2,"obtain_stats":[{"Darkstone Periapt":48,"Blue Candle":10,"Astrolabe":17,"Pen Nib":26,"PreservedInsect":42,"Juzu Bracelet":6,"Bag of Preparation":53,"Whetstone":20,"Frozen Egg 2":9,"Orichalcum":54,"Smiling Mask":30,"Blood Vial":8,"Frozen Eye":20,"Mummified Hand":24,"DollysMirror":41,"HolyWater":34,"Prayer Wheel":39,"PureWater":0},{"Darkstone Periapt":29,"Blue Candle":8,"Astrolabe":13,"Pen Nib":18,"PreservedInsect":26,"Juzu Bracelet":5,"Bag of Preparation":30,"Whetstone":15,"Frozen Egg 2":7,"Orichalcum":31,"Smiling Mask":20,"Blood Vial":7,"Frozen Eye":15,"Mummified Hand":17,"DollysMirror":25,"HolyWater":22,"Prayer Wheel":25,"PureWater":0},{"Darkstone Periapt":123,"Blue Candle":28,"Astrolabe":52,"Pen Nib":72,"PreservedInsect":108,"Juzu Bracelet":15,"Bag of Preparation":138,"Whetstone":59,"Frozen Egg 2":26,"Orichalcum":144,"Smiling Mask":80,"Blood Vial":26,"Frozen Eye":59,"Mummified Hand":68,"DollysMirror":104,"HolyWater":91,"Prayer Wheel":104,"PureWater":0}]},"card_choices":[{"not_picked":["Crescendo","JustLucky"],"picked":"SashWhip","floor":1},{"not_picked":["ReachHeaven","SashWhip"],"picked":"CrushJoints","floor":2},{"not_picked":["FollowUp","Halt"],"picked":"SandsOfTime","floor":4},{"not_picked":["Study","Evaluate"],"picked":"TalkToTheHand","floor":5},{"not_picked":["SandsOfTime","EmptyMind"],"picked":"Vault","floor":6},{"not_picked":["CrushJoints","FlyingSleeves"],"picked":"CutThroughFate","floor":7},{"not_picked":["CrushJoints","Scrawl"],"picked":"Vault","floor":8},{"not_picked":["ThirdEye","CutThroughFate"],"picked":"TalkToTheHand","floor":10},{"not_picked":["Worship","ThirdEye"],"picked":"Adaptation+1","floor":11},{"not_picked":["WindmillStrike","FollowUp","SashWhip"],"picked":"SKIP","floor":12},{"not_picked":["CutThroughFate","Weave"],"picked":"Fasting2+1","floor":13},{"not_picked":["FlurryOfBlows","WheelKick"],"picked":"ThirdEye","floor":14},{"not_picked":["Omniscience","DeusExMachina"],"picked":"Scrawl","floor":16},{"not_picked":["FlyingSleeves","ReachHeaven+1"],"picked":"EmptyBody+1","floor":18},{"not_picked":["CutThroughFate","DeceiveReality"],"picked":"CarveReality+1","floor":19},{"not_picked":["WheelKick","Indignation+1"],"picked":"Pray+1","floor":21},{"not_picked":["EmptyMind","Crescendo"],"picked":"FlurryOfBlows+1","floor":24},{"not_picked":["EmptyFist","Perseverance","FlyingSleeves"],"picked":"SKIP","floor":25},{"not_picked":["Indignation","ClearTheMind"],"picked":"Meditate","floor":27},{"not_picked":["Brilliance","FlyingSleeves","Study+1"],"picked":"SKIP","floor":30},{"not_picked":["EmptyMind","Nirvana+1","JustLucky"],"picked":"SKIP","floor":31},{"not_picked":["ConjureBlade","Judgement"],"picked":"Vault","floor":33},{"not_picked":["Crescendo","Protect+1"],"picked":"CutThroughFate+1","floor":35},{"not_picked":["Indignation+1","Halt","Crescendo"],"picked":"SKIP","floor":36},{"not_picked":["CarveReality+1","ClearTheMind"],"picked":"CutThroughFate+1","floor":39},{"not_picked":["EmptyBody","Halt","ConjureBlade"],"picked":"SKIP","floor":42},{"not_picked":["LikeWater+1","CrushJoints+1","Study+1"],"picked":"SKIP","floor":44},{"not_picked":["SignatureMove","SandsOfTime","EmptyBody"],"picked":"SKIP","floor":44},{"not_picked":["BattleHymn+1","FlyingSleeves+1"],"picked":"FlurryOfBlows+1","floor":46},{"not_picked":["JustLucky+1","Conclude"],"picked":"DeceiveReality+1","floor":46},{"not_picked":["Swivel","CutThroughFate"],"picked":"Wallop","floor":48},{"not_picked":["CarveReality","CutThroughFate+1","Evaluate"],"picked":"SKIP","floor":54}],"player_experience":201055,"relics_obtained":[{"floor":6,"key":"Juzu Bracelet"},{"floor":8,"key":"Blood Vial"},{"floor":9,"key":"Frozen Egg 2"},{"floor":10,"key":"Blue Candle"},{"floor":24,"key":"Mummified Hand"},{"floor":26,"key":"Pen Nib"},{"floor":30,"key":"Smiling Mask"},{"floor":39,"key":"Prayer Wheel"},{"floor":42,"key":"PreservedInsect"},{"floor":48,"key":"Darkstone Periapt"},{"floor":54,"key":"Orichalcum"}],"event_choices":[{"damage_healed":0,"gold_gain":0,"player_choice":"Upgraded","damage_taken":0,"max_hp_gain":0,"max_hp_loss":0,"event_name":"Upgrade Shrine","floor":3,"gold_loss":0,"cards_upgraded":["Eruption"]},{"damage_healed":0,"gold_gain":0,"player_choice":"Shed Blood","damage_taken":20,"max_hp_gain":5,"max_hp_loss":0,"event_name":"Forgotten Altar","floor":22,"gold_loss":0},{"damage_healed":0,"gold_gain":0,"player_choice":"Max HP","damage_taken":0,"max_hp_gain":0,"max_hp_loss":4,"event_name":"Winding Halls","floor":37,"gold_loss":0},{"cards_removed":["Brilliance"],"damage_healed":0,"gold_gain":0,"player_choice":"Removed Attack","damage_taken":0,"max_hp_gain":0,"max_hp_loss":0,"event_name":"Falling","floor":38,"gold_loss":0},{"damage_healed":0,"gold_gain":0,"player_choice":"Fight","damage_taken":0,"max_hp_gain":0,"max_hp_loss":0,"event_name":"Mysterious Sphere","floor":39,"gold_loss":0},{"damage_healed":0,"gold_gain":0,"player_choice":"Ignored","damage_taken":0,"max_hp_gain":0,"max_hp_loss":0,"event_name":"Tomb of Lord Red Mask","floor":45,"gold_loss":0}],"is_beta":false,"boss_relics":[{"not_picked":["Fusion Hammer","Black Star"],"picked":"Astrolabe"},{"not_picked":["Empty Cage","SacredBark"],"picked":"HolyWater"}],"items_purged_floors":[20,41],"is_endless":false,"potions_floor_spawned":[4,5,7,10,11,13,19,21,30,33,35,44,46,48,54],"ascension_level":0}}