{"host":"baymyijz6sxaqj5s","time":1608975944,"event":{"mods":["AchievementEnabler","BaseMod","Colored Map","Colored Powertips","DeckTracker","KOR Keyword Fix","Keyboard Shortcuts","Minty Spire (QoL Compilation)","Quick Restart","StSLib","SuperFastMode"],"gold_per_floor":[113,133,153,166,11,11,23,42,42,52,52,52],"floor_reached":11,"playtime":1208,"items_purged":[],"score":76,"play_id":"3fcf74af-cfbb-4fcc-b4a0-2338140a85fb","local_time":"20201226184544","is_ascension_mode":true,"campfire_choices":[{"data":"Shrug It Off","floor":6,"key":"SMITH"}],"circlet_count":0,"master_deck":["Strike_R","Strike_R","Strike_R","Strike_R","Strike_R","Defend_R","Defend_R","Defend_R","Defend_R","Bash","Armaments","Sword Boomerang","Shrug It Off+1","Demon Form"],"relics":["Burning Blood","ClockworkSouvenir","Frozen Egg 2"],"acts_visited":["Exordium"],"potions_floor_usage":[4,10],"damage_taken":[{"damage":1.0,"enemies":"Cultist","floor":1.0,"turns":4.0},{"damage":6.0,"enemies":"2 Louse","floor":2.0,"turns":4.0},{"damage":9.0,"enemies":"Small Slimes","floor":3.0,"turns":6.0},{"damage":14,"enemies":"Blue Slaver","floor":4,"turns":4},{"damage":26,"enemies":"Large Slime","floor":7,"turns":9},{"damage":36,"enemies":"Gremlin Gang","floor":8,"turns":12},{"damage":0,"enemies":"3 Louse","floor":10,"turns":4},{"damage":35,"enemies":"3 Sentries","floor":11,"turns":4}],"seed_played":"8963035854288927122","potions_obtained":[{"floor":3.0,"key":"SkillPotion"},{"floor":8,"key":"SpeedPotion"}],"is_trial":false,"path_per_floor":["M","M","M","M","$","R","M","M","T","M","E"],"character_chosen":"IRONCLAD","items_purchased":["ClockworkSouvenir"],"campfire_rested":0,"item_purchase_floors":[5],"current_hp_per_floor":[88,88,85,77,77,77,57,27,27,33,0,0],"gold":52,"neow_bonus":"TEN_PERCENT_HP_BONUS","is_daily":false,"chose_seed":false,"campfire_upgraded":1,"win_rate":0.0,"timestamp":1608975944,"path_taken":["M","?","?","M","$","R","M","M","T","M","E"],"items_purchased_type":["Relic"],"build_version":"2020-12-22","purchased_purges":0,"victory":false,"max_hp_per_floor":[88,88,88,88,88,88,88,88,88,88,88,88],"card_choices":[{"not_picked":["Sword Boomerang","Warcry"],"picked":"Armaments","floor":1.0},{"not_picked":["Wild Strike","Uppercut"],"picked":"Sword Boomerang","floor":2.0},{"not_picked":["Uppercut","Fire Breathing","Searing Blow"],"picked":"SKIP","floor":3.0},{"not_picked":["Headbutt","Wild Strike"],"picked":"Shrug It Off","floor":4},{"not_picked":["True Grit","Infernal Blade","Headbutt"],"picked":"SKIP","floor":7},{"not_picked":["Pummel","Iron Wave"],"picked":"Demon Form","floor":8},{"not_picked":["Cleave","Iron Wave","True Grit"],"picked":"SKIP","floor":10}],"player_experience":246781,"relics_obtained":[{"floor":9,"key":"Frozen Egg 2"}],"event_choices":[],"is_beta":false,"boss_relics":[],"items_purged_floors":[],"is_endless":false,"potions_floor_spawned":[3,8],"killed_by":"3 Sentries","ascension_level":2}}