{"host":"6ko66ogg91i6g7xq","time":1608993741,"event":{"mods":["AchievementEnabler","Act Like it!","BaseMod","Colored Map","Colored Powertips","Downfall","Hermit","Minty Spire (QoL Compilation)","Quick Restart","Relic Stats","StSLib","The Jungle","everything is the same but u backflip on backflip"],"gold_per_floor":[111,28,43,43,43,75,75],"floor_reached":6,"playtime":64,"items_purged":[],"score":72,"play_id":"8449e6d9-e795-4a53-a76e-d5437cb7f5a4","local_time":"20201226094221","is_ascension_mode":true,"campfire_choices":[],"circlet_count":0,"master_deck":["Strike_G","Strike_G","Strike_G","Strike_G","Strike_G","Defend_G","Defend_G","Defend_G","Defend_G","Defend_G","Survivor","Neutralize+1","Deadly Poison","Flash of Steel","Cloak And Dagger+1"],"relics":["Ring of the Snake","NeowsBlessing","MealTicket"],"acts_visited":["Exordium"],"potions_floor_usage":[],"damage_taken":[{"damage":0,"enemies":"Cultist","floor":1,"turns":1},{"damage":0,"enemies":"2 Louse","floor":3,"turns":1},{"damage":0,"enemies":"Lagavulin","floor":6,"turns":1}],"seed_played":"-4531205004884326508","potions_obtained":[],"is_trial":false,"path_per_floor":["M","$","M","?","$","E"],"character_chosen":"THE_SILENT","items_purchased":["Flash of Steel"],"campfire_rested":0,"item_purchase_floors":[2],"current_hp_per_floor":[70,70,70,56,56,56,56],"gold":75,"neow_bonus":"THREE_ENEMY_KILL","is_daily":false,"chose_seed":false,"campfire_upgraded":0,"win_rate":0.0,"timestamp":1608993741,"path_taken":["M","$","?","?","$","E"],"items_purchased_type":["Card"],"build_version":"2020-12-22","purchased_purges":0,"victory":false,"max_hp_per_floor":[70,70,70,70,70,70,70],"relic_stats":{"counters":[3,3],"MealTicket":0,"obtain_stats":[{"NeowsBlessing":0,"MealTicket":6,"Ring of the Snake":0},{"NeowsBlessing":0,"MealTicket":3,"Ring of the Snake":0},{"NeowsBlessing":0,"MealTicket":3,"Ring of the Snake":0}],"Ring of the Snake":[6]},"card_choices":[{"not_picked":["Prepared","Quick Slash"],"picked":"Deadly Poison","floor":1},{"not_picked":["Flying Knee","Underhanded Strike"],"picked":"Cloak And Dagger","floor":3}],"player_experience":258134,"relics_obtained":[{"floor":6,"key":"MealTicket"}],"event_choices":[{"damage_healed":0,"gold_gain":0,"player_choice":"Entered Light","damage_taken":14,"max_hp_gain":0,"max_hp_loss":0,"event_name":"Shining Light","floor":4,"gold_loss":0,"cards_upgraded":["Cloak And Dagger","Neutralize"]}],"is_beta":false,"boss_relics":[],"items_purged_floors":[],"is_endless":false,"potions_floor_spawned":[],"killed_by":"Lagavulin","ascension_level":1}}