{"host":"n7ibbaht59lcm2b7","time":1608984139,"event":{"mods":["AchievementEnabler","Act Like it!","Ascension Unlocker","BaseMod","CapriCore","Challenge The Spire","Chen","Colored Map","Colored Powertips","Gensokyo","Highlight Path","Koishi","Marisa????????","Minty Spire (QoL Compilation)","Reimu??????","Remilia??????","Replay The Spire","StSLib","The Administrix","The Jungle","The Servant 0.9.4","Yuyuko","everything is the same but u backflip on backflip","slay the spire mod where everything is the same but ironclad has a cowboy hat"],"gold_per_floor":[407,45,160,278,390,390,170,12,124,242,355,355,43,43,162,280,390,504],"floor_reached":19,"playtime":1175,"items_purged":["Strike_G","Strike_G","Strike_G"],"score":4633,"play_id":"b9c5258d-69a8-4002-86c5-9836cc3142ad","local_time":"20201226120219","daily_mods":["challengethespire:Gold Difficulty","challengethespire:Boss Rush","Uncertain Future"],"is_ascension_mode":true,"campfire_choices":[{"data":"Strike_G","floor":14,"key":"PURGE"}],"circlet_count":0,"master_deck":["AscendersBane","Strike_G","Defend_G","Defend_G","Defend_G","Defend_G","Defend_G","Survivor","Neutralize","Footwork+1","Outmaneuver+1","Acrobatics+1","ReplayTheSpireMod:The Works+1","Deflect+1","Acrobatics+1","Acrobatics+1","ReplayTheSpireMod:The Works+1","Well Laid Plans+1","Cloak And Dagger+1","ReplayTheSpireMod:Scrap Shanks+1","Blur+1","CurseOfTheBell","ReplayTheSpireMod:Brewmster+1","Concentrate+1","Flash of Steel+1","ReplayTheSpireMod:Shiv Toss+1","Eviscerate+1","Choke+1","After Image+1","AbeCurse","Pot Of Greed+1","Pot Of Greed+1","Pot Of Greed+1","A Thousand Cuts+1","Wraith Form v2+1","Calculated Gamble+1","Escape Plan+1"],"relics":["Ring of the Snake","The Courier","Molten Egg 2","Toxic Egg 2","Frozen Egg 2","ReplayTheSpireMod:Ninjato","Meat on the Bone","Lantern","Ninja Scroll","Calling Bell","Toy Ornithopter","Replay:Accelerometer","Torii","BargainBundle","Replay:Multitool","Letter Opener","Darkstone Periapt","Abe\u0027s Treasure","Grinning Jar","Ornamental Fan","Replay:WaspNest","Tingsha","Bag of Marbles","StrikeDummy"],"acts_visited":["Exordium"],"potions_floor_usage":[9,9,9,9,9,9,11,15,16,16,16,16,17,18],"damage_taken":[{"damage":20,"enemies":"Hexaghost","floor":3,"turns":9},{"damage":0,"enemies":"The Guardian","floor":4,"turns":2},{"damage":0,"enemies":"Slime Boss","floor":5,"turns":6},{"damage":1,"enemies":"Automaton","floor":9,"turns":8},{"damage":0,"enemies":"Collector","floor":10,"turns":3},{"damage":0,"enemies":"Champ","floor":11,"turns":5},{"damage":0,"enemies":"Awakened One","floor":15,"turns":4},{"damage":6,"enemies":"Time Eater","floor":16,"turns":9},{"damage":0,"enemies":"Donu and Deca","floor":17,"turns":3},{"damage":0,"enemies":"The Heart","floor":18,"turns":4}],"seed_played":"-4389571802463656142","potions_obtained":[{"floor":5,"key":"ColorlessPotion"},{"floor":9,"key":"LiquidBronze"}],"is_trial":true,"path_per_floor":["$","$","M","M","M","T","$","$","M","M","M","T","$","R","M","M","M","M",null],"character_chosen":"THE_SILENT","items_purchased":["Footwork+1","Outmaneuver+1","Acrobatics+1","ReplayTheSpireMod:The Works+1","Deflect+1","Acrobatics+1","ReplayTheSpireMod:Ninjato","Acrobatics+1","ReplayTheSpireMod:The Works+1","Well Laid Plans+1","ReplayTheSpireMod:Brewmster+1","BargainBundle","Concentrate+1","Flash of Steel+1","ReplayTheSpireMod:Shiv Toss+1","CultistPotion","Grinning Jar","Ornamental Fan"],"campfire_rested":0,"item_purchase_floors":[1,1,1,1,1,1,2,2,2,2,7,8,8,8,8,8,13,13],"current_hp_per_floor":[59,59,39,39,39,39,39,39,66,66,66,72,72,72,72,72,72,72],"gold":504,"neow_bonus":"","is_daily":false,"chose_seed":false,"campfire_upgraded":0,"win_rate":0.0,"timestamp":1608984139,"path_taken":["$","$","M","M","M","T","$","$","M","M","M","T","$","R","M","M","M","M"],"items_purchased_type":["Card","Card","Card","Card","Card","Card","Relic","Card","Card","Card","Card","Relic","Card","Card","Card","Potion","Relic","Relic"],"build_version":"2020-12-22","purchased_purges":3,"victory":true,"max_hp_per_floor":[66,66,66,66,66,66,66,66,66,66,66,72,72,72,72,72,72,72],"card_choices":[],"player_experience":1285470,"relics_obtained":[{"floor":3,"key":"Meat on the Bone"},{"floor":4,"key":"Lantern"},{"floor":5,"key":"Ninja Scroll"},{"floor":6,"key":"Toy Ornithopter"},{"floor":6,"key":"Replay:Accelerometer"},{"floor":6,"key":"Torii"},{"floor":9,"key":"Replay:Multitool"},{"floor":10,"key":"Letter Opener"},{"floor":11,"key":"Darkstone Periapt"},{"floor":15,"key":"Replay:WaspNest"},{"floor":16,"key":"Tingsha"},{"floor":17,"key":"Bag of Marbles"},{"floor":18,"key":"StrikeDummy"}],"event_choices":[],"is_beta":false,"boss_relics":[{"not_picked":["Replay:Ancient Bell","Kintsugi"],"picked":"Calling Bell"},{"not_picked":["ReplayTheSpireMod:DimensionalGlitch","Astrolabe"],"picked":"Abe\u0027s Treasure"}],"items_purged_floors":[1,7,8],"is_endless":false,"potions_floor_spawned":[5,9,15],"ascension_level":15}}