{"host":"zc4856jdpoxvjh7b","time":1608967724,"event":{"mods":["BaseMod","DeckTracker","Minty Spire (QoL Compilation)","Quick Restart","StSLib","SuperFastMode","everything is the same but u backflip on backflip"],"gold_per_floor":[109,129,145,145,159,159,84,99,99,133,133,133,144,157,157,254,254,264,248,148,160,160,186,186,196,196,296,329,404,124,143,143,241,241,251,9,22,22,22,55,405,420,446,187,221,236,252,252,252,252,252],"floor_reached":50,"playtime":2303,"items_purged":["Strike_R","Strike_R","Strike_R","Strike_R","Parasite"],"score":649,"play_id":"a25b00e8-0133-45c7-86e1-ad688e806c40","local_time":"20201226162844","is_ascension_mode":true,"campfire_choices":[{"data":"Body Slam","floor":6,"key":"SMITH"},{"data":"Entrench","floor":12,"key":"SMITH"},{"floor":15,"key":"REST"},{"data":"Dual Wield","floor":24,"key":"SMITH"},{"floor":32,"key":"REST"},{"floor":49,"key":"REST"}],"circlet_count":0,"master_deck":["Defend_R","Defend_R","Defend_R","Defend_R","Bash","Body Slam+1","Carnage","Entrench+1","Cleave","Dual Wield+1","Shrug It Off","Offering","Shrug It Off","Thunderclap","Flame Barrier","Burning Pact+1","Warcry","Dropkick+1","Offering","Finesse","Double Tap","Juggernaut","Madness","Secret Technique","Panache","Flash of Steel","Madness","Madness","Power Through","Spot Weakness","Trip","Body Slam+1"],"relics":["Burning Blood","NeowsBlessing","Meat on the Bone","HornCleat","SlaversCollar","Mummified Hand","Pantograph","Girya","Shuriken","TungstenRod","Cursed Key","Red Skull","Old Coin","Dream Catcher","Strawberry"],"acts_visited":["Exordium","TheCity","TheBeyond"],"potions_floor_usage":[25,27,47,50],"damage_taken":[{"damage":0,"enemies":"Cultist","floor":1,"turns":1},{"damage":0,"enemies":"Small Slimes","floor":2,"turns":1},{"damage":0,"enemies":"Jaw Worm","floor":3,"turns":1},{"damage":12,"enemies":"2 Fungi Beasts","floor":5,"turns":5},{"damage":33,"enemies":"Exordium Thugs","floor":8,"turns":7},{"damage":30,"enemies":"3 Sentries","floor":10,"turns":7},{"damage":5,"enemies":"Looter","floor":13,"turns":2},{"damage":9,"enemies":"2 Fungi Beasts","floor":14,"turns":3},{"damage":56,"enemies":"The Guardian","floor":16,"turns":14},{"damage":13,"enemies":"Shell Parasite","floor":18,"turns":2},{"damage":6,"enemies":"2 Thieves","floor":19,"turns":4},{"damage":10,"enemies":"3 Cultists","floor":21,"turns":5},{"damage":10,"enemies":"Slavers","floor":23,"turns":5},{"damage":33,"enemies":"Snake Plant","floor":25,"turns":7},{"damage":14,"enemies":"Colosseum Slavers","floor":27,"turns":2},{"damage":6,"enemies":"Colosseum Nobs","floor":27,"turns":4},{"damage":17,"enemies":"Book of Stabbing","floor":28,"turns":5},{"damage":13,"enemies":"Centurion and Healer","floor":31,"turns":5},{"damage":67,"enemies":"Automaton","floor":33,"turns":9},{"damage":5,"enemies":"3 Shapes","floor":35,"turns":5},{"damage":13,"enemies":"3 Darklings","floor":37,"turns":4},{"damage":10,"enemies":"Giant Head","floor":40,"turns":4},{"damage":10,"enemies":"Mind Bloom Boss Battle","floor":41,"turns":3},{"damage":10,"enemies":"Transient","floor":42,"turns":5},{"damage":10,"enemies":"Reptomancer","floor":45,"turns":3},{"damage":20,"enemies":"Writhing Mass","floor":46,"turns":6},{"damage":12,"enemies":"Jaw Worm Horde","floor":47,"turns":4},{"damage":93,"enemies":"Donu and Deca","floor":50,"turns":8}],"seed_played":"-5608131026582668927","potions_obtained":[{"floor":8,"key":"GamblersBrew"},{"floor":10,"key":"Ancient Potion"},{"floor":14,"key":"Energy Potion"},{"floor":16,"key":"ColorlessPotion"},{"floor":25,"key":"DistilledChaos"},{"floor":37,"key":"LiquidMemories"},{"floor":47,"key":"ElixirPotion"}],"is_trial":false,"path_per_floor":["M","M","M","?","M","R","$","M","T","E","?","R","M","M","R","B",null,"M","M","$","M","?","E","R","M","T","?","E","?","$","M","R","B",null,"M","$","M","?","?","E","?","M","T","$","E","M","M","?","R","B"],"character_chosen":"IRONCLAD","items_purchased":["Offering","Finesse","Madness","Trip"],"campfire_rested":3,"item_purchase_floors":[30,30,36,44],"current_hp_per_floor":[80,80,80,85,79,79,79,52,52,40,33,33,46,55,80,42,85,78,78,78,74,74,70,70,55,55,59,60,53,53,58,83,36,85,85,85,78,69,59,55,76,72,72,72,75,61,55,55,81,0,0],"gold":252,"neow_bonus":"THREE_ENEMY_KILL","is_daily":false,"chose_seed":false,"campfire_upgraded":3,"win_rate":0.0,"timestamp":1608967724,"path_taken":["M","M","M","?","M","R","$","M","T","E","?","R","M","M","R","BOSS","M","M","$","M","?","E","R","M","T","?","E","?","$","M","R","BOSS","M","$","M","?","?","E","?","M","T","$","E","M","M","?","R","BOSS"],"items_purchased_type":["Card","Card","Card","Card"],"build_version":"2020-12-22","purchased_purges":5,"victory":false,"max_hp_per_floor":[80,80,80,85,85,85,85,85,85,85,85,85,85,85,85,85,85,85,85,85,85,85,85,85,85,85,85,85,85,85,85,85,85,85,85,85,85,85,85,85,85,85,85,82,89,89,89,89,89,89,89],"card_choices":[{"not_picked":["Flex","Disarm"],"picked":"Body Slam","floor":1},{"not_picked":["Clash","Headbutt"],"picked":"Carnage","floor":2},{"not_picked":["Clash","Seeing Red"],"picked":"Entrench","floor":3},{"not_picked":["Inflame","Entrench"],"picked":"Cleave","floor":5},{"not_picked":["Heavy Blade","Wild Strike","Anger"],"picked":"SKIP","floor":8},{"not_picked":["Sword Boomerang","Body Slam"],"picked":"Dual Wield","floor":10},{"not_picked":["Iron Wave","Sword Boomerang","Cleave"],"picked":"SKIP","floor":13},{"not_picked":["Intimidate","Clash"],"picked":"Shrug It Off","floor":14},{"not_picked":["Fiend Fire","Brutality"],"picked":"Offering","floor":16},{"not_picked":["Body Slam","Inflame"],"picked":"Shrug It Off","floor":18},{"not_picked":["Sword Boomerang+1","Shrug It Off"],"picked":"Thunderclap","floor":19},{"not_picked":["Inflame","Twin Strike","Searing Blow"],"picked":"SKIP","floor":21},{"not_picked":["Feed","Metallicize"],"picked":"Burning Pact+1","floor":23},{"not_picked":["Pommel Strike","Armaments"],"picked":"Warcry","floor":25},{"not_picked":["Clothesline+1","Armaments"],"picked":"Dropkick+1","floor":27},{"not_picked":["Perfected Strike+1","Evolve","Clash"],"picked":"SKIP","floor":28},{"not_picked":["Headbutt","Warcry"],"picked":"Double Tap","floor":31},{"not_picked":["Offering","Feed"],"picked":"Juggernaut","floor":33},{"not_picked":["Clothesline","Inflame","Thunderclap"],"picked":"SKIP","floor":35},{"not_picked":["Thunderclap+1","Clash+1","Anger+1"],"picked":"SKIP","floor":37},{"not_picked":["Jack Of All Trades","Violence"],"picked":"Secret Technique","floor":38},{"not_picked":["Blind","Mind Blast"],"picked":"Panache","floor":38},{"not_picked":["Discovery","Forethought"],"picked":"Flash of Steel","floor":38},{"not_picked":["True Grit","Sword Boomerang+1"],"picked":"Power Through","floor":40},{"not_picked":["Power Through","Infernal Blade"],"picked":"Spot Weakness","floor":41},{"not_picked":["Cleave+1","Anger","Twin Strike+1"],"picked":"SKIP","floor":42},{"not_picked":["Thunderclap","Fiend Fire","Perfected Strike"],"picked":"SKIP","floor":45},{"not_picked":["Combust","Carnage","Iron Wave"],"picked":"SKIP","floor":46},{"not_picked":["Anger+1","Thunderclap"],"picked":"Body Slam+1","floor":47}],"player_experience":6077,"relics_obtained":[{"floor":9,"key":"Meat on the Bone"},{"floor":10,"key":"HornCleat"},{"floor":23,"key":"Mummified Hand"},{"floor":26,"key":"Pantograph"},{"floor":27,"key":"Girya"},{"floor":27,"key":"Shuriken"},{"floor":28,"key":"TungstenRod"},{"floor":40,"key":"Red Skull"},{"floor":41,"key":"Old Coin"},{"floor":43,"key":"Dream Catcher"},{"floor":45,"key":"Strawberry"}],"event_choices":[{"damage_healed":0,"gold_gain":0,"player_choice":"Donut","damage_taken":0,"max_hp_gain":5,"max_hp_loss":0,"event_name":"Big Fish","floor":4,"gold_loss":0},{"cards_removed":["Strike_R"],"damage_healed":0,"gold_gain":0,"player_choice":"Card Removal","damage_taken":7,"max_hp_gain":0,"max_hp_loss":0,"event_name":"Golden Wing","floor":11,"gold_loss":0},{"damage_healed":0,"gold_gain":0,"player_choice":"Read","damage_taken":0,"max_hp_gain":0,"max_hp_loss":0,"event_name":"The Library","floor":22,"gold_loss":0,"cards_obtained":["Flame Barrier"]},{"damage_healed":0,"gold_gain":0,"player_choice":"Fight","damage_taken":0,"max_hp_gain":0,"max_hp_loss":0,"event_name":"Colosseum","floor":27,"gold_loss":0},{"damage_healed":0,"gold_gain":0,"player_choice":"Fought Nobs","damage_taken":0,"max_hp_gain":0,"max_hp_loss":0,"event_name":"Colosseum","floor":27,"gold_loss":0},{"damage_healed":0,"gold_gain":75,"player_choice":"Touch","damage_taken":8,"max_hp_gain":0,"max_hp_loss":0,"event_name":"FaceTrader","floor":29,"gold_loss":0},{"damage_healed":0,"gold_gain":0,"player_choice":"Memory 3","damage_taken":10,"max_hp_gain":0,"max_hp_loss":0,"event_name":"SensoryStone","floor":38,"gold_loss":0},{"damage_healed":0,"gold_gain":0,"player_choice":"Embrace Madness","damage_taken":11,"max_hp_gain":0,"max_hp_loss":0,"event_name":"Winding Halls","floor":39,"gold_loss":0,"cards_obtained":["Madness","Madness"]},{"damage_healed":0,"gold_gain":0,"player_choice":"Fight","damage_taken":0,"max_hp_gain":0,"max_hp_loss":0,"event_name":"MindBloom","floor":41,"gold_loss":0},{"damage_healed":0,"gold_gain":0,"player_choice":"Ignored","damage_taken":0,"max_hp_gain":0,"max_hp_loss":0,"event_name":"Mysterious Sphere","floor":48,"gold_loss":0}],"is_beta":false,"boss_relics":[{"not_picked":["Black Blood","Astrolabe"],"picked":"SlaversCollar"},{"not_picked":["Black Star","Busted Crown"],"picked":"Cursed Key"}],"items_purged_floors":[7,20,30,36,44],"is_endless":false,"potions_floor_spawned":[8,10,14,16,18,21,25,27,37,42,45,46,47],"killed_by":"Donu and Deca","ascension_level":1}}