{"host":"czen9m7c7ttmirt2","time":1608941415,"event":{"mods":["AchievementEnabler","Aspiration","BaseMod","Better Third Choice","Colored Map","Colored Powertips","Conspire","Hubris","Minty Spire (QoL Compilation)","Replay The Spire","StSLib"],"gold_per_floor":[113,113,113,113,129,129,149,114,114,114,114,127,140,164,164,283,283,308,326,306,306,306,306],"floor_reached":22,"playtime":706,"items_purged":[],"score":202,"play_id":"482927a8-d467-4ecc-ae4b-4f0add4563fb","local_time":"20201225181015","is_ascension_mode":true,"campfire_choices":[{"floor":6,"key":"RECALL"},{"data":"Gash","floor":10,"key":"SMITH"}],"circlet_count":0,"master_deck":["Strike_B","Strike_B","Strike_B","Strike_B","Defend_B","Defend_B+1","Defend_B","Defend_B","Zap","Dualcast","Gash+1","Rebound","FTL","hubris:PowerSurge+1","Defragment","Double Energy","Chaos","Meteor Strike","Gash","Ball Lightning+1"],"relics":["Cracked Core","Golden Idol","aspiration:DSix","Lantern","aspiration:Stellarator","Replay:Rubber Ducky","Dream Catcher"],"acts_visited":["Exordium","TheCity"],"potions_floor_usage":[16,16],"damage_taken":[{"damage":0,"enemies":"Small Slimes","floor":1,"turns":2},{"damage":0,"enemies":"2 Louse","floor":5,"turns":3},{"damage":4,"enemies":"Jaw Worm","floor":7,"turns":2},{"damage":15,"enemies":"Exordium Thugs","floor":12,"turns":4},{"damage":0,"enemies":"Looter","floor":13,"turns":2},{"damage":8,"enemies":"Large Slime","floor":14,"turns":3},{"damage":33,"enemies":"The Guardian","floor":16,"turns":7},{"damage":34,"enemies":"3 Byrds","floor":18,"turns":4},{"damage":12,"enemies":"Chosen","floor":19,"turns":3},{"damage":30,"enemies":"3 Cultists","floor":22,"turns":3}],"seed_played":"3454466590941048535","potions_obtained":[{"floor":1,"key":"Dexterity Potion"},{"floor":13,"key":"LiquidBronze"},{"floor":18,"key":"ColorlessPotion"},{"floor":19,"key":"Adrenaline Potion"},{"floor":20,"key":"Venom Potion"}],"is_trial":false,"path_per_floor":["M","?","?","?","M","R","M","$","T","R","?","M","M","M","R_BF","B",null,"M","M","?","$","M"],"character_chosen":"DEFECT","items_purchased":["hubris:PowerSurge","Replay:Rubber Ducky","Dream Catcher"],"campfire_rested":0,"item_purchase_floors":[8,21,21],"current_hp_per_floor":[89,67,67,49,49,49,45,45,45,45,45,30,30,22,48,15,89,55,43,43,23,0,0],"gold":306,"neow_bonus":"TWENTY_PERCENT_HP_BONUS","is_daily":false,"chose_seed":false,"campfire_upgraded":1,"win_rate":0.0,"timestamp":1608941415,"path_taken":["M","?","?","?","?","R","M","?","T","R","?","M","M","M","R_BF","BOSS","M","?","?","?","M"],"items_purchased_type":["Card","Relic","Relic"],"build_version":"2020-12-22","purchased_purges":0,"victory":false,"max_hp_per_floor":[89,89,89,89,89,89,89,89,89,89,89,89,89,89,89,89,89,89,89,89,89,89,89],"card_choices":[{"not_picked":["ReplaySort","Beam Cell"],"picked":"Gash","floor":1},{"not_picked":["Panic Button","Beam Cell"],"picked":"Rebound","floor":5},{"not_picked":["Force Field","Loop"],"picked":"FTL","floor":7},{"not_picked":["Steam","Sweeping Beam"],"picked":"Defragment","floor":12},{"not_picked":["BootSequence","ReplayTheSpireMod:GoodbyeWorld"],"picked":"Double Energy","floor":13},{"not_picked":["FIFO Queue","Consume"],"picked":"Chaos","floor":14},{"not_picked":["All For One","Core Surge"],"picked":"Meteor Strike","floor":16},{"not_picked":["Sweeping Beam","Tempest+1"],"picked":"Gash","floor":18},{"not_picked":["Loop","Sweeping Beam"],"picked":"Ball Lightning+1","floor":19}],"player_experience":201250,"relics_obtained":[{"floor":9,"key":"Lantern"}],"event_choices":[{"damage_healed":0,"gold_gain":0,"player_choice":"Take Damage","damage_taken":22,"relics_obtained":["Golden Idol"],"max_hp_gain":0,"max_hp_loss":0,"event_name":"Golden Idol","floor":2,"gold_loss":0},{"damage_healed":0,"gold_gain":0,"player_choice":"Relic ","damage_taken":18,"max_hp_gain":0,"max_hp_loss":0,"event_name":"betterThird:BetterScrap","floor":4,"gold_loss":0,"cards_obtained":["Life Link"]},{"cards_removed":["Looming Evil"],"damage_healed":0,"gold_gain":0,"player_choice":"Purged","damage_taken":0,"max_hp_gain":0,"max_hp_loss":0,"event_name":"Purifier","floor":11,"gold_loss":0},{"damage_healed":0,"gold_gain":0,"player_choice":"Bought 1 Potion","damage_taken":0,"max_hp_gain":0,"max_hp_loss":0,"event_name":"The Woman in Blue","floor":20,"gold_loss":0}],"is_beta":false,"boss_relics":[{"not_picked":["Astrolabe","aspiration:RitualDagger"],"picked":"aspiration:Stellarator"}],"items_purged_floors":[],"is_endless":false,"potions_floor_spawned":[1,13,18,19],"killed_by":"3 Cultists","ascension_level":3}}