{"host":"qc1sjgtdjonvdsd8","time":1608998161,"event":{"mods":["BaseMod","Colored Map","Colored Powertips","Curses Come First","Minty Spire (QoL Compilation)","Replay The Spire","StSLib"],"gold_per_floor":[119,119,119,20,32,32,52,112,161,161,174,30,65,65,65,161,161,173,199,214,114,114,114,127,127,127,42,42,55,55,69,69,169,169,185,185,95,114,126,139,172,182,182,182,216,91,110,127,127,127,127,127,75,100,100],"floor_reached":56,"playtime":5583,"items_purged":["Poisoned Stab","Sickly","Poisoned Stab"],"score":1357,"play_id":"be20874a-31d6-42e4-b413-81c8b355c80c","local_time":"20201226075601","is_ascension_mode":false,"campfire_choices":[{"data":"Neutralize","floor":6,"key":"SMITH"},{"floor":10,"key":"REST"},{"floor":15,"key":"REST"},{"data":"PiercingWail","floor":23,"key":"SMITH"},{"floor":25,"key":"RECALL"},{"floor":32,"key":"REST"},{"floor":44,"key":"REST"},{"floor":49,"key":"DIG"},{"floor":52,"key":"REST"}],"circlet_count":0,"master_deck":["Survivor+1","Neutralize+1","Deflect","Blade Dance","Storm of Steel","Masterful Stab+1","Infinite Blades+1","PiercingWail+1","Hidden Blade","Reflex+1","Prepared","ReplayTheSpireMod:Scrap Shanks","A Thousand Cuts","A Thousand Cuts","Backflip","Dagger Throw+1","Reflex+1","Prepared","Dark Shackles","Calculated Gamble+1","Blur+1","Endless Agony","After Image","Cloak And Dagger+1","Acrobatics+1","Finisher+1"],"relics":["Pandora\u0027s Box","Boot","Bag of Marbles","ReplayTheSpireMod:Ring of Challenge","Ring of Peace","Ring of Chaos","Red Mask","Divine Protection","Replay:Rubber Ducky","Fusion Hammer","Whetstone","Replay:Bottled Eggs","Nunchaku","Blood Vial","TungstenRod"],"acts_visited":["Exordium","TheCity","TheBeyond","TheEnding"],"potions_floor_usage":[13,13,33,40,41,55,55,55,55,55],"damage_taken":[{"damage":3,"enemies":"Jaw Worm","floor":1,"turns":3},{"damage":3,"enemies":"2 Louse","floor":5,"turns":2},{"damage":4,"enemies":"Cultist","floor":7,"turns":3},{"damage":4,"enemies":"Gremlin Nob","floor":8,"turns":3},{"damage":15,"enemies":"Exordium Wildlife","floor":11,"turns":3},{"damage":14,"enemies":"Lagavulin","floor":13,"turns":3},{"damage":3,"enemies":"Hexaghost","floor":16,"turns":7},{"damage":14,"enemies":"Spheric Guardian","floor":18,"turns":4},{"damage":23,"enemies":"Masked Bandits","floor":19,"turns":4},{"damage":13,"enemies":"Shell Parasite","floor":20,"turns":4},{"damage":22,"enemies":"Snake Plant","floor":24,"turns":5},{"damage":0,"enemies":"Snecko","floor":29,"turns":5},{"damage":0,"enemies":"Centurion and Healer","floor":31,"turns":4},{"damage":0,"enemies":"Collector","floor":33,"turns":6},{"damage":0,"enemies":"3 Darklings","floor":35,"turns":3},{"damage":10,"enemies":"3 Shapes","floor":38,"turns":3},{"damage":0,"enemies":"3 Darklings","floor":39,"turns":3},{"damage":0,"enemies":"Jaw Worm Horde","floor":40,"turns":4},{"damage":0,"enemies":"Giant Head","floor":41,"turns":6},{"damage":0,"enemies":"Maw","floor":42,"turns":5},{"damage":0,"enemies":"Nemesis","floor":45,"turns":3},{"damage":0,"enemies":"4 Shapes","floor":47,"turns":3},{"damage":0,"enemies":"Jaw Worm Horde","floor":48,"turns":5},{"damage":0,"enemies":"Donu and Deca","floor":50,"turns":6},{"damage":0,"enemies":"Shield and Spear","floor":54,"turns":5},{"damage":12,"enemies":"The Heart","floor":55,"turns":6}],"seed_played":"-4730075656593572184","potions_obtained":[{"floor":1,"key":"LiquidMemories"},{"floor":7,"key":"Milkshake"},{"floor":11,"key":"LiquidBronze"},{"floor":18,"key":"Elixir"},{"floor":29,"key":"LifebloodPotion"},{"floor":33,"key":"ColorlessPotion"},{"floor":40,"key":"Poison Potion"},{"floor":41,"key":"Poison Potion"},{"floor":42,"key":"Adrenaline Potion"},{"floor":54,"key":"EntropicBrew"}],"is_trial":false,"path_per_floor":["M","?","?","$","M","R","M","?","T","R","M","$","E","?","R","B",null,"M","?","M","$","?","R","M","R","T","?","?","M","$","M","R","B",null,"M","?","?","M","M","M","E","M","T","R","E","$","M","M","R_BF","B",null,"R","$","E","B",null],"character_chosen":"THE_SILENT","items_purchased":["Infinite Blades+1","PiercingWail","ReplayTheSpireMod:Scrap Shanks","Energy Potion"],"campfire_rested":5,"item_purchase_floors":[4,4,12,53],"current_hp_per_floor":[67,60,60,60,57,57,53,49,49,70,55,55,41,41,62,59,70,56,33,20,20,70,70,48,48,48,48,42,42,42,42,63,63,70,70,70,70,60,60,60,60,60,60,70,70,70,70,70,70,70,70,70,70,70,58],"gold":100,"neow_bonus":"BOSS_RELIC","is_daily":false,"chose_seed":false,"campfire_upgraded":2,"win_rate":0.0,"timestamp":1608998161,"path_taken":["M","?","?","?","M","R","?","?","T","R","M","$","E","?","R","BOSS","M","?","M","$","?","R","?","R","T","?","?","?","$","M","R","BOSS","M","?","?","M","M","M","E","M","T","R","E","$","?","M","R_BF","BOSS","R","$","E","BOSS"],"items_purchased_type":["Card","Card","Card","Potion"],"build_version":"2020-12-22","purchased_purges":3,"victory":true,"max_hp_per_floor":[70,70,70,70,70,70,70,70,70,70,70,70,70,70,70,70,70,70,70,70,70,70,70,70,70,70,70,70,70,70,70,70,70,70,70,70,70,70,70,70,70,70,70,70,70,70,70,70,70,70,70,70,70,70,70],"card_choices":[{"not_picked":["Dash","Backstab","All Out Attack"],"picked":"SKIP","floor":1},{"not_picked":["Skewer","Dagger Spray"],"picked":"Hidden Blade","floor":5},{"not_picked":["ReplayTheSpireMod:The Works","ReplayTheSpireMod:Tripwire","Toxin Wave"],"picked":"SKIP","floor":7},{"not_picked":["Cloak And Dagger","Poisoned Stab"],"picked":"Reflex","floor":8},{"not_picked":["PiercingWail","Dagger Spray"],"picked":"Prepared","floor":11},{"not_picked":["Bane","Underhanded Strike"],"picked":"A Thousand Cuts","floor":13},{"not_picked":["Bullet Time","Poison Darts"],"picked":"A Thousand Cuts","floor":16},{"not_picked":["Outmaneuver","Poisoned Stab"],"picked":"Backflip","floor":18},{"not_picked":["PiercingWail","All Out Attack"],"picked":"Dagger Throw","floor":20},{"not_picked":["Sucker Punch","Flying Knee","PiercingWail"],"picked":"SKIP","floor":24},{"not_picked":["PiercingWail","ReplayTheSpireMod:The Works"],"picked":"Reflex","floor":29},{"not_picked":["Endless Agony+1","Wraith Form v2","Sneak Up"],"picked":"SKIP","floor":31},{"not_picked":["Dodge and Roll+1","Slice"],"picked":"Prepared","floor":35},{"not_picked":["Replay:Parry","Forethought"],"picked":"Dark Shackles","floor":36},{"not_picked":["Slice","Underhanded Strike","Hidden Blade"],"picked":"SKIP","floor":38},{"not_picked":["Footwork+1","Choke+1","Fluid Movement+1"],"picked":"SKIP","floor":39},{"not_picked":["Crippling Poison","Bane"],"picked":"Calculated Gamble+1","floor":40},{"not_picked":["Flechettes+1","Hidden Blade+1"],"picked":"Blur+1","floor":41},{"not_picked":["Riddle With Holes","Deflect"],"picked":"Endless Agony","floor":42},{"not_picked":["Sucker Punch+1","Sneak Up"],"picked":"After Image","floor":45},{"not_picked":["Bouncing Flask+1","Crippling Poison+1"],"picked":"Cloak And Dagger+1","floor":47},{"not_picked":["Cloak And Dagger+1","Fluid Movement"],"picked":"Acrobatics+1","floor":48},{"not_picked":["Backflip+1","ReplayTheSpireMod:Exploit Weakness"],"picked":"Finisher+1","floor":54}],"player_experience":168768,"relics_obtained":[{"floor":8,"key":"Boot"},{"floor":13,"key":"Bag of Marbles"},{"floor":14,"key":"ReplayTheSpireMod:Ring of Challenge"},{"floor":14,"key":"Ring of Peace"},{"floor":19,"key":"Red Mask"},{"floor":26,"key":"Divine Protection"},{"floor":41,"key":"Whetstone"},{"floor":43,"key":"Replay:Bottled Eggs"},{"floor":45,"key":"Nunchaku"},{"floor":49,"key":"Blood Vial"},{"floor":54,"key":"TungstenRod"}],"event_choices":[{"cards_removed":["ReplayTheSpireMod:Shiv Toss"],"damage_healed":0,"gold_gain":0,"player_choice":"Card Removal","damage_taken":7,"max_hp_gain":0,"max_hp_loss":0,"event_name":"Golden Wing","floor":2,"gold_loss":0},{"cards_removed":["ReplayTheSpireMod:The Works"],"damage_healed":0,"gold_gain":0,"player_choice":"Forget","damage_taken":0,"max_hp_gain":0,"max_hp_loss":0,"event_name":"Living Wall","floor":3,"gold_loss":0},{"damage_healed":0,"gold_gain":0,"player_choice":"Searched \u00272\u0027 times","damage_taken":0,"max_hp_gain":0,"max_hp_loss":0,"event_name":"Dead Adventurer","floor":8,"gold_loss":0},{"damage_healed":0,"gold_gain":0,"player_choice":"Fought Bandits","damage_taken":0,"max_hp_gain":0,"max_hp_loss":0,"event_name":"Masked Bandits","floor":19,"gold_loss":0},{"cards_removed":["Noxious Fumes"],"damage_healed":50,"gold_gain":0,"player_choice":"Offered Uncommon","damage_taken":0,"max_hp_gain":0,"max_hp_loss":0,"event_name":"Bonfire Elementals","floor":22,"gold_loss":0},{"damage_healed":0,"gold_gain":0,"player_choice":"Obtained Relic","damage_taken":0,"relics_obtained":["Replay:Rubber Ducky"],"max_hp_gain":0,"max_hp_loss":0,"event_name":"Addict","floor":27,"gold_loss":85},{"damage_healed":0,"gold_gain":0,"player_choice":"","damage_taken":6,"max_hp_gain":0,"max_hp_loss":0,"event_name":"Knowing Skull","floor":28,"potions_obtained":[],"gold_loss":0,"cards_obtained":[]},{"damage_healed":0,"gold_gain":0,"player_choice":"Memory 1","damage_taken":0,"max_hp_gain":0,"max_hp_loss":0,"event_name":"SensoryStone","floor":36,"gold_loss":0},{"cards_removed":["Underhanded Strike"],"damage_healed":0,"gold_gain":0,"player_choice":"Upgrade and Remove","damage_taken":0,"max_hp_gain":0,"max_hp_loss":0,"event_name":"Designer","floor":37,"gold_loss":90,"cards_upgraded":["Survivor"]}],"is_beta":false,"boss_relics":[{"not_picked":["Black Star","Runic Dome"],"picked":"Ring of Chaos"},{"not_picked":["Runic Pyramid","Painkiller Herb"],"picked":"Fusion Hammer"}],"items_purged_floors":[12,21,46],"is_endless":false,"potions_floor_spawned":[1,7,11,18,29,33,40,41,42,48,54],"ascension_level":0}}