{"host":"ezkqjaqywejtjag1","time":1608945011,"event":{"mods":["BaseMod","Colored Map","Infinite Spire","Minty Spire (QoL Compilation)","StSLib"],"gold_per_floor":[111,111,131,25,25,25,39,55,55,69,88,127,105,123,123,249,249,269,269,18,41,41,41,74,74,124,167,188,113,129,154,154,282,282,302,315,331,331,291,291,311,311,366,386,409,432,448,492,492,492],"floor_reached":51,"playtime":3113,"items_purged":[],"score":861,"play_id":"9e3e8d6f-2bac-4339-98ec-43e2e98df051","local_time":"20201225201011","is_ascension_mode":true,"campfire_choices":[{"data":"Accuracy","floor":6,"key":"SMITH"},{"floor":15,"key":"REST"},{"floor":23,"key":"REST"},{"floor":25,"key":"REST"},{"floor":32,"key":"REST"},{"floor":40,"key":"REST"},{"floor":42,"key":"REST"},{"floor":49,"key":"REST"}],"circlet_count":0,"master_deck":["Strike_G","Strike_G","Strike_G+1","Strike_G","Defend_G","Defend_G","Defend_G","Defend_G","Defend_G","Survivor","Neutralize+1","Blade Dance","Accuracy+1","Footwork","Outmaneuver","Blur","Poisoned Stab","Blade Dance","Blade Dance","Flying Knee","Night Terror","Deflect+1","Jack Of All Trades","Sucker Punch","infinitespire:Collect","Footwork","Slice","Footwork","Flying Knee+1","Predator+1","Poisoned Stab","Bane+1","After Image","Adrenaline+1","Heel Hook+1","Unload+1","Deadly Poison+1","Backstab+1","Infinite Blades+1","infinitespire:Starlight+1","After Image","Blade Dance+1","Outmaneuver+1","Backflip+1","Blade Dance+1","Leg Sweep+1","PiercingWail+1","Flying Knee+1","Footwork+1"],"relics":["Ring of the Snake","NeowsBlessing","WarpedTongs","Golden Idol","infinitespire:FocusingShard","infinitespire:Joker Card","Fusion Hammer","Dream Catcher","Boot","MealTicket","Bronze Scales","Whetstone","Astrolabe","WristBlade","Toxic Egg 2","Happy Flower","Mango"],"acts_visited":["Exordium","TheCity","TheBeyond"],"potions_floor_usage":[16,16,27,28,28,31,33,41,48,50,50],"damage_taken":[{"damage":0,"enemies":"Small Slimes","floor":1,"turns":1},{"damage":0,"enemies":"Cultist","floor":3,"turns":1},{"damage":2,"enemies":"2 Louse","floor":7,"turns":1},{"damage":11,"enemies":"Exordium Wildlife","floor":8,"turns":5},{"damage":3,"enemies":"3 Louse","floor":10,"turns":4},{"damage":8,"enemies":"Exordium Thugs","floor":11,"turns":5},{"damage":15,"enemies":"Lagavulin","floor":12,"turns":7},{"damage":11,"enemies":"Looter","floor":14,"turns":2},{"damage":10,"enemies":"Slime Boss","floor":16,"turns":8},{"damage":1,"enemies":"Spheric Guardian","floor":18,"turns":3},{"damage":4,"enemies":"2 Thieves","floor":21,"turns":4},{"damage":14,"enemies":"Book of Stabbing","floor":24,"turns":8},{"damage":35,"enemies":"Slavers","floor":27,"turns":6},{"damage":28,"enemies":"3 Cultists","floor":28,"turns":4},{"damage":0,"enemies":"Chosen and Byrds","floor":30,"turns":4},{"damage":0,"enemies":"Snecko","floor":31,"turns":3},{"damage":5,"enemies":"Automaton","floor":33,"turns":10},{"damage":36,"enemies":"3 Shapes","floor":35,"turns":4},{"damage":6,"enemies":"3 Darklings","floor":36,"turns":6},{"damage":16,"enemies":"Writhing Mass","floor":37,"turns":6},{"damage":4,"enemies":"Sphere and 2 Shapes","floor":41,"turns":3},{"damage":2,"enemies":"Maw","floor":44,"turns":6},{"damage":24,"enemies":"Writhing Mass","floor":45,"turns":4},{"damage":5,"enemies":"Spire Growth","floor":46,"turns":2},{"damage":1,"enemies":"4 Shapes","floor":47,"turns":3},{"damage":0,"enemies":"Giant Head","floor":48,"turns":4},{"damage":66,"enemies":"Time Eater","floor":50,"turns":11}],"seed_played":"8997122098559126839","potions_obtained":[{"floor":3,"key":"DuplicationPotion"},{"floor":10,"key":"Swift Potion"},{"floor":11,"key":"Dexterity Potion"},{"floor":21,"key":"Ancient Potion"},{"floor":27,"key":"AttackPotion"},{"floor":30,"key":"FearPotion"},{"floor":31,"key":"SpeedPotion"},{"floor":35,"key":"GhostInAJar"},{"floor":36,"key":"Fire Potion"},{"floor":45,"key":"Strength Potion"},{"floor":48,"key":"Regen Potion"}],"is_trial":false,"path_per_floor":["M","?","M","$","?","R","M","M","T","M","M","E","$","M","R","B",null,"M","?","$","M","?","R","E","R","T","E","M","?","M","M","R","B",null,"M","M","M","AVR","?","R","M","R","T","M","M","M","M","E","R","B",null],"character_chosen":"THE_SILENT","items_purchased":["Footwork","Outmaneuver","Blade Dance","Boot","Jack Of All Trades"],"campfire_rested":7,"item_purchase_floors":[4,4,13,20,20],"current_hp_per_floor":[70,70,70,70,65,65,63,52,52,49,41,26,26,15,34,24,65,64,64,64,60,43,62,48,65,65,30,2,2,2,2,21,16,65,29,23,7,7,7,26,22,41,41,54,30,40,39,68,79,43],"gold":492,"neow_bonus":"THREE_ENEMY_KILL","is_daily":false,"chose_seed":false,"campfire_upgraded":1,"win_rate":0.0,"timestamp":1608945011,"path_taken":["M","?","?","$","?","R","M","M","T","M","M","E","?","M","R","BOSS","M","?","?","M","?","R","E","R","T","E","M","?","M","M","R","BOSS","M","M","M","AVR","?","R","M","R","T","?","M","M","M","E","R","BOSS"],"items_purchased_type":["Card","Card","Card","Relic","Card"],"build_version":"2020-12-22","purchased_purges":0,"victory":true,"max_hp_per_floor":[70,70,70,70,65,65,65,65,65,65,65,65,65,65,65,65,65,65,65,65,65,65,65,65,65,65,65,65,65,65,65,65,65,65,65,65,65,65,65,65,65,65,65,65,65,65,65,79,79,79],"card_choices":[{"not_picked":["Slice","Bane"],"picked":"Blade Dance","floor":1},{"not_picked":["Prepared","Eviscerate"],"picked":"Accuracy","floor":3},{"not_picked":["Bane","Well Laid Plans"],"picked":"Crippling Poison","floor":7},{"not_picked":["Sucker Punch","Dagger Spray"],"picked":"Blur","floor":8},{"not_picked":["PiercingWail","Prepared"],"picked":"Skewer","floor":10},{"not_picked":["Sucker Punch","Acrobatics"],"picked":"Poisoned Stab","floor":11},{"not_picked":["Bouncing Flask","All Out Attack"],"picked":"Blade Dance","floor":12},{"not_picked":["Reflex","Quick Slash"],"picked":"Flying Knee","floor":14},{"not_picked":["Tools of the Trade","Phantasmal Killer"],"picked":"Night Terror","floor":16},{"not_picked":["Finisher","Reflex"],"picked":"Deflect","floor":18},{"not_picked":["Dodge and Roll","Prepared"],"picked":"Sucker Punch","floor":21},{"not_picked":["infinitespire:Oblivion","infinitespire:Starlight"],"picked":"infinitespire:Collect","floor":22},{"not_picked":["Acrobatics+1","Deflect"],"picked":"Footwork","floor":23},{"not_picked":["Blur","Choke"],"picked":"Slice","floor":24},{"not_picked":["Blur","A Thousand Cuts"],"picked":"Footwork","floor":25},{"not_picked":["Dash","Sucker Punch+1"],"picked":"Flying Knee+1","floor":27},{"not_picked":["Eviscerate","Sucker Punch"],"picked":"Predator+1","floor":28},{"not_picked":["Backflip","Storm of Steel"],"picked":"Poisoned Stab","floor":30},{"not_picked":["Underhanded Strike","Acrobatics"],"picked":"Bane+1","floor":31},{"not_picked":["Unload","Glass Knife"],"picked":"After Image","floor":33},{"not_picked":["Flying Knee","Backflip"],"picked":"Deadly Poison+1","floor":35},{"not_picked":["Quick Slash","Deadly Poison+1"],"picked":"Backstab+1","floor":36},{"not_picked":["Dodge and Roll+1","Leg Sweep+1"],"picked":"Infinite Blades+1","floor":37},{"not_picked":["Dagger Spray+1","Prepared+1"],"picked":"After Image","floor":40},{"not_picked":["Eviscerate+1","Predator"],"picked":"Blade Dance+1","floor":41},{"not_picked":["Skewer","Bouncing Flask+1"],"picked":"Outmaneuver+1","floor":42},{"not_picked":["Poisoned Stab","Storm of Steel+1"],"picked":"Backflip+1","floor":44},{"not_picked":["Outmaneuver+1","Well Laid Plans+1"],"picked":"Blade Dance+1","floor":45},{"not_picked":["Flying Knee","Deflect+1"],"picked":"Leg Sweep+1","floor":46},{"not_picked":["Outmaneuver+1","Dagger Throw"],"picked":"PiercingWail+1","floor":47},{"not_picked":["Quick Slash+1","Bane+1"],"picked":"Flying Knee+1","floor":48},{"not_picked":["Dagger Spray","Concentrate+1"],"picked":"Footwork+1","floor":49}],"player_experience":151713,"relics_obtained":[{"floor":9,"key":"infinitespire:FocusingShard"},{"floor":12,"key":"infinitespire:Joker Card"},{"floor":19,"key":"Dream Catcher"},{"floor":24,"key":"MealTicket"},{"floor":26,"key":"Bronze Scales"},{"floor":27,"key":"Whetstone"},{"floor":43,"key":"Happy Flower"},{"floor":48,"key":"Mango"}],"event_choices":[{"damage_healed":0,"gold_gain":0,"player_choice":"Rummage","damage_taken":0,"relics_obtained":["WarpedTongs"],"max_hp_gain":0,"max_hp_loss":0,"event_name":"Accursed Blacksmith","floor":2,"gold_loss":0,"cards_obtained":["Pain"]},{"damage_healed":0,"gold_gain":0,"player_choice":"Lose Max HP","damage_taken":0,"relics_obtained":["Golden Idol"],"max_hp_gain":0,"max_hp_loss":5,"event_name":"Golden Idol","floor":5,"gold_loss":0},{"damage_healed":0,"gold_gain":0,"player_choice":"Relic","damage_taken":0,"max_hp_gain":0,"max_hp_loss":0,"event_name":"Wheel of Change","floor":19,"gold_loss":0},{"cards_removed":["Pain"],"damage_healed":0,"gold_gain":0,"player_choice":"Gave Gold","damage_taken":0,"max_hp_gain":0,"max_hp_loss":0,"event_name":"Beggar","floor":29,"gold_loss":75},{"damage_healed":0,"gold_gain":0,"player_choice":"Upgrade","damage_taken":0,"max_hp_gain":0,"max_hp_loss":0,"event_name":"Designer","floor":39,"gold_loss":40,"cards_upgraded":["Deflect"]}],"is_beta":false,"boss_relics":[{"not_picked":["Snecko Eye","Ring of the Serpent"],"picked":"Fusion Hammer"},{"not_picked":["Coffee Dripper","Empty Cage"],"picked":"Astrolabe"}],"items_purged_floors":[],"is_endless":false,"potions_floor_spawned":[3,10,11,21,27,30,31,35,36,45,48],"ascension_level":1}}