{"host":"w0w6jcqjdtkzk2bw","time":1608968928,"event":{"mods":["2.2 Compatiblity","AchievementEnabler","BaseMod","BetterRewards","Colored Map","Colored Powertips","DeckTracker","Downfall","Energized Spire","Friendly Minions","Highlight Path","Hubris","Infinite Spire","Marisa????????","Minty Spire (QoL Compilation)","Permanent Neow","Quick Restart","Shade Mod","StSLib","Synergy Search","Td1madao Mod","The Administrix","The Druid","The Gatherer","The Runesmith","The Spell Scribe","TheFirefly"],"gold_per_floor":[117,133,150,24,44,56,67,67,137,137,153,169,169,15,15,115,115,130,141,153,178,178,191,191,202,202,202,202,219,219,233,233,233,233],"floor_reached":33,"playtime":2588,"items_purged":[],"score":257,"play_id":"937fe9ed-10d0-4b6e-a705-f4089246afcc","local_time":"20201226024848","is_ascension_mode":true,"campfire_choices":[{"floor":8,"key":"REST"},{"data":"theDruid:PlagueClaw","floor":10,"key":"SMITH"},{"floor":15,"key":"REST"},{"floor":24,"key":"REST"},{"floor":28,"key":"REST"},{"floor":32,"key":"REST"}],"circlet_count":0,"master_deck":["theDruid:Strike_O","theDruid:Strike_O","theDruid:Strike_O","theDruid:Strike_O","theDruid:Defend_O","theDruid:Defend_O","theDruid:Defend_O","theDruid:BriarArmor","theDruid:WildSlash","theDruid:AstralShield","theDruid:Gore+1","theDruid:Resupply","theDruid:PlagueClaw+1","theDruid:ThornStrike","theDruid:NaturalAgility","theDruid:InsectSwarm","theDruid:ViralBites","theDruid:Resupply","theDruid:BlessedStrike","theDruid:ExposingSlash","theDruid:TwinStars","theDruid:ExposingSlash","theDruid:Rabid","theDruid:ThornStrike","theDruid:FuriousSlash","theDruid:WildArmor","theDruid:ThornStrike","theDruid:TakeShelter+1","theDruid:TearOpen+1","theDruid:Prowl","theDruid:HailofThorns"],"relics":["theDruid:CrownOfTheWilds","hubris:BottledRain","Frozen Eye","hubris:BlackHole","hubris:SlimyHat","Gremlin Horn"],"acts_visited":["Exordium","TheCity"],"potions_floor_usage":[11,11,16,29,33,33],"damage_taken":[{"damage":0,"enemies":"infinitespire:Voidling","floor":1,"turns":4},{"damage":0,"enemies":"Small Slimes","floor":2,"turns":4},{"damage":6,"enemies":"Cultist","floor":3,"turns":3},{"damage":13,"enemies":"3 Louse","floor":5,"turns":3},{"damage":12,"enemies":"Red Slaver","floor":6,"turns":3},{"damage":10,"enemies":"2 Fungi Beasts","floor":7,"turns":4},{"damage":10,"enemies":"Looter","floor":11,"turns":2},{"damage":3,"enemies":"Exordium Thugs","floor":12,"turns":4},{"damage":20,"enemies":"The Guardian","floor":16,"turns":11},{"damage":11,"enemies":"3 Byrds","floor":18,"turns":4},{"damage":26,"enemies":"2 Thieves","floor":19,"turns":3},{"damage":10,"enemies":"Snecko","floor":20,"turns":4},{"damage":4,"enemies":"Chosen and Byrds","floor":23,"turns":3},{"damage":27,"enemies":"Shelled Parasite and Fungi","floor":25,"turns":4},{"damage":11,"enemies":"Centurion and Healer","floor":29,"turns":4},{"damage":34,"enemies":"Snake Plant","floor":31,"turns":4},{"damage":58,"enemies":"Champ","floor":33,"turns":9}],"seed_played":"5513541173874759663","potions_obtained":[{"floor":5,"key":"Energy Potion"},{"floor":7,"key":"hexamod:EctoCoolerPotion"},{"floor":11,"key":"Fruit Juice"},{"floor":16,"key":"sneckomod:MuddlingPotion"},{"floor":18,"key":"Strength Potion"},{"floor":20,"key":"Strength Potion"},{"floor":23,"key":"Fire Potion"},{"floor":29,"key":"Guardian:BlockOnCardUsePotion"}],"is_trial":false,"path_per_floor":["M","M","M","$","M","M","M","R","T","R","M","M","?","$","R","B",null,"M","M","M","T","?","M","R","M","T","?","R","M","?","M","R","B"],"character_chosen":"DRUID","items_purchased":["theDruid:ThornStrike","theDruid:NaturalAgility","Frozen Eye"],"campfire_rested":5,"item_purchase_floors":[4,4,14],"current_hp_per_floor":[75,75,69,69,56,44,34,56,56,56,51,48,48,48,72,52,80,69,43,33,33,33,29,53,26,26,26,50,39,39,9,33,0,0],"gold":233,"neow_bonus":"TRANSFORM_CARD","is_daily":false,"chose_seed":false,"campfire_upgraded":1,"win_rate":0.0,"timestamp":1608968928,"path_taken":["M","M","?","$","M","M","M","R","T","R","?","M","?","$","R","BOSS","M","M","M","?","?","M","R","?","T","?","R","M","?","?","R","BOSS"],"items_purchased_type":["Card","Card","Relic"],"build_version":"2020-12-22","purchased_purges":0,"victory":false,"max_hp_per_floor":[75,75,75,75,75,75,75,75,75,75,80,80,80,80,80,80,80,80,80,80,80,80,80,80,80,80,80,80,80,80,80,80,80,80],"card_choices":[{"not_picked":["theDruid:WallofRoots","theDruid:Pathfinder"],"picked":"theDruid:Gore","floor":1},{"not_picked":["theDruid:Forage","theDruid:Thornburst"],"picked":"theDruid:Resupply","floor":2},{"not_picked":["theDruid:WallofRoots","theDruid:TwilightsCall"],"picked":"theDruid:PlagueClaw","floor":3},{"not_picked":["theDruid:Gore","theDruid:Impale"],"picked":"theDruid:InsectSwarm","floor":5},{"not_picked":["theDruid:TwilightsCall","theDruid:Impale"],"picked":"theDruid:ViralBites","floor":6},{"not_picked":["theDruid:RockSlide","theDruid:Rummage"],"picked":"theDruid:Resupply","floor":7},{"not_picked":["theDruid:BloodiedFur","theDruid:Recoil"],"picked":"theDruid:BlessedStrike","floor":11},{"not_picked":["theDruid:Recoil","theDruid:BackupSupplies"],"picked":"theDruid:ExposingSlash","floor":12},{"not_picked":["theDruid:SurvivalCache","theDruid:ApexPredator"],"picked":"theDruid:Rabid","floor":16},{"not_picked":["theDruid:WallofRoots","theDruid:Gore"],"picked":"theDruid:ThornStrike","floor":18},{"not_picked":["theDruid:Rummage","theDruid:ThickHide"],"picked":"theDruid:FuriousSlash","floor":19},{"not_picked":["theDruid:BackupSupplies","theDruid:Recoil+1"],"picked":"theDruid:WildArmor","floor":20},{"not_picked":["theDruid:Recoil","theDruid:Thornburst"],"picked":"theDruid:ThornStrike","floor":23},{"not_picked":["theDruid:FuriousSlash","theDruid:NaturalAgility+1"],"picked":"theDruid:TakeShelter+1","floor":25},{"not_picked":["theDruid:Gore+1","theDruid:Untamed+1"],"picked":"theDruid:Prowl","floor":29},{"not_picked":["theDruid:PlagueClaw","theDruid:Resupply"],"picked":"theDruid:HailofThorns","floor":31}],"player_experience":414305,"relics_obtained":[{"floor":9,"key":"hubris:BottledRain"},{"floor":21,"key":"hubris:SlimyHat"},{"floor":26,"key":"Gremlin Horn"}],"event_choices":[{"damage_healed":0,"gold_gain":0,"player_choice":"2 cards matched","damage_taken":0,"max_hp_gain":0,"max_hp_loss":0,"event_name":"Match and Keep!","floor":13,"gold_loss":0,"cards_obtained":["theDruid:TwinStars","theDruid:ExposingSlash"]},{"damage_healed":0,"gold_gain":0,"player_choice":"Upgraded","damage_taken":0,"max_hp_gain":0,"max_hp_loss":0,"event_name":"Upgrade Shrine","floor":22,"gold_loss":0,"cards_upgraded":["theDruid:Gore"]},{"damage_healed":0,"gold_gain":0,"player_choice":"Forge","damage_taken":0,"max_hp_gain":0,"max_hp_loss":0,"event_name":"Accursed Blacksmith","floor":30,"gold_loss":0,"cards_upgraded":["theDruid:TearOpen"]}],"is_beta":false,"boss_relics":[{"not_picked":["energizedSpire:MagnifyingGlass","energizedSpire:StickyHand"],"picked":"hubris:BlackHole"}],"items_purged_floors":[],"is_endless":false,"potions_floor_spawned":[5,7,11,16,18,20,23,29],"killed_by":"Champ","ascension_level":1}}