{"host":"lvhfn8l5bvc4nolx","time":1608998601,"event":{"mods":["AchievementEnabler","BaseMod","Colored Map","Keyboard Shortcuts","Minty Spire (QoL Compilation)","Permanent Neow","Quick Restart","SuperFastMode"],"gold_per_floor":[359,137,150,161,161,161,194,194,276,276,309,45,58,76,76,76,76],"floor_reached":16,"playtime":309,"items_purged":["Strike_R","Strike_R"],"score":209,"play_id":"a6a23a78-8cd3-4a67-8f92-eaed954eed7e","local_time":"20201227010321","is_ascension_mode":true,"campfire_choices":[{"data":"Body Slam","floor":6,"key":"SMITH"},{"floor":10,"key":"REST"},{"data":"Apotheosis","floor":15,"key":"SMITH"}],"circlet_count":0,"master_deck":["AscendersBane","Strike_R","Strike_R","Strike_R","Defend_R","Defend_R","Defend_R","Defend_R","Bash","Thunderclap","Sentinel","Dropkick","Intimidate","Body Slam+1","Warcry+1","Dark Embrace","Apotheosis+1","Second Wind"],"relics":["Burning Blood","Vajra","Torii","Gremlin Horn","Du-Vu Doll"],"acts_visited":[],"potions_floor_usage":[11,14,16],"damage_taken":[{"damage":9,"enemies":"2 Louse","floor":1,"turns":2},{"damage":5,"enemies":"Small Slimes","floor":3,"turns":4},{"damage":0,"enemies":"Cultist","floor":4,"turns":3},{"damage":44,"enemies":"3 Sentries","floor":7,"turns":11},{"damage":22,"enemies":"Lagavulin","floor":11,"turns":3},{"damage":1,"enemies":"Exordium Thugs","floor":13,"turns":4},{"damage":9,"enemies":"Blue Slaver","floor":14,"turns":4},{"damage":31,"enemies":"Slime Boss","floor":16,"turns":5}],"seed_played":"-610381366070229003","potions_obtained":[{"floor":3,"key":"Block Potion"},{"floor":7,"key":"EssenceOfSteel"},{"floor":14,"key":"Fruit Juice"}],"is_trial":false,"path_per_floor":["M","$","M","M","?","R","E","?","T","R","E","$","M","M","R","B"],"character_chosen":"IRONCLAD","items_purchased":["Sentinel","Dropkick","Apotheosis"],"campfire_rested":1,"item_purchase_floors":[2,2,12],"current_hp_per_floor":[69,69,70,72,54,54,16,16,16,37,21,21,26,28,28,0,0],"gold":76,"neow_bonus":"TWO_FIFTY_GOLD","is_daily":false,"chose_seed":false,"campfire_upgraded":2,"win_rate":0.0,"timestamp":1608998601,"path_taken":["M","$","M","M","?","R","E","?","T","R","E","$","M","?","R","BOSS"],"items_purchased_type":["Card","Card","Card"],"build_version":"2020-12-22","purchased_purges":2,"victory":false,"max_hp_per_floor":[72,72,72,72,72,72,72,72,72,72,72,72,72,77,77,77,77],"card_choices":[{"not_picked":["Iron Wave","Sword Boomerang"],"picked":"Thunderclap","floor":1},{"not_picked":["Iron Wave","Sever Soul"],"picked":"Intimidate","floor":3},{"not_picked":["Sever Soul","Body Slam","Wild Strike"],"picked":"SKIP","floor":4},{"not_picked":["Sever Soul","Wild Strike"],"picked":"Body Slam","floor":4},{"not_picked":["Limit Break","Demon Form"],"picked":"Warcry","floor":7},{"not_picked":["Infernal Blade","Rage"],"picked":"Dark Embrace","floor":11},{"not_picked":["Clash","Infernal Blade","Shockwave"],"picked":"SKIP","floor":13},{"not_picked":["Power Through","Armaments"],"picked":"Second Wind","floor":14}],"player_experience":341770,"relics_obtained":[{"floor":7,"key":"Torii"},{"floor":9,"key":"Gremlin Horn"},{"floor":11,"key":"Du-Vu Doll"}],"event_choices":[{"damage_healed":0,"gold_gain":0,"player_choice":"Success","damage_taken":18,"relics_obtained":["Vajra"],"max_hp_gain":0,"max_hp_loss":0,"event_name":"Scrap Ooze","floor":5,"gold_loss":0},{"damage_healed":0,"gold_gain":0,"player_choice":"Upgraded","damage_taken":0,"max_hp_gain":0,"max_hp_loss":0,"event_name":"Upgrade Shrine","floor":8,"gold_loss":0,"cards_upgraded":["Warcry"]}],"is_beta":false,"boss_relics":[],"items_purged_floors":[2,12],"is_endless":false,"potions_floor_spawned":[3,7,14],"killed_by":"Slime Boss","ascension_level":11}}