{"host":"309cd6jyiw3t7f6r","time":1608975099,"event":{"mods":["ATMod(阿瑾Mod)","Act Like it!","BaseMod","CapriCore","Downfall","Gensokyo","HololiveMod","KinomotoSakuraMod(木之本?)","Koishi","KomeijiMod","Marisa（霧雨　魔理沙）","Minty Spire (QoL Compilation)","MostiFishMod","Prisma Mod","READ ME - Guardian Mod","Remilia（蕾米莉?）","RumiaBox-露米?的神秘盒子","StSLib","The Administrix","The Animator","The Cursed","The Immortal","WarShipGirlsR/??少女R mod","Yakumo Yukari mod","Youmu（魂魄妖?）","【角色mod】十八桐人"],"gold_per_floor":[215,215,215,229,249,249,269,269,269,157,157,184,71,71,71,173,173,185,185,185,185,197,197,77,106,130,130,130],"floor_reached":27,"playtime":2103,"items_purged":["Koishi:BasicDefend"],"score":262,"play_id":"a6fe8c10-ebd3-4c35-ac2a-b9221fa8408b","local_time":"20201226173139","is_ascension_mode":true,"campfire_choices":[{"data":"AT_CaressingTears","floor":6,"key":"SMITH"},{"data":"Koishi:Heartbroken","floor":8,"key":"SMITH"},{"data":"Koishi:FidgetySnatcher","floor":15,"key":"SMITH"},{"data":"Gensokyo:FourOfAKind","floor":23,"key":"SMITH"}],"circlet_count":0,"master_deck":["Koishi:BasicStrike","Koishi:BasicStrike","Koishi:BasicStrike","Koishi:BasicStrike","Koishi:BasicDefend","Koishi:BasicDefend","Koishi:BasicDefend","Koishi:Provoke","AT_CaressingTears+1","Koishi:GhostParty","Koishi:FleetingPhantom","Koishi:Heartbroken+1","Koishi:FidgetySnatcher+1","Koishi:SubconsciousSweep","Koishi:SubterraneanRose","Gensokyo:TarnishedGold","Koishi:TerrifyingSpectre","MostiFishMod:FrostNova","MostiFishMod:WinterMarkForm","Koishi:RacingHeart","Gensokyo:FourOfAKind","Gensokyo:FourOfAKind+1","Gensokyo:FourOfAKind","Gensokyo:FourOfAKind","Koishi:MindStellarRelief","sneckomod:UnknownRarePower","Koishi:PerfectMindControl","Koishi:FidgetySnatcher","Koishi:UnansweredLove"],"relics":["Koishi:ImaginaryFriend","DaveBox","AT_ATBox","MetatronsCube","SynthV:TestCard","Happy Flower","AT_ArchangelStaff","MealTicket","Bronze Scales","FrostBlade","Centennial Puzzle","Gensokyo:SpiderMask","Molten Egg 2","Bag of Preparation"],"acts_visited":["Gensokyo:Gensokyo","Gensokyo:Gensokyoer"],"potions_floor_usage":[7,16,16,25],"damage_taken":[{"damage":2,"enemies":"Gensokyo:2_Kodama","floor":1,"turns":3},{"damage":1,"enemies":"Gensokyo:3_Fairies","floor":4,"turns":5},{"damage":2,"enemies":"Gensokyo:Gryphon","floor":5,"turns":7},{"damage":5,"enemies":"Gensokyo:5_Fairies","floor":7,"turns":9},{"damage":8,"enemies":"Gensokyo:Cirno","floor":12,"turns":6},{"damage":15,"enemies":"Gensokyo:Yukari","floor":16,"turns":11},{"damage":35,"enemies":"Gensokyo:3_Dogs","floor":18,"turns":4},{"damage":3,"enemies":"Gensokyo:2_Gloops","floor":22,"turns":7},{"damage":14,"enemies":"Gensokyo:Reisen","floor":25,"turns":5},{"damage":14,"enemies":"Gensokyo:Mirror_and_Dog","floor":27,"turns":1}],"seed_played":"-2847105231538310109","potions_obtained":[{"floor":4,"key":"DuplicationPotion"},{"floor":5,"key":"Regen Potion"},{"floor":7,"key":"Strength Potion"},{"floor":22,"key":"hexamod:EctoCoolerPotion"}],"is_trial":false,"path_per_floor":["M","?","T","M","M","R","M","R","T","$","?","E","COS","?","R","B",null,"M","?","?","?","M","R","?","E","T","M"],"character_chosen":"KOISHI","items_purchased":["Koishi:FidgetySnatcher"],"campfire_rested":0,"item_purchase_floors":[10],"current_hp_per_floor":[58,58,58,57,55,55,60,60,60,60,60,54,54,60,60,47,66,31,31,31,31,28,28,28,14,14,0,0],"gold":130,"neow_bonus":"HUNDRED_GOLD","is_daily":false,"chose_seed":false,"campfire_upgraded":4,"win_rate":0.0,"timestamp":1608975099,"path_taken":["M","?","?","?","M","R","M","R","T","$","?","E","COS","?","R","BOSS","M","?","?","?","M","R","?","E","T","M"],"items_purchased_type":["Card"],"build_version":"2020-12-22","purchased_purges":1,"victory":false,"max_hp_per_floor":[60,60,60,60,60,60,60,60,60,60,60,60,60,66,66,66,66,66,47,47,47,47,47,47,47,47,47,47],"card_choices":[{"not_picked":["Koishi:GeneticsOfTheUnconscious","Koishi:DreadfulBlow","Koishi:DanmakuParanoia"],"picked":"SKIP","floor":1},{"not_picked":["Koishi:IdleWhim","Koishi:Jaunt","Koishi:Vanish","Koishi:ParalyzingFear"],"picked":"Koishi:GhostParty","floor":4},{"not_picked":["Koishi:MindNumbingTerror","Koishi:ApparitionsStalkTheNight","Koishi:PhantomBarrier","Koishi:GhostParty"],"picked":"Koishi:FleetingPhantom","floor":5},{"not_picked":["Koishi:BloodcurdlingScream","Koishi:HeartfeltFancy","Koishi:SubterraneanRose","Koishi:UnansweredLove"],"picked":"Koishi:Heartbroken","floor":7},{"not_picked":["Koishi:StingingMind","Koishi:MindNumbingTerror","Koishi:UnconsciousUprising","Koishi:ApparitionsStalkTheNight"],"picked":"Koishi:UnansweredLove","floor":11},{"not_picked":["Koishi:MindNumbingTerror","Koishi:SpiritedAway","Koishi:DNAsFlaw","Koishi:ReleaseOfTheId"],"picked":"Koishi:SubconsciousSweep","floor":11},{"not_picked":["Koishi:PhantomStrike","Koishi:UnconsciousUrges","Koishi:GhostParty","Koishi:ConditionedTeleport"],"picked":"Koishi:SubterraneanRose","floor":12},{"not_picked":["Koishi:Heartbroken","Koishi:FadingMemory","Koishi:GrowingPain","Koishi:SuperEgo"],"picked":"Koishi:TerrifyingSpectre","floor":16},{"not_picked":["Koishi:FleetingPhantom","Koishi:JumpScare","Koishi:UnconsciousUrges","Koishi:UnseenTerror"],"picked":"Koishi:RacingHeart","floor":18},{"not_picked":["Koishi:RuptureMind","Koishi:Heartbroken","Koishi:RollingInRichesHeart","Koishi:MentalBreakdown"],"picked":"Koishi:PerfectMindControl","floor":22},{"not_picked":["Koishi:PerfectMindControl","Koishi:CatchAndRose+1","Koishi:GhostParty","Koishi:UnansweredLove"],"picked":"Koishi:FidgetySnatcher","floor":22},{"not_picked":["Koishi:Bloodlust","Koishi:FleetingPhantom","Koishi:BramblyRoseGarden","Koishi:RacingHeart+1"],"picked":"Koishi:UnansweredLove","floor":25}],"player_experience":354990,"relics_obtained":[{"floor":1,"key":"SynthV:TestCard"},{"floor":3,"key":"AT_ArchangelStaff"},{"floor":9,"key":"MealTicket"},{"floor":12,"key":"Bronze Scales"},{"floor":25,"key":"Molten Egg 2"},{"floor":26,"key":"Bag of Preparation"}],"event_choices":[],"is_beta":false,"boss_relics":[{"not_picked":["Busted Crown","Runic Pyramid"],"picked":"FrostBlade"}],"items_purged_floors":[10],"is_endless":false,"potions_floor_spawned":[4,5,7,22],"killed_by":"Gensokyo:Mirror_and_Dog","ascension_level":1}}