{"host":"36ls4ricihodphgx","time":1608981678,"event":{"mods":["AchievementEnabler","BaseMod","Colored Map","Downfall","Hermit","HololiveMod","Marisa????????","Minty Spire (QoL Compilation)","Replay The Spire","StSLib","The Animator","The Cursed","The Servant 0.9.4"],"gold_per_floor":[119,139,139,17,92,92,16,16,16,29,29,47,47,57,57,154,154,174,174,174,188,113,113,113],"floor_reached":23,"playtime":773,"items_purged":["TheCursedMod:ForbiddenAlchemy+1"],"score":179,"play_id":"8c607bfd-f0bb-4b17-af55-5b3da819070c","local_time":"20201226042118","is_ascension_mode":false,"campfire_choices":[{"data":"TheCursedMod:EmpowerCircles","floor":6,"key":"SMITH"},{"data":"TheCursedMod:CircleOfFocus","floor":8,"key":"SMITH"},{"data":"TheCursedMod:CircleOfFlame","floor":11,"key":"SMITH"},{"data":"TheCursedMod:Hemoplague","floor":13,"key":"SMITH"},{"floor":15,"key":"REST"}],"circlet_count":0,"master_deck":["TheCursedMod:Strike_TheCursed","TheCursedMod:Strike_TheCursed","TheCursedMod:Strike_TheCursed","TheCursedMod:Strike_TheCursed","TheCursedMod:Defend_TheCursed","TheCursedMod:Defend_TheCursed","TheCursedMod:Defend_TheCursed","TheCursedMod:Defend_TheCursed","TheCursedMod:CursedWand","TheCursedMod:CleanUpWorkshop","TheCursedMod:Dregs","TheCursedMod:Stigma","TheCursedMod:RapidMovement","TheCursedMod:CircleOfFlame+1","TheCursedMod:EmpowerCircles+1","TheCursedMod:CircleOfFocus+1","TheCursedMod:Hemoplague+1","TheCursedMod:Torture","TheCursedMod:OutForBlood","TheCursedMod:CursedShiv+1","TheCursedMod:Torture"],"relics":["TheCursedMod:BlackMagic101","Garlic","Sozu"],"acts_visited":["Exordium","TheCity"],"potions_floor_usage":[2,12,14,16,16,16,16],"damage_taken":[{"damage":7,"enemies":"Small Slimes","floor":1,"turns":5},{"damage":11,"enemies":"Jaw Worm","floor":2,"turns":5},{"damage":3,"enemies":"2 Louse","floor":10,"turns":3},{"damage":0,"enemies":"2 Fungi Beasts","floor":12,"turns":2},{"damage":27,"enemies":"Gremlin Gang","floor":14,"turns":5},{"damage":34,"enemies":"The Guardian","floor":16,"turns":8},{"damage":8,"enemies":"Chosen","floor":18,"turns":5},{"damage":12,"enemies":"3 Byrds","floor":21,"turns":4},{"damage":61,"enemies":"Slavers","floor":23,"turns":3}],"seed_played":"4317449707374916531","potions_obtained":[],"is_trial":false,"path_per_floor":["M","M","?","$","?","R","$","R","T","M","R","M","R","M","R","B",null,"M","?","?","M","$","E"],"character_chosen":"THE_CURSED","items_purchased":["TheCursedMod:CircleOfFlame","TheCursedMod:EmpowerCircles","TheCursedMod:CircleOfFocus"],"campfire_rested":1,"item_purchase_floors":[4,4,7],"current_hp_per_floor":[68,57,57,57,46,46,46,46,46,43,43,43,43,16,38,4,75,67,67,67,55,55,0,0],"gold":113,"neow_bonus":"ONE_RANDOM_RARE_CARD","is_daily":false,"chose_seed":false,"campfire_upgraded":4,"win_rate":0.0,"timestamp":1608981678,"path_taken":["M","M","?","?","?","R","?","R","T","M","R","?","R","M","R","BOSS","M","?","?","?","$","E"],"items_purchased_type":["Card","Card","Card"],"build_version":"2020-12-22","purchased_purges":1,"victory":false,"max_hp_per_floor":[75,75,75,75,75,75,75,75,75,75,75,75,75,75,75,75,75,75,75,75,75,75,75,75],"card_choices":[{"not_picked":["TheCursedMod:CursedStaff","TheCursedMod:SmokeScreen"],"picked":"TheCursedMod:Stigma","floor":1},{"not_picked":["TheCursedMod:SurpriseAttack","TheCursedMod:Stretching"],"picked":"TheCursedMod:RapidMovement","floor":2},{"not_picked":["TheCursedMod:RavingStaff","TheCursedMod:SmokeScreen","TheCursedMod:Obscuration"],"picked":"SKIP","floor":10},{"not_picked":["TheCursedMod:Wield","TheCursedMod:CursedRelics"],"picked":"TheCursedMod:Hemoplague","floor":12},{"not_picked":["TheCursedMod:CursedShiv","TheCursedMod:CircleOfBlood"],"picked":"TheCursedMod:Torture","floor":14},{"not_picked":["TheCursedMod:Neurasthenia","TheCursedMod:CircleOfAbyss"],"picked":"TheCursedMod:OutForBlood","floor":16},{"not_picked":["TheCursedMod:Stretching","TheCursedMod:Evocation"],"picked":"TheCursedMod:CursedShiv+1","floor":18},{"not_picked":["TheCursedMod:TacticalStrike+1","TheCursedMod:Obscuration"],"picked":"TheCursedMod:Torture","floor":21}],"player_experience":25568,"relics_obtained":[{"floor":9,"key":"Garlic"}],"event_choices":[{"damage_healed":0,"gold_gain":75,"player_choice":"Gather Gold","damage_taken":11,"max_hp_gain":0,"max_hp_loss":0,"event_name":"World of Goop","floor":5,"gold_loss":0},{"damage_healed":0,"gold_gain":0,"player_choice":"Ignored","damage_taken":0,"max_hp_gain":0,"max_hp_loss":0,"event_name":"Ghosts","floor":19,"gold_loss":0},{"damage_healed":0,"gold_gain":0,"player_choice":"Ignored","damage_taken":0,"max_hp_gain":0,"max_hp_loss":0,"event_name":"N\u0027loth","floor":20,"gold_loss":0}],"is_beta":false,"boss_relics":[{"not_picked":["TheCursedMod:BlackMagicAdvanced","Hololive_TopUpMoneyS"],"picked":"Sozu"}],"items_purged_floors":[22],"is_endless":false,"potions_floor_spawned":[2,10,21],"killed_by":"Slavers","ascension_level":0}}