{"host":"p9jk0mlyvhgdzcz4","time":1608952214,"event":{"mods":["BaseMod","Colored Map","Minty Spire (QoL Compilation)","Quick Restart","SuperFastMode"],"gold_per_floor":[118,118,118,136,86,119,119,119,119,134,153,153,166,180,180,280,280,297,153,163,163,178,178,178,178],"floor_reached":24,"playtime":680,"items_purged":["Defend_B"],"score":223,"play_id":"7b0f88a9-1a7e-4bc5-9846-7df9d68c22aa","local_time":"20201225211014","is_ascension_mode":false,"campfire_choices":[{"floor":7,"key":"RECALL"},{"data":"Go for the Eyes","floor":15,"key":"SMITH"},{"data":"Defragment","floor":23,"key":"SMITH"}],"circlet_count":0,"master_deck":["Strike_B","Strike_B","Defend_B","Defend_B","Defend_B","Zap+1","Dualcast+1","Go for the Eyes+1","Capacitor","Lockon","Cold Snap","Self Repair","Glacier+1","Defragment+1","Barrage"],"relics":["Cracked Core","NeowsBlessing","Letter Opener","Cables","Inserter","Pantograph"],"acts_visited":["Exordium","TheCity"],"potions_floor_usage":[20,24],"damage_taken":[{"damage":0,"enemies":"Small Slimes","floor":1,"turns":1},{"damage":0,"enemies":"Jaw Worm","floor":4,"turns":1},{"damage":0,"enemies":"Lagavulin","floor":6,"turns":1},{"damage":0,"enemies":"Cultist","floor":10,"turns":3},{"damage":4,"enemies":"Blue Slaver","floor":11,"turns":2},{"damage":6,"enemies":"Gremlin Gang","floor":13,"turns":3},{"damage":0,"enemies":"Looter","floor":14,"turns":2},{"damage":22,"enemies":"The Guardian","floor":16,"turns":11},{"damage":5,"enemies":"Chosen","floor":18,"turns":3},{"damage":12,"enemies":"Spheric Guardian","floor":20,"turns":4},{"damage":30,"enemies":"Snake Plant","floor":22,"turns":5},{"damage":59,"enemies":"Gremlin Leader","floor":24,"turns":7}],"seed_played":"4290957814572532585","potions_obtained":[{"floor":10,"key":"Ancient Potion"},{"floor":11,"key":"Fire Potion"},{"floor":14,"key":"EssenceOfDarkness"},{"floor":20,"key":"SkillPotion"}],"is_trial":false,"path_per_floor":["M","?","?","M","?","E","R","?","T","M","M","?","M","M","R","B",null,"M","$","M","?","M","R","E"],"character_chosen":"DEFECT","items_purchased":["Defragment"],"campfire_rested":0,"item_purchase_floors":[19],"current_hp_per_floor":[75,80,80,80,80,80,80,80,80,80,76,76,70,70,70,55,80,80,80,75,75,52,52,0,0],"gold":178,"neow_bonus":"THREE_ENEMY_KILL","is_daily":false,"chose_seed":false,"campfire_upgraded":2,"win_rate":0.0,"timestamp":1608952214,"path_taken":["M","?","?","M","?","E","R","?","T","?","M","?","?","M","R","BOSS","M","$","M","?","M","R","E"],"items_purchased_type":["Card"],"build_version":"2020-12-22","purchased_purges":1,"victory":false,"max_hp_per_floor":[75,80,80,80,80,80,80,80,80,80,80,80,80,80,80,80,80,80,80,80,80,80,80,80,80],"card_choices":[{"not_picked":["Coolheaded","Rebound"],"picked":"Go for the Eyes","floor":1},{"not_picked":["Recycle","Turbo"],"picked":"Capacitor","floor":4},{"not_picked":["Skim","Hologram"],"picked":"Lockon","floor":6},{"not_picked":["Redo","Go for the Eyes","Compile Driver"],"picked":"SKIP","floor":10},{"not_picked":["Stack","Fission"],"picked":"Cold Snap","floor":11},{"not_picked":["Double Energy","Compile Driver","Chaos"],"picked":"SKIP","floor":13},{"not_picked":["Go for the Eyes","Genetic Algorithm"],"picked":"Self Repair","floor":14},{"not_picked":["Turbo+1","Chaos+1"],"picked":"Glacier+1","floor":18},{"not_picked":["Force Field","Undo","Coolheaded"],"picked":"SKIP","floor":20},{"not_picked":["Fusion","Hologram"],"picked":"Barrage","floor":22}],"player_experience":11114,"relics_obtained":[{"floor":6,"key":"Letter Opener"},{"floor":9,"key":"Cables"}],"event_choices":[{"damage_healed":0,"gold_gain":0,"player_choice":"Donut","damage_taken":0,"max_hp_gain":5,"max_hp_loss":0,"event_name":"Big Fish","floor":2,"gold_loss":0},{"damage_healed":0,"gold_gain":0,"player_choice":"Grow","damage_taken":0,"max_hp_gain":0,"max_hp_loss":0,"event_name":"Living Wall","floor":3,"gold_loss":0,"cards_upgraded":["Zap"]},{"cards_removed":["Strike_B"],"damage_healed":0,"gold_gain":0,"player_choice":"Card Removal","damage_taken":0,"max_hp_gain":0,"max_hp_loss":0,"event_name":"The Cleric","floor":5,"gold_loss":50},{"damage_healed":0,"gold_gain":0,"player_choice":"Upgraded","damage_taken":0,"max_hp_gain":0,"max_hp_loss":0,"event_name":"Upgrade Shrine","floor":8,"gold_loss":0,"cards_upgraded":["Dualcast"]},{"cards_removed":["Strike_B"],"damage_healed":0,"gold_gain":0,"player_choice":"Purged","damage_taken":0,"max_hp_gain":0,"max_hp_loss":0,"event_name":"Purifier","floor":12,"gold_loss":0},{"damage_healed":0,"gold_gain":0,"player_choice":"Opened","damage_taken":0,"relics_obtained":["Pantograph"],"max_hp_gain":0,"max_hp_loss":0,"event_name":"The Mausoleum","floor":21,"gold_loss":0}],"is_beta":false,"boss_relics":[{"not_picked":["Sozu","Astrolabe"],"picked":"Inserter"}],"items_purged_floors":[19],"is_endless":false,"potions_floor_spawned":[10,11,14,16,20,22],"killed_by":"Gremlin Leader","ascension_level":0}}