{"host":"h5acbxt0wmjo1kpm","time":1608956142,"event":{"mods":["2.2 Compatiblity","Act Like it!","AlwaysNeverKeys","Aspiration","Bartender","BaseMod","Better Third Choice","Colored Map","Elementarium","Gensokyo","GifTheSpireLib","Hallownest","Marisa????????","Minty Spire (QoL Compilation)","Permanent Neow","Potionbrewer","Relic Filter","Replay The Spire","Robot Space Explorer","RumiaBox-????????","Shade Mod","Spicy Shops","StSLib","Strawberry Spire","The Blackbeard","The Dragon Tamer","The Forsaken","The Gatherer","The Problem Sleuth","The Servant 0.9.4","Wandering Minibosses","vexMod"],"gold_per_floor":[119,119,138,138,154,154,183,183,183,183,209,226,260,15,15,15,15],"floor_reached":16,"playtime":908,"items_purged":[],"score":211,"play_id":"8e671532-1cce-4c13-9bd1-8c0aaa515a5d","local_time":"20201225201542","is_ascension_mode":true,"campfire_choices":[{"data":"CutThroughFate","floor":6,"key":"SMITH"},{"data":"Replay:ManipulateFuture","floor":8,"key":"SMITH"},{"data":"CutThroughFate","floor":15,"key":"SMITH"}],"circlet_count":0,"master_deck":["AscendersBane","Strike_P","Strike_P","Defend_P","Defend_P","Defend_P","Defend_P","Eruption","Vigilance","Shade:CarefulCut+1","CutThroughFate+1","Vengeance","SandsOfTime+1","Replay:ManipulateFuture+1","Dagger Throw","Flying Knee","Bane","Replay:DivineShield+1","DeusExMachina+1","CutThroughFate+1","ThirdEye"],"relics":["PureWater","TungstenRod","Strawberry","Whetstone","ZombieArmy","War Paint","MealTicket"],"acts_visited":["Hallownest:Greenpath"],"potions_floor_usage":[7,16],"damage_taken":[{"damage":0,"enemies":"Hallownest:monsterHuskGuard","floor":1,"turns":4},{"damage":0,"enemies":"Hallownest:monsterHuskWarrior","floor":3,"turns":3},{"damage":4,"enemies":"2_ Uuma","floor":5,"turns":4},{"damage":15,"enemies":"Hallownest:eliteMossKnight","floor":7,"turns":8},{"damage":4,"enemies":"Hallownest:eliteVengeflyKing","floor":11,"turns":4},{"damage":4,"enemies":"Hallownest:Guard_and_Warrior","floor":12,"turns":4},{"damage":0,"enemies":"Hallownest:eliteMossKnight","floor":13,"turns":3},{"damage":47,"enemies":"Hallownest:BossHornet","floor":16,"turns":7}],"seed_played":"890801537844607210","potions_obtained":[{"floor":5,"key":"SkillPotion"},{"floor":12,"key":"Languid Potion"},{"floor":13,"key":"Reflective Coating"}],"is_trial":false,"path_per_floor":["M","$","M","?","M","R","E","R","T","?","E","M","E","$","R","B"],"character_chosen":"WATCHER","items_purchased":["ThirdEye","MealTicket"],"campfire_rested":0,"item_purchase_floors":[14,14],"current_hp_per_floor":[65,65,65,65,61,61,53,53,53,53,49,45,45,45,45,0,0],"gold":15,"neow_bonus":"ONE_RARE_RELIC","is_daily":false,"chose_seed":false,"campfire_upgraded":3,"win_rate":0.0,"timestamp":1608956142,"path_taken":["M","$","M","?","M","R","E","R","T","?","E","M","E","$","R","BOSS"],"items_purchased_type":["Card","Relic"],"build_version":"2020-12-22","purchased_purges":0,"victory":false,"max_hp_per_floor":[72,72,72,72,72,72,79,79,79,79,79,79,79,79,79,79,79],"card_choices":[{"not_picked":["FollowUp","BowlingBash"],"picked":"CutThroughFate","floor":1},{"not_picked":["LikeWater","Replay:Cycle"],"picked":"Vengeance","floor":3},{"not_picked":["Prostrate","WindmillStrike"],"picked":"SandsOfTime","floor":5},{"not_picked":["ThirdEye","LikeWater"],"picked":"Replay:ManipulateFuture","floor":7},{"not_picked":["Evaluate","SignatureMove"],"picked":"Replay:DivineShield","floor":11},{"not_picked":["Replay:AtTheReady","DeceiveReality"],"picked":"DeusExMachina","floor":12},{"not_picked":["Wireheading","BattleHymn"],"picked":"CutThroughFate","floor":13}],"player_experience":1947136,"relics_obtained":[{"floor":7,"key":"Strawberry"},{"floor":9,"key":"Whetstone"},{"floor":11,"key":"ZombieArmy"},{"floor":13,"key":"War Paint"}],"event_choices":[],"is_beta":false,"boss_relics":[],"items_purged_floors":[],"is_endless":false,"potions_floor_spawned":[5,12,13],"killed_by":"Hallownest:BossHornet","ascension_level":12}}