{"host":"d50bw6kybq14xu1u","time":1608970726,"event":{"mods":["BaseMod","Colored Map","Colored Powertips","Minty Spire (QoL Compilation)","Quick Restart"],"gold_per_floor":[109,109,129,141,155,188,218,247,247,247,247,274,287,297,297,402,402,422,422,337,349,372,416,440,486,572,584,611,643,671,696,708,822,834,857,882,82,101,119,119,452,452,506,60,80,113,113,125,125,125],"floor_reached":51,"playtime":4958,"items_purged":[],"score":784,"play_id":"dbfbc854-c9b8-46a9-a776-2aa1ebd3440d","local_time":"20201226161846","is_ascension_mode":true,"campfire_choices":[{"floor":10,"key":"REST"},{"floor":15,"key":"REST"},{"floor":27,"key":"REST"},{"floor":32,"key":"REST"},{"data":"Accuracy","floor":40,"key":"SMITH"},{"floor":49,"key":"REST"}],"circlet_count":0,"master_deck":["Strike_G","Strike_G","Strike_G","Strike_G","Strike_G","Defend_G","Defend_G","Defend_G","Survivor","Neutralize+1","Well Laid Plans","Blade Dance","Deadly Poison","Caltrops","Calculated Gamble","Heel Hook","Cloak And Dagger","Venomology+1","Flying Knee","Endless Agony+1","Prepared","Dagger Spray","Sucker Punch+1","Tools of the Trade","CurseOfTheBell","Underhanded Strike","Accuracy+1","Blade Dance+1","Dagger Throw+1","Quick Slash"],"relics":["Busted Crown","Mercury Hourglass","Odd Mushroom","Mummified Hand","Darkstone Periapt","Shuriken","SacredBark","MawBank","Orichalcum","StoneCalendar","Toxic Egg 2","Calling Bell","Anchor","Blue Candle","CaptainsWheel","HandDrill","Thread and Needle","PreservedInsect","Old Coin","Omamori","Strange Spoon","Tingsha","Boot"],"acts_visited":["Exordium","TheCity","TheBeyond"],"potions_floor_usage":[8,12,16,22,23,23,24,24,25,25,28,29,30,31,33,33,33,39,50,50],"damage_taken":[{"damage":2,"enemies":"Small Slimes","floor":1,"turns":4},{"damage":0,"enemies":"Cultist","floor":3,"turns":4},{"damage":3,"enemies":"Jaw Worm","floor":4,"turns":3},{"damage":11,"enemies":"Blue Slaver","floor":5,"turns":3},{"damage":29,"enemies":"Lagavulin","floor":6,"turns":7},{"damage":5,"enemies":"The Mushroom Lair","floor":7,"turns":3},{"damage":12,"enemies":"Gremlin Nob","floor":8,"turns":4},{"damage":8,"enemies":"Lagavulin","floor":12,"turns":5},{"damage":1,"enemies":"2 Fungi Beasts","floor":13,"turns":2},{"damage":16,"enemies":"Large Slime","floor":14,"turns":4},{"damage":17,"enemies":"Slime Boss","floor":16,"turns":9},{"damage":0,"enemies":"3 Byrds","floor":18,"turns":3},{"damage":0,"enemies":"Chosen","floor":22,"turns":3},{"damage":35,"enemies":"Slavers","floor":23,"turns":4},{"damage":5,"enemies":"Snecko","floor":24,"turns":4},{"damage":26,"enemies":"Gremlin Leader","floor":25,"turns":8},{"damage":7,"enemies":"Snake Plant","floor":28,"turns":3},{"damage":15,"enemies":"Cultist and Chosen","floor":29,"turns":6},{"damage":10,"enemies":"Snecko","floor":30,"turns":5},{"damage":19,"enemies":"Sentry and Sphere","floor":31,"turns":5},{"damage":58,"enemies":"Automaton","floor":33,"turns":8},{"damage":3,"enemies":"Orb Walker","floor":35,"turns":3},{"damage":16,"enemies":"3 Shapes","floor":36,"turns":6},{"damage":7,"enemies":"Transient","floor":38,"turns":5},{"damage":17,"enemies":"4 Shapes","floor":39,"turns":6},{"damage":26,"enemies":"Nemesis","floor":41,"turns":6},{"damage":14,"enemies":"3 Darklings","floor":45,"turns":4},{"damage":9,"enemies":"Reptomancer","floor":46,"turns":4},{"damage":21,"enemies":"Jaw Worm Horde","floor":48,"turns":4},{"damage":50,"enemies":"Donu and Deca","floor":50,"turns":6}],"seed_played":"2654021335239051873","potions_obtained":[{"floor":1,"key":"FairyPotion"},{"floor":6,"key":"Poison Potion"},{"floor":8,"key":"SkillPotion"},{"floor":12,"key":"SmokeBomb"},{"floor":14,"key":"SkillPotion"},{"floor":18,"key":"Strength Potion"},{"floor":24,"key":"LiquidBronze"},{"floor":29,"key":"Regen Potion"},{"floor":30,"key":"BlessingOfTheForge"},{"floor":39,"key":"EssenceOfSteel"},{"floor":46,"key":"DistilledChaos"}],"is_trial":false,"path_per_floor":["M","?","M","M","M","E","?","E","T","R","?","E","M","M","R","B",null,"M","?","?","?","M","E","M","E","T","R","M","M","M","M","R","B",null,"M","M","$","M","M","R","E","?","T","$","M","E","?","M","R","B",null],"character_chosen":"THE_SILENT","items_purchased":["Accuracy","HandDrill","Thread and Needle","PreservedInsect","Blade Dance+1","DuplicationPotion","Strange Spoon","Tingsha"],"campfire_rested":5,"item_purchase_floors":[37,37,37,37,37,37,44,44],"current_hp_per_floor":[68,68,68,65,54,25,20,8,8,29,29,21,20,4,25,8,70,70,70,70,70,70,35,30,4,4,25,18,3,27,8,29,20,76,73,57,57,50,73,73,47,47,47,47,33,24,24,3,25,20],"gold":125,"neow_bonus":"BOSS_RELIC","is_daily":false,"chose_seed":false,"campfire_upgraded":1,"win_rate":0.0,"timestamp":1608970726,"path_taken":["M","?","?","M","M","E","?","E","T","R","?","E","M","M","R","BOSS","M","?","?","?","M","E","M","E","T","R","M","M","M","M","R","BOSS","M","M","$","?","M","R","E","?","T","$","M","E","?","M","R","BOSS"],"items_purchased_type":["Card","Relic","Relic","Relic","Card","Potion","Relic","Relic"],"build_version":"2020-12-22","purchased_purges":0,"victory":true,"max_hp_per_floor":[70,70,70,70,70,70,70,70,70,70,70,70,70,70,70,70,70,70,70,70,70,70,70,70,70,70,70,70,70,70,70,70,70,76,76,76,76,76,76,76,76,76,76,76,76,76,76,76,76,76],"card_choices":[{"not_picked":[],"picked":"Well Laid Plans","floor":1},{"not_picked":[],"picked":"Blade Dance","floor":3},{"not_picked":[],"picked":"Deadly Poison","floor":4},{"not_picked":[],"picked":"Caltrops","floor":5},{"not_picked":[],"picked":"Calculated Gamble","floor":6},{"not_picked":[],"picked":"Heel Hook","floor":7},{"not_picked":[],"picked":"Cloak And Dagger","floor":8},{"not_picked":["Leg Sweep"],"picked":"SKIP","floor":12},{"not_picked":["Outmaneuver"],"picked":"SKIP","floor":13},{"not_picked":[],"picked":"Escape Plan","floor":14},{"not_picked":[],"picked":"Venomology","floor":16},{"not_picked":[],"picked":"Flying Knee","floor":18},{"not_picked":[],"picked":"Endless Agony+1","floor":22},{"not_picked":["Backflip"],"picked":"SKIP","floor":23},{"not_picked":[],"picked":"Prepared","floor":24},{"not_picked":["Flying Knee"],"picked":"SKIP","floor":25},{"not_picked":[],"picked":"Dagger Spray","floor":28},{"not_picked":[],"picked":"Sucker Punch+1","floor":29},{"not_picked":["Escape Plan+1"],"picked":"SKIP","floor":30},{"not_picked":["Sucker Punch"],"picked":"SKIP","floor":31},{"not_picked":[],"picked":"Tools of the Trade","floor":33},{"not_picked":[],"picked":"Underhanded Strike","floor":35},{"not_picked":["Poisoned Stab"],"picked":"SKIP","floor":36},{"not_picked":[],"picked":"Dagger Throw+1","floor":38},{"not_picked":["Terror+1"],"picked":"SKIP","floor":39},{"not_picked":["Underhanded Strike+1"],"picked":"SKIP","floor":41},{"not_picked":[],"picked":"Quick Slash","floor":45},{"not_picked":["Dagger Throw"],"picked":"SKIP","floor":46},{"not_picked":["Well Laid Plans"],"picked":"SKIP","floor":48}],"player_experience":21039,"relics_obtained":[{"floor":6,"key":"Mercury Hourglass"},{"floor":7,"key":"Odd Mushroom"},{"floor":8,"key":"Mummified Hand"},{"floor":9,"key":"Darkstone Periapt"},{"floor":12,"key":"Shuriken"},{"floor":23,"key":"Orichalcum"},{"floor":25,"key":"StoneCalendar"},{"floor":26,"key":"Toxic Egg 2"},{"floor":34,"key":"Anchor"},{"floor":34,"key":"Blue Candle"},{"floor":34,"key":"CaptainsWheel"},{"floor":41,"key":"Old Coin"},{"floor":43,"key":"Omamori"},{"floor":46,"key":"Boot"}],"event_choices":[{"cards_removed":["Defend_G"],"damage_healed":0,"gold_gain":0,"player_choice":"Purged","damage_taken":0,"max_hp_gain":0,"max_hp_loss":0,"event_name":"Purifier","floor":2,"gold_loss":0},{"damage_healed":0,"gold_gain":0,"player_choice":"Fought Mushrooms","damage_taken":0,"max_hp_gain":0,"max_hp_loss":0,"event_name":"Mushrooms","floor":7,"gold_loss":0},{"damage_healed":0,"gold_gain":0,"player_choice":"Grow","damage_taken":0,"max_hp_gain":0,"max_hp_loss":0,"event_name":"Living Wall","floor":11,"gold_loss":0,"cards_upgraded":["Neutralize"]},{"damage_healed":0,"gold_gain":0,"player_choice":"Ignored","damage_taken":0,"max_hp_gain":0,"max_hp_loss":0,"event_name":"Ghosts","floor":19,"gold_loss":0},{"damage_healed":0,"gold_gain":0,"player_choice":"Obtained Relic","damage_taken":0,"relics_obtained":["MawBank"],"max_hp_gain":0,"max_hp_loss":0,"event_name":"Addict","floor":20,"gold_loss":85},{"damage_healed":0,"gold_gain":0,"player_choice":"Forge","damage_taken":0,"max_hp_gain":0,"max_hp_loss":0,"event_name":"Accursed Blacksmith","floor":21,"gold_loss":0,"cards_upgraded":["Venomology"]},{"cards_removed":["Escape Plan"],"damage_healed":0,"gold_gain":0,"player_choice":"Removed Skill","damage_taken":0,"max_hp_gain":0,"max_hp_loss":0,"event_name":"Falling","floor":42,"gold_loss":0},{"cards_removed":["Defend_G"],"damage_healed":0,"gold_gain":0,"player_choice":"Purged","damage_taken":0,"max_hp_gain":0,"max_hp_loss":0,"event_name":"Purifier","floor":47,"gold_loss":0}],"is_beta":false,"boss_relics":[{"not_picked":["Velvet Choker","SlaversCollar"],"picked":"SacredBark"},{"not_picked":["Cursed Key","Runic Pyramid"],"picked":"Calling Bell"}],"items_purged_floors":[],"is_endless":false,"potions_floor_spawned":[1,6,8,12,14,18,24,29,30,38,39,41,46],"ascension_level":1}}