{"host":"3asmp5aovk69ekg9","time":1608959834,"event":{"mods":["BaseMod","BetterRewards","Colored Powertips","Hermit","Koishi","Magitek Elite","Minty Spire (QoL Compilation)","Permanent Neow","Remove Card Discount Mod","Shade Mod","StSLib","The Alterego","The Cursed","The Death Knight","The Fake Hero","The IronCluck","The Marked","The Senshi","The Wild Card"],"gold_per_floor":[117,133,9,9,29,29,58,58,81,107,120,135,167,8,8,107,107,118,118,118,118,129,163,163,197,197,197,213,241,254,266,266,368,368,385,465,465,428,446,476,493,493,519,536,536,536,569,377,377,377,377,377,131,161,161],"floor_reached":56,"playtime":7067,"items_purged":["theMarked:SoldierOfQuellstein","theMarked:Defend","theMarked:Strike","theMarked:Strike","theMarked:Strike","theMarked:Strike","theMarked:Strike","theMarked:Defend","theMarked:ParalyzingBlade","theMarked:Parkour+1","theMarked:ChainLightning+1","theMarked:Defend","theMarked:Defend"],"score":1835,"play_id":"8f1613ee-de7f-4f91-b5c1-621fbc58d86a","local_time":"20201225211714","is_ascension_mode":true,"campfire_choices":[{"data":"Apotheosis","floor":6.0,"key":"SMITH"},{"floor":15.0,"key":"REST"},{"floor":24.0,"key":"RECALL"},{"data":"theMarked:GodGivenPower","floor":27.0,"key":"SMITH"},{"data":"theMarked:HeritageOfTheMarked","floor":32.0,"key":"SMITH"},{"data":"theMarked:Polarize","floor":49,"key":"SMITH"},{"data":"Panacea","floor":52,"key":"SMITH"}],"circlet_count":0,"master_deck":["Apotheosis+1","theMarked:GodGivenPower","Good Instincts","theMarked:HeightenedSenses","theMarked:StartUp+1","theMarked:GodGivenPower+1","theMarked:Indomitable","theMarked:HeritageOfTheMarked+1","theMarked:Levitate","theMarked:Aftermath","theMarked:WardOff","theMarked:Electrocute+1","theMarked:Aftermath","theMarked:SuspiciousRaven","theMarked:Aftermath","theMarked:HeightenedSenses","theMarked:HeritageOfTheMarked+1","Good Instincts","theMarked:Polarize+1","theMarked:Challenge","Enlightenment","Finesse","Panacea+1","Bandage Up","Finesse"],"relics":["theMarked:ArtifactOfAir","Pear","Membership Card","Matryoshka","Molten Egg 2","Gremlin Horn","Medical Kit","Potion Belt","theMarked:VonisonLock","Smiling Mask","Shuriken","theMarked:KettuFlask","Bird Faced Urn","Coffee Dripper","MutagenicStrength","InkBottle","Anchor","Meat on the Bone","Letter Opener","PreservedInsect","Sozu","White Beast Statue","StrikeDummy","Akabeko","Unceasing Top","Happy Flower","Bag of Marbles","theSenshi:SuperSailorFukuRelic","Lantern","HornCleat"],"acts_visited":["Exordium","TheCity","TheBeyond","TheEnding"],"potions_floor_usage":[55,55],"damage_taken":[{"damage":0.0,"enemies":"Jaw Worm","floor":1.0,"turns":5.0},{"damage":7.0,"enemies":"Small Slimes","floor":2.0,"turns":3.0},{"damage":0.0,"enemies":"Cultist","floor":5.0,"turns":3.0},{"damage":3.0,"enemies":"Lagavulin","floor":7.0,"turns":5.0},{"damage":2.0,"enemies":"3 Sentries","floor":10.0,"turns":5.0},{"damage":12.0,"enemies":"Gremlin Gang","floor":11.0,"turns":5.0},{"damage":6.0,"enemies":"Red Slaver","floor":12.0,"turns":4.0},{"damage":0.0,"enemies":"Lagavulin","floor":13.0,"turns":5.0},{"damage":11.0,"enemies":"The Guardian","floor":16.0,"turns":7.0},{"damage":0.0,"enemies":"Spheric Guardian","floor":18.0,"turns":5.0},{"damage":1.0,"enemies":"Chosen","floor":22.0,"turns":4.0},{"damage":29.0,"enemies":"Book of Stabbing","floor":23.0,"turns":5.0},{"damage":18.0,"enemies":"Gremlin Leader","floor":25.0,"turns":5.0},{"damage":9.0,"enemies":"3 Cultists","floor":28.0,"turns":4.0},{"damage":9.0,"enemies":"Book of Stabbing","floor":29.0,"turns":5.0},{"damage":0.0,"enemies":"Centurion and Healer","floor":30.0,"turns":4.0},{"damage":3.0,"enemies":"Snecko","floor":31.0,"turns":4.0},{"damage":14.0,"enemies":"Champ","floor":33.0,"turns":5.0},{"damage":9.0,"enemies":"Orb Walker","floor":35.0,"turns":3.0},{"damage":0.0,"enemies":"3 Shapes","floor":39.0,"turns":3.0},{"damage":16.0,"enemies":"Nemesis","floor":40.0,"turns":5.0},{"damage":34.0,"enemies":"Spire Growth","floor":41.0,"turns":4.0},{"damage":0.0,"enemies":"Jaw Worm Horde","floor":44.0,"turns":3.0},{"damage":24,"enemies":"Reptomancer","floor":47,"turns":3},{"damage":21,"enemies":"Awakened One","floor":50,"turns":7},{"damage":22,"enemies":"Shield and Spear","floor":54,"turns":4},{"damage":71,"enemies":"The Heart","floor":55,"turns":7}],"seed_played":"2639758063828772862","potions_obtained":[{"floor":7.0,"key":"Swift Potion"},{"floor":10.0,"key":"PowerPotion"},{"floor":12.0,"key":"DuplicationPotion"},{"floor":13.0,"key":"Block Potion"},{"floor":18.0,"key":"DistilledChaos"},{"floor":25.0,"key":"Strength Potion"},{"floor":30.0,"key":"FearPotion"},{"floor":31.0,"key":"Weak Potion"}],"is_trial":false,"path_per_floor":["M","M","$","?","M","R","E","?","T","E","M","M","E","$","R","B",null,"M","?","?","?","M","E","R","E","T","R","M","E","M","M","R","B",null,"M","T","?","$","M","E","M","?","T","M","?","?","E","$","R","B",null,"R","$","E","B",null],"character_chosen":"THE_DEFAULT","items_purchased":["Apotheosis","theMarked:GodGivenPower","Pear","Good Instincts","Membership Card","Matryoshka","theMarked:HeightenedSenses","Molten Egg 2","Gremlin Horn","theMarked:StartUp+1","Medical Kit","theMarked:Indomitable","Bird Faced Urn","theMarked:Polarize","Happy Flower","Bag of Marbles","Bandage Up","theSenshi:SuperSailorFukuRelic","Lantern","Finesse"],"campfire_rested":1,"item_purchase_floors":[0,0,0,0,0,0,0,0,0,0,3,3,14,38,48,48,48,53,53,53],"current_hp_per_floor":[38,31,31,31,31,31,28,28,28,26,14,8,8,8,32,27,80,80,80,80,80,80,55,55,43,43,43,52,49,55,60,60,54,80,71,71,71,71,79,68,52,52,52,60,50,50,44,44,44,49,80,80,80,62,17],"gold":161,"neow_bonus":"","is_daily":false,"chose_seed":false,"campfire_upgraded":5,"win_rate":0.0,"timestamp":1608959834,"path_taken":["M","M","$","?","M","R","E","?","T","E","M","M","E","$","R","BOSS","M","?","?","?","M","E","R","E","T","R","?","E","?","M","R","BOSS","M","?","?","$","?","E","?","?","T","M","?","?","E","?","R","BOSS","R","$","E","BOSS"],"items_purchased_type":["Card","Card","Relic","Card","Relic","Relic","Card","Relic","Relic","Card","Relic","Card","Relic","Card","Relic","Relic","Card","Relic","Relic","Card"],"build_version":"2020-12-22","purchased_purges":13,"victory":true,"max_hp_per_floor":[80,80,80,80,80,80,80,80,80,80,80,80,80,80,80,80,80,80,80,80,80,80,80,80,80,80,80,80,80,80,80,80,80,80,80,80,80,80,80,80,80,80,80,80,80,80,80,80,80,80,80,80,80,80,80],"card_choices":[{"not_picked":["theMarked:SwordAndMagic+1","theMarked:TwofoldDefense"],"picked":"theMarked:ChainLightning+1","floor":1.0},{"not_picked":["theMarked:Generate","theMarked:EmpowerWeapon"],"picked":"theMarked:GodGivenPower","floor":2.0},{"not_picked":["theMarked:Electrocute+1","theMarked:ChainLightning+1"],"picked":"theMarked:WardOff","floor":5.0},{"not_picked":["theMarked:Snap+1","theMarked:Parkour+1"],"picked":"theMarked:WardOff","floor":7.0},{"not_picked":["theMarked:EnhanceMovement","theMarked:ContemptForTheProud+1","theMarked:Parkour+1"],"picked":"SKIP","floor":10.0},{"not_picked":["theMarked:Parkour+1","theMarked:Overthink"],"picked":"theMarked:Electrocute+1","floor":11.0},{"not_picked":["theMarked:SelfDefenseTraining+1","theMarked:ResourceFulStrike+1","theMarked:WastefulAttack+1"],"picked":"SKIP","floor":12.0},{"not_picked":["theMarked:ElectricStrings+1","theMarked:BanishingWave+1"],"picked":"theMarked:Aftermath","floor":13.0},{"not_picked":["theMarked:ThrowWeapon+1","theMarked:TakeOffHeels"],"picked":"theMarked:SuspiciousRaven","floor":16.0},{"not_picked":["theMarked:ElectricStrings+1","theMarked:DeterminationOfTheMarked"],"picked":"theMarked:Aftermath","floor":18.0},{"not_picked":["theMarked:ResourceFulStrike+1","theMarked:Indomitable"],"picked":"theMarked:HeightenedSenses","floor":22.0},{"not_picked":["theMarked:RepellingDischarge+1","theMarked:Snap+1","theMarked:TwofoldDefense"],"picked":"SKIP","floor":23.0},{"not_picked":["theMarked:HeightenedSenses","theMarked:Generate","theMarked:ContemptForTheProud+1"],"picked":"SKIP","floor":25.0},{"not_picked":["theMarked:RepellingDischarge","theMarked:Parkour+1","theMarked:WastefulAttack+1"],"picked":"SKIP","floor":28.0},{"not_picked":["theMarked:Seal+1","theMarked:Overcharge","theMarked:Electrify"],"picked":"SKIP","floor":29.0},{"not_picked":["theMarked:TwofoldDefense","theMarked:Polarize"],"picked":"theMarked:HeritageOfTheMarked","floor":30.0},{"not_picked":["theMarked:EmpowerWeapon+1","theMarked:TwofoldDefense+1","theMarked:WastefulAttack+1"],"picked":"SKIP","floor":31.0},{"not_picked":["theMarked:SwordAndMagic+1","theMarked:TwofoldDefense","theMarked:RogueSparks"],"picked":"SKIP","floor":35.0},{"not_picked":["theMarked:Frustration+1","theMarked:StartUp+1","theMarked:EmpowerWeapon"],"picked":"SKIP","floor":39.0},{"not_picked":["theMarked:Frustration+1","theMarked:StartUp+1","theMarked:WardOff"],"picked":"SKIP","floor":40.0},{"not_picked":["theMarked:Frustration+1","theMarked:WardOff+1"],"picked":"theMarked:Challenge","floor":41.0},{"not_picked":["theMarked:SwordAndMagic+1","theMarked:TwofoldDefense","theMarked:Aftermath"],"picked":"SKIP","floor":44.0},{"not_picked":["Flash of Steel+1","Violence"],"picked":"Enlightenment","floor":45.0},{"not_picked":["Jack Of All Trades","Mind Blast+1"],"picked":"Finesse","floor":45.0},{"not_picked":["Purity","Apotheosis"],"picked":"Panacea","floor":45.0},{"not_picked":["theMarked:EmpowerWeapon+1","theMarked:Defy+1","theMarked:StartUp+1"],"picked":"SKIP","floor":47},{"not_picked":["theMarked:BanishingWave+1","theMarked:EternalStudent","theMarked:WastefulAttack+1"],"picked":"SKIP","floor":54}],"player_experience":1127188,"relics_obtained":[{"floor":7.0,"key":"Potion Belt"},{"floor":9.0,"key":"Smiling Mask"},{"floor":10.0,"key":"Shuriken"},{"floor":13.0,"key":"theMarked:KettuFlask"},{"floor":23.0,"key":"InkBottle"},{"floor":25.0,"key":"Anchor"},{"floor":26.0,"key":"Meat on the Bone"},{"floor":26.0,"key":"Letter Opener"},{"floor":29.0,"key":"PreservedInsect"},{"floor":36.0,"key":"White Beast Statue"},{"floor":40.0,"key":"StrikeDummy"},{"floor":43.0,"key":"Akabeko"},{"floor":47,"key":"Unceasing Top"},{"floor":54,"key":"HornCleat"}],"event_choices":[{"damage_healed":0.0,"max_hp_gain":0.0,"max_hp_loss":0.0,"gold_gain":0.0,"event_name":"Dead Adventurer","player_choice":"Searched \u00271\u0027 times","floor":8.0,"gold_loss":0.0,"damage_taken":0.0,"relics_obtained":["theMarked:VonisonLock"]},{"damage_healed":0.0,"max_hp_gain":0.0,"max_hp_loss":0.0,"gold_gain":0.0,"event_name":"Drug Dealer","player_choice":"Inject Mutagens","floor":19.0,"gold_loss":0.0,"damage_taken":0.0,"relics_obtained":["MutagenicStrength"]},{"damage_healed":0.0,"max_hp_gain":0.0,"max_hp_loss":0.0,"gold_gain":0.0,"event_name":"Ghosts","player_choice":"Ignored","floor":20.0,"gold_loss":0.0,"damage_taken":0.0},{"damage_healed":0.0,"max_hp_gain":0.0,"max_hp_loss":0.0,"gold_gain":0.0,"event_name":"Upgrade Shrine","player_choice":"Upgraded","floor":21.0,"gold_loss":0.0,"damage_taken":0.0,"cards_upgraded":["theMarked:HeritageOfTheMarked"]},{"damage_healed":0.0,"max_hp_gain":0.0,"max_hp_loss":0.0,"gold_gain":0.0,"event_name":"Duplicator","player_choice":"Copied","floor":37.0,"gold_loss":0.0,"damage_taken":0.0,"cards_obtained":["Good Instincts"]},{"cards_removed":["theMarked:WardOff"],"damage_healed":0.0,"max_hp_gain":0.0,"max_hp_loss":0.0,"gold_gain":0.0,"event_name":"Falling","player_choice":"Removed Skill","floor":42.0,"gold_loss":0.0,"damage_taken":0.0},{"damage_healed":0.0,"max_hp_gain":0.0,"max_hp_loss":0.0,"gold_gain":0.0,"event_name":"SensoryStone","player_choice":"Memory 3","floor":45.0,"gold_loss":0.0,"damage_taken":10.0},{"damage_healed":0.0,"max_hp_gain":0.0,"max_hp_loss":0.0,"gold_gain":0.0,"event_name":"Tomb of Lord Red Mask","player_choice":"Ignored","floor":46.0,"gold_loss":0.0,"damage_taken":0.0}],"is_beta":false,"boss_relics":[{"not_picked":["Snecko Eye","Calling Bell"],"picked":"Coffee Dripper"},{"not_picked":["theSenshi:MoonKaleidoScopeRelic","theMarked:BronzeBlade"],"picked":"Sozu"}],"items_purged_floors":[0,0,3,3,3,3,3,14,14,14,14,14,38],"is_endless":false,"potions_floor_spawned":[7,10,12,13,18,25,30,31,39,40,41,44,47,54],"ascension_level":4}}