{"host":"vucub2jtaeo9vgh1","time":1608944580,"event":{"mods":["BaseMod","BetterRewards","Minty Spire (QoL Compilation)","Quick Restart","Slay-I","StSLib"],"gold_per_floor":[118,130,141,141,154,166,91,120,167,194,194,225,242,261,261,360,360,373,298,309,325,45,78,91,91,114,114,40,40,40,57,57,162,162,177,187,39,56,56,56,89,89,141,141,141],"floor_reached":44,"playtime":1433,"items_purged":["Strike_P","BattleHymn"],"score":505,"play_id":"f3ca3173-5218-43cb-8ebf-47727a04e97e","local_time":"20201226020300","is_ascension_mode":false,"campfire_choices":[{"data":"Tantrum","floor":15,"key":"SMITH"},{"data":"Eruption","floor":27,"key":"SMITH"},{"data":"Conclude","floor":30,"key":"SMITH"},{"data":"ConjureBlade","floor":32,"key":"SMITH"},{"data":"SpiritShield","floor":40,"key":"SMITH"},{"data":"Tantrum","floor":42,"key":"SMITH"}],"circlet_count":0,"master_deck":["Strike_P","Strike_P","Defend_P","Defend_P","Defend_P","Defend_P","Eruption+1","Vigilance","Tantrum+1","Consecrate","EmptyBody","WindmillStrike+1","ThirdEye","DeusExMachina","Halt","Conclude+1","FollowUp","Tantrum+1","ConjureBlade+1","SpiritShield+1","Halt","Vault"],"relics":["PureWater","NeowsBlessing","Meat on the Bone","Pantograph","Bag of Preparation","Vajra","Runic Pyramid","Strange Spoon","Frozen Egg 2","MealTicket","Nloth\u0027s Gift","Black Star","InkBottle","Letter Opener"],"acts_visited":["Exordium","TheCity","TheBeyond"],"potions_floor_usage":[6,6,10,12,20],"damage_taken":[{"damage":0,"enemies":"Jaw Worm","floor":1,"turns":1},{"damage":0,"enemies":"Small Slimes","floor":2,"turns":1},{"damage":0,"enemies":"Cultist","floor":3,"turns":1},{"damage":0,"enemies":"2 Fungi Beasts","floor":5,"turns":2},{"damage":9,"enemies":"Large Slime","floor":6,"turns":3},{"damage":10,"enemies":"3 Sentries","floor":8,"turns":4},{"damage":0,"enemies":"Gremlin Nob","floor":10,"turns":2},{"damage":13,"enemies":"Lagavulin","floor":12,"turns":5},{"damage":0,"enemies":"Blue Slaver","floor":13,"turns":2},{"damage":17,"enemies":"Exordium Thugs","floor":14,"turns":3},{"damage":46,"enemies":"Hexaghost","floor":16,"turns":5},{"damage":0,"enemies":"Shell Parasite","floor":18,"turns":2},{"damage":8,"enemies":"3 Byrds","floor":20,"turns":4},{"damage":0,"enemies":"Snecko","floor":21,"turns":3},{"damage":2,"enemies":"Gremlin Leader","floor":23,"turns":5},{"damage":21,"enemies":"Shelled Parasite and Fungi","floor":24,"turns":4},{"damage":14,"enemies":"Centurion and Healer","floor":31,"turns":3},{"damage":22,"enemies":"Automaton","floor":33,"turns":6},{"damage":13,"enemies":"3 Shapes","floor":35,"turns":4},{"damage":3,"enemies":"Orb Walker","floor":36,"turns":2},{"damage":19,"enemies":"Spire Growth","floor":38,"turns":4},{"damage":16,"enemies":"Reptomancer","floor":41,"turns":6}],"seed_played":"-768920371603851135","potions_obtained":[{"floor":1,"key":"Block Potion"},{"floor":2,"key":"Block Potion"},{"floor":8,"key":"Fire Potion"},{"floor":12,"key":"Fruit Juice"},{"floor":14,"key":"GamblersBrew"},{"floor":18,"key":"Dexterity Potion"},{"floor":24,"key":"Ancient Potion"},{"floor":33,"key":"EssenceOfSteel"}],"is_trial":false,"path_per_floor":["M","M","M","?","M","M","$","E","T","E","?","E","M","M","R","B",null,"M","?","M","M","$","E","M","?","T","R","$","?","R","M","R","B",null,"M","M","$","M","?","R","E","R","T","M"],"character_chosen":"WATCHER","items_purchased":["Strange Spoon","FollowUp","Tantrum","Vault"],"campfire_rested":0,"item_purchase_floors":[22,22,28,37],"current_hp_per_floor":[72,72,72,65,65,56,56,46,46,46,46,50,50,45,45,36,77,77,77,69,69,69,67,46,71,71,71,77,77,77,63,63,55,77,64,61,76,57,57,57,41,41,41,0,0],"gold":141,"neow_bonus":"THREE_ENEMY_KILL","is_daily":false,"chose_seed":false,"campfire_upgraded":6,"win_rate":0.0,"timestamp":1608944580,"path_taken":["M","M","M","?","M","M","$","E","T","E","?","E","?","M","R","BOSS","M","?","M","M","$","E","M","?","T","R","$","?","R","M","R","BOSS","M","M","$","M","?","R","E","R","T","M"],"items_purchased_type":["Relic","Card","Card","Card"],"build_version":"2020-12-22","purchased_purges":2,"victory":false,"max_hp_per_floor":[72,72,72,72,72,72,72,72,72,72,72,77,77,77,77,77,77,77,77,77,77,77,77,77,77,77,77,77,77,77,77,77,77,77,77,77,77,77,77,77,77,77,77,77,77],"card_choices":[{"not_picked":["EmptyMind","Wallop"],"picked":"Tantrum","floor":1},{"not_picked":["Evaluate","ThirdEye","Adaptation"],"picked":"SKIP","floor":2},{"not_picked":["BowlingBash","Indignation"],"picked":"Consecrate","floor":3},{"not_picked":["ThirdEye","ClearTheMind"],"picked":"BattleHymn","floor":5},{"not_picked":["CrushJoints","Vengeance"],"picked":"EmptyBody","floor":6},{"not_picked":["SignatureMove","Scrawl","Indignation"],"picked":"SKIP","floor":8},{"not_picked":["Perseverance","Pray"],"picked":"WindmillStrike","floor":10},{"not_picked":["Weave","Study","FlurryOfBlows"],"picked":"SKIP","floor":12},{"not_picked":["FollowUp","CrushJoints"],"picked":"ThirdEye","floor":13},{"not_picked":["Nirvana","Prostrate","FlyingSleeves"],"picked":"SKIP","floor":14},{"not_picked":["Establishment","Blasphemy"],"picked":"DeusExMachina","floor":16},{"not_picked":["Tantrum","SashWhip+1"],"picked":"Halt","floor":18},{"not_picked":["Protect","EmptyFist+1"],"picked":"Conclude","floor":20},{"not_picked":["ForeignInfluence","Vengeance","FollowUp"],"picked":"SKIP","floor":21},{"not_picked":["EmptyBody","Evaluate","WheelKick"],"picked":"SKIP","floor":23},{"not_picked":["EmptyBody+1","PathToVictory","Blasphemy"],"picked":"SKIP","floor":24},{"not_picked":["SashWhip","Prostrate"],"picked":"ConjureBlade","floor":31},{"not_picked":["Establishment+1","Omniscience"],"picked":"SpiritShield","floor":33},{"not_picked":["ReachHeaven+1","WheelKick","LikeWater+1"],"picked":"SKIP","floor":35},{"not_picked":["FlurryOfBlows+1","Fasting2+1"],"picked":"Halt","floor":36},{"not_picked":["MentalFortress+1","FlurryOfBlows","EmptyMind"],"picked":"SKIP","floor":38},{"not_picked":["Consecrate+1","BowlingBash+1","CrushJoints+1"],"picked":"SKIP","floor":41}],"player_experience":260577,"relics_obtained":[{"floor":8,"key":"Pantograph"},{"floor":9,"key":"Bag of Preparation"},{"floor":10,"key":"Art of War"},{"floor":12,"key":"Vajra"},{"floor":23,"key":"Frozen Egg 2"},{"floor":26,"key":"MealTicket"},{"floor":41,"key":"InkBottle"},{"floor":41,"key":"Letter Opener"}],"event_choices":[{"damage_healed":0,"gold_gain":0,"player_choice":"Success","damage_taken":7,"relics_obtained":["Meat on the Bone"],"max_hp_gain":0,"max_hp_loss":0,"event_name":"Scrap Ooze","floor":4,"gold_loss":0},{"damage_healed":0,"gold_gain":0,"player_choice":"Upgraded","damage_taken":0,"max_hp_gain":0,"max_hp_loss":0,"event_name":"Upgrade Shrine","floor":11,"gold_loss":0,"cards_upgraded":["WindmillStrike"]},{"cards_removed":["Strike_P"],"damage_healed":0,"gold_gain":0,"player_choice":"Gave Gold","damage_taken":0,"max_hp_gain":0,"max_hp_loss":0,"event_name":"Beggar","floor":19,"gold_loss":75},{"damage_healed":25,"gold_gain":0,"player_choice":"Heal","damage_taken":0,"max_hp_gain":0,"max_hp_loss":0,"event_name":"The Library","floor":25,"gold_loss":0},{"damage_healed":0,"gold_gain":0,"player_choice":"Traded Relic","damage_taken":0,"relics_obtained":["Nloth\u0027s Gift"],"max_hp_gain":0,"max_hp_loss":0,"event_name":"N\u0027loth","floor":29,"relics_lost":["Art of War"],"gold_loss":0},{"damage_healed":0,"gold_gain":0,"player_choice":"Memory 1","damage_taken":0,"max_hp_gain":0,"max_hp_loss":0,"event_name":"SensoryStone","floor":39,"gold_loss":0}],"is_beta":false,"boss_relics":[{"not_picked":["VioletLotus","Busted Crown"],"picked":"Runic Pyramid"},{"not_picked":["Velvet Choker","Astrolabe"],"picked":"Black Star"}],"items_purged_floors":[7,22],"is_endless":false,"potions_floor_spawned":[1,2,8,12,14,18,24,33,35],"killed_by":"Sphere and 2 Shapes","ascension_level":0}}