{"host":"hgkb2zpbo2dcws21","time":1608982784,"event":{"mods":["AchievementEnabler","BaseMod","Colored Map","Colored Powertips","Custom Start","DeckTracker","KOR Keyword Fix","Minty Spire (QoL Compilation)","Relic Stats","StSLib","SuperFastMode"],"gold_per_floor":[111,111,36,36,48,48,81,81,130,156,156,56,79,97,97,188,188,209,232,147,22,22,65,65,108,132,132,151,201,201,201,201],"floor_reached":31,"playtime":690,"items_purged":["Defend_P","Strike_P","Strike_P"],"score":592,"play_id":"d0a3bed7-c9e2-42b9-b986-93e77a22383c","local_time":"20201226203944","is_ascension_mode":true,"campfire_choices":[{"data":"Eruption","floor":6,"key":"SMITH"},{"data":"Vengeance","floor":8,"key":"SMITH"},{"data":"Adaptation","floor":15,"key":"SMITH"},{"floor":30,"key":"REST"}],"circlet_count":0,"master_deck":["AscendersBane","Strike_P+1","Defend_P","Defend_P","Defend_P","Eruption+1","Vigilance+1","Prostrate","Vengeance+1","Halt","Adaptation+1","Tantrum","InnerPeace","DevaForm","EmptyBody+1","FlurryOfBlows"],"relics":["PureWater","NeowsBlessing","Bag of Preparation","Omamori","Toy Ornithopter","Bloody Idol","VioletLotus","TeardropLocket","Question Card","Matryoshka","The Courier","CeramicFish","Oddly Smooth Stone"],"acts_visited":["Exordium","TheCity"],"potions_floor_usage":[23,25],"damage_taken":[{"damage":0,"enemies":"2 Louse","floor":1,"turns":2},{"damage":0,"enemies":"Jaw Worm","floor":5,"turns":1},{"damage":0,"enemies":"Gremlin Nob","floor":7,"turns":1},{"damage":6,"enemies":"3 Sentries","floor":10,"turns":9},{"damage":2,"enemies":"Small Slimes","floor":13,"turns":4},{"damage":0,"enemies":"3 Louse","floor":14,"turns":3},{"damage":6,"enemies":"The Guardian","floor":16,"turns":10},{"damage":16,"enemies":"Shell Parasite","floor":18,"turns":5},{"damage":3,"enemies":"Chosen","floor":19,"turns":4},{"damage":0,"enemies":"Book of Stabbing","floor":23,"turns":5},{"damage":37,"enemies":"Gremlin Leader","floor":25,"turns":6},{"damage":0,"enemies":"3 Cultists","floor":28,"turns":5},{"damage":35,"enemies":"Slavers","floor":31,"turns":9}],"seed_played":"-4857364237145156031","potions_obtained":[{"floor":10,"key":"Swift Potion"},{"floor":16,"key":"FearPotion"},{"floor":23,"key":"ColorlessPotion"},{"floor":28,"key":"Strength Potion"}],"is_trial":false,"path_per_floor":["M","?","$","?","M","R","E","R","T","E","?","$","M","M","R","B",null,"M","M","?","$","?","E","T","E","T","?","M","?","R","E"],"character_chosen":"WATCHER","items_purchased":[],"campfire_rested":1,"item_purchase_floors":[],"current_hp_per_floor":[61,54,54,34,34,34,34,34,34,28,28,28,26,26,26,20,52,36,33,33,33,33,38,38,6,6,6,11,16,34,0,0],"gold":201,"neow_bonus":"THREE_ENEMY_KILL","is_daily":false,"chose_seed":false,"campfire_upgraded":3,"win_rate":0.0,"timestamp":1608982784,"path_taken":["M","?","$","?","M","R","E","R","T","E","?","$","M","M","R","BOSS","M","M","?","$","?","E","?","E","T","?","M","?","R","E"],"items_purchased_type":[],"build_version":"2020-12-22","purchased_purges":3,"victory":false,"max_hp_per_floor":[68,68,68,68,68,68,68,68,68,68,62,62,62,62,62,62,62,62,62,62,62,62,62,62,62,62,62,62,62,62,62,62],"relic_stats":{"counters":[13,64],"Bloody Idol":10,"CeramicFish":0,"VioletLotus":[22],"Bag of Preparation":[20],"Question Card":2,"obtain_stats":[{"NeowsBlessing":0,"Golden Idol":11,"CeramicFish":26,"Oddly Smooth Stone":26,"The Courier":25,"Bag of Preparation":7,"Omamori":9,"TeardropLocket":20,"Question Card":23,"Matryoshka":24,"Bloody Idol":27,"VioletLotus":17,"PureWater":0,"Toy Ornithopter":10},{"NeowsBlessing":0,"Golden Idol":4,"CeramicFish":11,"Oddly Smooth Stone":11,"The Courier":11,"Bag of Preparation":3,"Omamori":3,"TeardropLocket":9,"Question Card":10,"Matryoshka":10,"Bloody Idol":11,"VioletLotus":7,"PureWater":0,"Toy Ornithopter":4},{"NeowsBlessing":0,"Golden Idol":13,"CeramicFish":50,"Oddly Smooth Stone":50,"The Courier":50,"Bag of Preparation":4,"Omamori":4,"TeardropLocket":39,"Question Card":44,"Matryoshka":44,"Bloody Idol":50,"VioletLotus":30,"PureWater":0,"Toy Ornithopter":13}],"Toy Ornithopter":10},"card_choices":[{"not_picked":["WreathOfFlame","Swivel"],"picked":"Prostrate","floor":1},{"not_picked":["EmptyBody","PathToVictory"],"picked":"Vengeance","floor":5},{"not_picked":["Establishment","Sanctity"],"picked":"Halt","floor":7},{"not_picked":["Worship","Consecrate"],"picked":"Adaptation","floor":10},{"not_picked":["FlyingSleeves","CutThroughFate"],"picked":"Tantrum","floor":13},{"not_picked":["FollowUp","Indignation"],"picked":"InnerPeace","floor":14},{"not_picked":["Brilliance","MasterReality"],"picked":"DevaForm","floor":16},{"not_picked":["ClearTheMind","Halt","FollowUp"],"picked":"SKIP","floor":18},{"not_picked":["BowlingBash+1","ClearTheMind","Evaluate"],"picked":"SKIP","floor":19},{"not_picked":["PathToVictory","CutThroughFate"],"picked":"EmptyBody+1","floor":23},{"not_picked":["Prostrate","Pray","Tantrum+1"],"picked":"FlurryOfBlows","floor":25},{"not_picked":["EmptyFist","CrushJoints+1","FlyingSleeves+1","ThirdEye"],"picked":"SKIP","floor":28}],"player_experience":1107402,"relics_obtained":[{"floor":7,"key":"Bag of Preparation"},{"floor":9,"key":"Omamori"},{"floor":10,"key":"Toy Ornithopter"},{"floor":23,"key":"Question Card"},{"floor":24,"key":"Matryoshka"},{"floor":25,"key":"The Courier"},{"floor":26,"key":"CeramicFish"},{"floor":26,"key":"Oddly Smooth Stone"}],"event_choices":[{"cards_removed":["Strike_P"],"damage_healed":0,"gold_gain":0,"player_choice":"Card Removal","damage_taken":7,"max_hp_gain":0,"max_hp_loss":0,"event_name":"Golden Wing","floor":2,"gold_loss":0},{"damage_healed":0,"gold_gain":0,"player_choice":"Entered Light","damage_taken":20,"max_hp_gain":0,"max_hp_loss":0,"event_name":"Shining Light","floor":4,"gold_loss":0,"cards_upgraded":["Strike_P","Vigilance"]},{"damage_healed":0,"gold_gain":0,"player_choice":"Lose Max HP","damage_taken":0,"relics_obtained":["Golden Idol"],"max_hp_gain":0,"max_hp_loss":6,"event_name":"Golden Idol","floor":11,"gold_loss":0},{"damage_healed":0,"gold_gain":0,"player_choice":"Obtained Relic","damage_taken":0,"relics_obtained":["TeardropLocket"],"max_hp_gain":0,"max_hp_loss":0,"event_name":"Addict","floor":20,"gold_loss":85},{"damage_healed":0,"gold_gain":0,"player_choice":"Ignored","damage_taken":0,"max_hp_gain":0,"max_hp_loss":0,"event_name":"Cursed Tome","floor":22,"gold_loss":0},{"damage_healed":0,"gold_gain":0,"player_choice":"Gave Idol","damage_taken":0,"relics_obtained":["Bloody Idol"],"max_hp_gain":0,"max_hp_loss":0,"event_name":"Forgotten Altar","floor":27,"relics_lost":["Golden Idol"],"gold_loss":0},{"damage_healed":0,"gold_gain":50,"player_choice":"Pray","damage_taken":0,"max_hp_gain":0,"max_hp_loss":0,"event_name":"Golden Shrine","floor":29,"gold_loss":0}],"is_beta":false,"boss_relics":[{"not_picked":["Pandora\u0027s Box","Tiny House"],"picked":"VioletLotus"}],"items_purged_floors":[3,12,21],"is_endless":false,"potions_floor_spawned":[10,16,23,28],"killed_by":"Slavers","ascension_level":16}}