{"host":"fdge35r6bp5kjb91","time":1608961332,"event":{"mods":["Act Like it!","BaseMod","Downfall","Gensokyo","Marisa£®ÏF”Í°°ƒß¿Ì…≥£©","Minty Spire (QoL Compilation)","Remilia£®¿Ÿ√◊¿Ú—«£©","StSLib","The Servant 0.9.4","Youmu£®ªÍ∆«—˝√Œ£©"],"gold_per_floor":[118,128,141,156,170,195,270,270,340,364,364,364,389,422,422,551,551,572,572,588,611,611,611,611],"floor_reached":23,"playtime":2726,"items_purged":[],"score":230,"play_id":"d64cb932-742b-433e-8cf7-98d2aaaaa40a","local_time":"20201226134212","is_ascension_mode":false,"campfire_choices":[{"data":"HiganSword","floor":11,"key":"SMITH"},{"floor":15,"key":"REST"}],"circlet_count":0,"master_deck":["Strike_YM","Strike_YM","Defend_YM","Defend_YM","Defend_YM","SlashOfPresentWorld","WheelOfPainOfLivingAndDead","SlashOfMeditation","GhostSword","SwordOfBindingDesires","HiganSword+1","CherryBlossomFlashing","ConstancyOfTheConventionalTruth","Injury","SpiritCuttingSword","HellFireSword","MatsuyoiReflectingSatelliteSlash","ASingleThoughtAndInfiniteKalpas","TenKingsRetributionOnThePreta","Wrath_TH","EndlessPower","LightFlashOfTheNetherworld+1","SlashOfAscensionToBuddhahood","ObsessionWithThePresentWorld"],"relics":["HalfPhantom","Lantern","Golden Idol","StoneCalendar","Black Star"],"acts_visited":["Exordium","TheCity"],"potions_floor_usage":[16,16],"damage_taken":[{"damage":0,"enemies":"Cultist","floor":1,"turns":5},{"damage":0,"enemies":"Jaw Worm","floor":2,"turns":6},{"damage":0,"enemies":"2 Louse","floor":3,"turns":4},{"damage":2,"enemies":"Large Slime","floor":4,"turns":9},{"damage":0,"enemies":"Blue Slaver","floor":5,"turns":4},{"damage":24,"enemies":"3 Sentries","floor":6,"turns":6},{"damage":0,"enemies":"Looter","floor":10,"turns":4},{"damage":6,"enemies":"3 Louse","floor":13,"turns":4},{"damage":0,"enemies":"Lagavulin","floor":14,"turns":7},{"damage":25,"enemies":"Hexaghost","floor":16,"turns":8},{"damage":16,"enemies":"Chosen","floor":18,"turns":6},{"damage":26,"enemies":"2 Thieves","floor":20,"turns":5},{"damage":22,"enemies":"Cultist and Chosen","floor":21,"turns":8},{"damage":38,"enemies":"Slavers","floor":23,"turns":4}],"seed_played":"4531370344150008253","potions_obtained":[{"floor":1,"key":"FairyPotion"},{"floor":3,"key":"CultistPotion"},{"floor":14,"key":"AttackPotion"},{"floor":16,"key":"CausticAgent"}],"is_trial":false,"path_per_floor":["M","M","M","M","M","E","?","?","T","M","R","?","M","E","R","B",null,"M","?","M","M","?","E"],"character_chosen":"YOUMU","items_purchased":[],"campfire_rested":1,"item_purchase_floors":[],"current_hp_per_floor":[75,75,75,73,73,49,38,38,38,38,38,38,32,32,54,29,75,59,59,33,11,11,0,0],"gold":611,"neow_bonus":"REMOVE_CARD","is_daily":false,"chose_seed":false,"campfire_upgraded":1,"win_rate":0.0,"timestamp":1608961332,"path_taken":["M","?","M","M","M","E","?","?","T","M","R","?","?","E","R","BOSS","M","?","M","M","?","E"],"items_purchased_type":[],"build_version":"2020-12-22","purchased_purges":0,"victory":false,"max_hp_per_floor":[75,75,75,75,75,75,75,75,75,75,75,75,75,75,75,75,75,75,75,75,75,75,75,75],"card_choices":[{"not_picked":["PhosphoricSlash","FlashingScatteredFlowers"],"picked":"SlashOfMeditation","floor":1},{"not_picked":["LifeCuttingSword","ThreeKonsSevenHakus"],"picked":"GhostSword","floor":2},{"not_picked":["KarmicPunishmentOfTheIdleAndUnfocused","LightFlashOfTheNetherworld"],"picked":"SwordOfBindingDesires","floor":3},{"not_picked":["FlashingScatteredFlowers","ThreeKonsSevenHakus"],"picked":"HiganSword","floor":4},{"not_picked":["LifeCuttingSword","DispleasureOfTheSevenHakus"],"picked":"CherryBlossomFlashing","floor":5},{"not_picked":["SanzenSekai","DispleasureOfTheSevenHakus"],"picked":"ConstancyOfTheConventionalTruth","floor":6},{"not_picked":["TwoHundredYojanaInOneSlash","HiganSword"],"picked":"SpiritCuttingSword","floor":10},{"not_picked":["LifeCuttingSword","ThreeKonsSevenHakus"],"picked":"HellFireSword","floor":13},{"not_picked":["ObsessionWithThePresentWorld","LifeCuttingSword"],"picked":"MatsuyoiReflectingSatelliteSlash","floor":14},{"not_picked":["IrresoluteSoul","AsuraSword"],"picked":"ASingleThoughtAndInfiniteKalpas","floor":16},{"not_picked":["ConstancyOfTheConventionalTruth+1","ThreeKonsSevenHakus+1"],"picked":"TenKingsRetributionOnThePreta","floor":18},{"not_picked":["PhosphoricSlash+1","BizarrenessOfSixRealms"],"picked":"LightFlashOfTheNetherworld+1","floor":20},{"not_picked":["ConstancyOfTheConventionalTruth+1","SlashOfMeditation"],"picked":"SlashOfAscensionToBuddhahood","floor":21}],"player_experience":54394,"relics_obtained":[{"floor":6,"key":"Lantern"},{"floor":14,"key":"StoneCalendar"}],"event_choices":[{"damage_healed":0,"gold_gain":75,"player_choice":"Gather Gold","damage_taken":11,"max_hp_gain":0,"max_hp_loss":0,"event_name":"World of Goop","floor":7,"gold_loss":0},{"damage_healed":0,"gold_gain":0,"player_choice":"Take Wound","damage_taken":0,"relics_obtained":["Golden Idol"],"max_hp_gain":0,"max_hp_loss":0,"event_name":"Golden Idol","floor":8,"gold_loss":0,"cards_obtained":["Injury"]},{"cards_removed":["Defend_YM"],"damage_healed":0,"gold_gain":0,"player_choice":"Forget","damage_taken":0,"max_hp_gain":0,"max_hp_loss":0,"event_name":"Living Wall","floor":12,"gold_loss":0},{"damage_healed":0,"gold_gain":0,"cards_transformed":["Strike_YM"],"player_choice":"Transformed","damage_taken":0,"max_hp_gain":0,"max_hp_loss":0,"event_name":"Transmorgrifier","floor":22,"gold_loss":0,"cards_obtained":["ObsessionWithThePresentWorld"]}],"is_beta":false,"boss_relics":[{"not_picked":["Cursed Key","Runic Dome"],"picked":"Black Star"}],"items_purged_floors":[],"is_endless":false,"potions_floor_spawned":[1,3,14,16],"killed_by":"Slavers","ascension_level":0}}