{"host":"sdl5b0uiznq00owb","time":1608948220,"event":{"mods":["BaseMod","Minty Spire (QoL Compilation)","Permanent Neow","Relic Stats"],"gold_per_floor":[128,160,182,208,236,248,291,303,315,213,80,91,91,91,91,189,189,199,199,199,226,40,40,72,72,72,72,72,105,105,120,120,224,224,242,262,262,114,114,130,160,172,172,172,207,55,55,55,55,55],"floor_reached":51,"playtime":20636,"items_purged":["Strike_G","Strike_G"],"score":998,"play_id":"1016b3b3-0eee-4c43-b2fd-db6993a434b8","local_time":"20201225200340","is_ascension_mode":true,"campfire_choices":[{"data":"Riddle With Holes","floor":6.0,"key":"SMITH"},{"floor":8.0,"key":"REST"},{"data":"Noxious Fumes","floor":13.0,"key":"SMITH"},{"data":"Footwork","floor":15.0,"key":"SMITH"},{"data":"Apotheosis","floor":23,"key":"SMITH"},{"data":"Night Terror","floor":25,"key":"SMITH"},{"floor":28,"key":"REST"},{"data":"Poisoned Stab","floor":30,"key":"SMITH"},{"floor":32,"key":"REST"},{"data":"Adrenaline","floor":47,"key":"SMITH"},{"data":"Catalyst","floor":49,"key":"SMITH"}],"circlet_count":0,"master_deck":["Defend_G","Defend_G","Defend_G","Defend_G","Defend_G","Survivor","Neutralize","Footwork+1","Riddle With Holes+1","Calculated Gamble","Well Laid Plans","Predator","Noxious Fumes+1","Crippling Poison","Poisoned Stab+1","Adrenaline+1","Acrobatics","Apotheosis+1","Night Terror+1","Eviscerate","Skewer","Deflect+1","Deadly Poison","Cloak And Dagger","Adrenaline+1","Acrobatics","Catalyst+1","Blade Dance+1","Tactician","Escape Plan+1","Dash","Acrobatics","Backflip+1"],"relics":["Ring of the Snake","MawBank","Meat on the Bone","Kunai","Sozu","Red Mask","Prayer Wheel","Pantograph","Bottled Tornado","Cursed Key","OrangePellets","Bronze Scales","Letter Opener","Spirit Poop","Ancient Tea Set","Vajra"],"acts_visited":["Exordium","TheCity","TheBeyond"],"potions_floor_usage":[16,21],"damage_taken":[{"damage":1.0,"enemies":"Cultist","floor":1.0,"turns":4.0},{"damage":1.0,"enemies":"Jaw Worm","floor":2.0,"turns":5.0},{"damage":2.0,"enemies":"Small Slimes","floor":3.0,"turns":5.0},{"damage":6.0,"enemies":"Blue Slaver","floor":4.0,"turns":5.0},{"damage":6.0,"enemies":"3 Louse","floor":5.0,"turns":5.0},{"damage":35.0,"enemies":"Gremlin Nob","floor":7.0,"turns":4.0},{"damage":0.0,"enemies":"Large Slime","floor":12.0,"turns":5.0},{"damage":9,"enemies":"Hexaghost","floor":16,"turns":9},{"damage":7,"enemies":"Chosen","floor":18,"turns":5},{"damage":35,"enemies":"Masked Bandits","floor":21,"turns":5},{"damage":19,"enemies":"Gremlin Leader","floor":24,"turns":7},{"damage":22,"enemies":"Book of Stabbing","floor":29,"turns":7},{"damage":34,"enemies":"2 Thieves","floor":31,"turns":5},{"damage":35,"enemies":"Automaton","floor":33,"turns":8},{"damage":0,"enemies":"Orb Walker","floor":35,"turns":3},{"damage":22,"enemies":"3 Darklings","floor":36,"turns":5},{"damage":5,"enemies":"4 Shapes","floor":40,"turns":5},{"damage":4,"enemies":"Giant Head","floor":41,"turns":8},{"damage":9,"enemies":"Transient","floor":42,"turns":5},{"damage":15,"enemies":"Nemesis","floor":45,"turns":7},{"damage":6,"enemies":"Awakened One","floor":50,"turns":12}],"seed_played":"-2847446915562469176","potions_obtained":[{"floor":4.0,"key":"Explosive Potion"},{"floor":7.0,"key":"Poison Potion"},{"floor":16,"key":"Fire Potion"}],"is_trial":false,"path_per_floor":["M","M","M","M","M","R","E","R","T","$","$","M","R","?","R","B",null,"M","?","$","?","$","R","E","R","T","?","R","E","R","M","R","B",null,"M","M","?","$","?","M","E","M","T","?","E","$","R","$","R","B",null],"character_chosen":"THE_SILENT","items_purchased":["Noxious Fumes","Crippling Poison","Apotheosis","OrangePellets","Vajra"],"campfire_rested":3,"item_purchase_floors":[10,11,22,38,46],"current_hp_per_floor":[62,61,59,53,47,47,12,33,33,33,33,45,45,38,38,41,63,56,56,56,33,33,33,26,26,26,26,47,37,37,15,36,38,62,62,40,40,40,40,47,43,46,46,46,43,43,43,43,43,62],"gold":55,"neow_bonus":"RANDOM_COMMON_RELIC","is_daily":false,"chose_seed":false,"campfire_upgraded":8,"win_rate":0.0,"timestamp":1608948220,"path_taken":["M","M","M","M","M","R","E","R","T","?","$","M","R","?","R","BOSS","M","?","$","?","$","R","E","R","T","?","R","E","R","M","R","BOSS","M","M","?","?","?","?","E","M","T","?","E","$","R","?","R","BOSS"],"items_purchased_type":["Card","Card","Card","Relic","Relic"],"build_version":"2020-12-22","purchased_purges":2,"victory":true,"max_hp_per_floor":[70,70,70,70,70,70,70,70,70,70,70,70,70,70,70,70,70,70,70,70,70,70,70,70,70,70,70,70,70,70,70,70,70,70,70,70,70,70,70,70,70,70,70,70,70,70,70,70,70,70],"relic_stats":{"counters":[21,124],"Letter Opener":[87],"MawBank":120,"Cursed Key":1,"Sozu":5,"OrangePellets":[1],"Pantograph":50,"Bronze Scales":[85],"Prayer Wheel":5,"Kunai":[33],"obtain_stats":[{"Spirit Poop":44,"Vajra":46,"Letter Opener":43,"Bottled Tornado":29,"MawBank":0,"Cursed Key":34,"Ancient Tea Set":45,"Sozu":17,"OrangePellets":38,"Pantograph":26,"Bronze Scales":41,"Prayer Wheel":24,"Red Mask":21,"Kunai":9,"Ring of the Snake":0,"Meat on the Bone":7},{"Spirit Poop":19,"Vajra":20,"Letter Opener":19,"Bottled Tornado":12,"MawBank":0,"Cursed Key":14,"Ancient Tea Set":20,"Sozu":8,"OrangePellets":16,"Pantograph":11,"Bronze Scales":18,"Prayer Wheel":11,"Red Mask":10,"Kunai":6,"Ring of the Snake":0,"Meat on the Bone":6},{"Spirit Poop":105,"Vajra":112,"Letter Opener":105,"Bottled Tornado":66,"MawBank":0,"Cursed Key":79,"Ancient Tea Set":112,"Sozu":42,"OrangePellets":87,"Pantograph":59,"Bronze Scales":100,"Prayer Wheel":59,"Red Mask":52,"Kunai":28,"Ring of the Snake":0,"Meat on the Bone":28}],"Ring of the Snake":[42],"Meat on the Bone":120},"card_choices":[{"not_picked":["Acrobatics","PiercingWail","Cloak And Dagger"],"picked":"SKIP","floor":1.0},{"not_picked":["Cloak And Dagger","Terror"],"picked":"Footwork","floor":2.0},{"not_picked":["Blade Dance","Underhanded Strike"],"picked":"Riddle With Holes","floor":3.0},{"not_picked":["Underhanded Strike","Terror"],"picked":"Calculated Gamble","floor":4.0},{"not_picked":["Bane","Eviscerate"],"picked":"Well Laid Plans","floor":5.0},{"not_picked":["Deadly Poison","Eviscerate"],"picked":"Predator","floor":7.0},{"not_picked":["Backstab","Outmaneuver"],"picked":"Poisoned Stab","floor":12.0},{"not_picked":["Wraith Form v2","Bullet Time"],"picked":"Adrenaline","floor":16},{"not_picked":["All Out Attack","Poisoned Stab"],"picked":"Acrobatics","floor":18},{"not_picked":["Sucker Punch","Acrobatics"],"picked":"Night Terror","floor":24},{"not_picked":["Prepared","Cloak And Dagger"],"picked":"Deflect+1","floor":29},{"not_picked":["Riddle With Holes","Poisoned Stab"],"picked":"Deadly Poison","floor":31},{"not_picked":["Flying Knee","Sucker Punch"],"picked":"Cloak And Dagger","floor":31},{"not_picked":["Malaise","Wraith Form v2"],"picked":"Adrenaline","floor":33},{"not_picked":["Underhanded Strike","Flying Knee+1"],"picked":"Acrobatics","floor":35},{"not_picked":["Flechettes","Distraction"],"picked":"Catalyst","floor":35},{"not_picked":["Prepared","Sucker Punch"],"picked":"Blade Dance+1","floor":36},{"not_picked":["Flying Knee","Quick Slash+1"],"picked":"Tactician","floor":36},{"not_picked":["Poisoned Stab","Dagger Spray+1"],"picked":"Escape Plan+1","floor":40},{"not_picked":["All Out Attack+1","Outmaneuver+1","Prepared"],"picked":"SKIP","floor":40},{"not_picked":["Venomology","Flying Knee"],"picked":"Dash","floor":41},{"not_picked":["Bouncing Flask","Outmaneuver+1"],"picked":"Acrobatics","floor":42},{"not_picked":["Catalyst+1","Glass Knife","Dagger Spray"],"picked":"SKIP","floor":42},{"not_picked":["Dodge and Roll","Concentrate"],"picked":"Backflip+1","floor":45}],"player_experience":704403,"relics_obtained":[{"floor":7.0,"key":"Meat on the Bone"},{"floor":9.0,"key":"Kunai"},{"floor":21,"key":"Red Mask"},{"floor":24,"key":"Prayer Wheel"},{"floor":26,"key":"Pantograph"},{"floor":29,"key":"Bottled Tornado"},{"floor":41,"key":"Bronze Scales"},{"floor":43,"key":"Letter Opener"},{"floor":45,"key":"Ancient Tea Set"}],"event_choices":[{"cards_removed":["Strike_G"],"damage_healed":0.0,"max_hp_gain":0.0,"max_hp_loss":0.0,"gold_gain":0.0,"event_name":"Golden Wing","player_choice":"Card Removal","floor":14.0,"gold_loss":0.0,"damage_taken":7.0},{"damage_healed":0,"gold_gain":0,"player_choice":"Fought Bandits","damage_taken":0,"max_hp_gain":0,"max_hp_loss":0,"event_name":"Masked Bandits","floor":21,"gold_loss":0},{"damage_healed":0,"gold_gain":0,"cards_transformed":["Strike_G","Strike_G"],"player_choice":"Became Test Subject","damage_taken":0,"max_hp_gain":0,"max_hp_loss":0,"event_name":"Drug Dealer","floor":27,"gold_loss":0,"cards_obtained":["Eviscerate","Skewer"]},{"damage_healed":0,"gold_gain":0,"player_choice":"Forge","damage_taken":0,"max_hp_gain":0,"max_hp_loss":0,"event_name":"Accursed Blacksmith","floor":37,"gold_loss":0,"cards_upgraded":["Adrenaline"]},{"damage_healed":0,"gold_gain":0,"player_choice":"Bought 0 Potions","damage_taken":0,"max_hp_gain":0,"max_hp_loss":0,"event_name":"The Woman in Blue","floor":39,"gold_loss":0},{"cards_removed":["Shame"],"damage_healed":0,"gold_gain":0,"player_choice":"Offered Curse","damage_taken":0,"relics_obtained":["Spirit Poop"],"max_hp_gain":0,"max_hp_loss":0,"event_name":"Bonfire Elementals","floor":44,"gold_loss":0}],"is_beta":false,"boss_relics":[{"not_picked":["Snecko Eye","Tiny House"],"picked":"Sozu"},{"not_picked":["SlaversCollar","Philosopher\u0027s Stone"],"picked":"Cursed Key"}],"items_purged_floors":[10,11],"is_endless":false,"potions_floor_spawned":[4,7,16,21,31,33,42,45],"ascension_level":9}}