{"host":"vjkx177ju3wjmzef","time":1608967755,"event":{"mods":["BaseMod","Block Reminder","Colored Map","Colored Powertips","DeckTracker","Googly Eyes","Highlight Path","Minty Spire (QoL Compilation)","Quick Restart","Random Character Button","Relic Stats","Replay The Spire","StSLib"],"gold_per_floor":[111,129,129,79,93,93,110,110,133,148,148,178,56,69,69,169,169,183,83,83,83,98,98,118,118,143,143,143,169,44,44,44],"floor_reached":31,"playtime":1336,"items_purged":["Defend_G","Defend_G","Decay"],"score":253,"play_id":"f442d821-f9e5-47f5-a3e9-8e0519bee8eb","local_time":"20201226012915","is_ascension_mode":false,"campfire_choices":[{"data":"Die Die Die","floor":6,"key":"SMITH"},{"data":"Neutralize","floor":8,"key":"SMITH"},{"data":"Infinite Blades","floor":11,"key":"SMITH"},{"data":"Slice","floor":15,"key":"SMITH"},{"data":"Flechettes","floor":23,"key":"SMITH"},{"data":"Phantasmal Killer","floor":25,"key":"SMITH"},{"data":"Strike_G","floor":27,"key":"SMITH"}],"circlet_count":0,"master_deck":["Strike_G+1","Strike_G","Strike_G","Defend_G","Defend_G+1","Defend_G+1","Survivor","Neutralize+1","Die Die Die+1","Cloak And Dagger","Quick Slash","Slice+1","Hidden Blade","Infinite Blades+1","Blade Dance","Dagger Spray","Phantasmal Killer+1","Flechettes+1"],"relics":["Ring of the Snake","Orichalcum","Simple Rune","Ring of Chaos","Nilry\u0027s Codex","Unceasing Top","Bag of Preparation","Gambling Chip"],"acts_visited":["Exordium","TheCity"],"potions_floor_usage":[16,16,24,31],"damage_taken":[{"damage":0,"enemies":"Cultist","floor":1,"turns":3},{"damage":0,"enemies":"Jaw Worm","floor":2,"turns":3},{"damage":0,"enemies":"2 Louse","floor":5,"turns":1},{"damage":0,"enemies":"2 Fungi Beasts","floor":7,"turns":4},{"damage":0,"enemies":"Blue Slaver","floor":10,"turns":3},{"damage":21,"enemies":"Lagavulin","floor":12,"turns":7},{"damage":7,"enemies":"Lots of Slimes","floor":14,"turns":3},{"damage":13,"enemies":"Slime Boss","floor":16,"turns":8},{"damage":1,"enemies":"Chosen","floor":18,"turns":4},{"damage":0,"enemies":"Spheric Guardian","floor":22,"turns":2},{"damage":25,"enemies":"Snake Plant","floor":24,"turns":5},{"damage":30,"enemies":"Book of Stabbing","floor":29,"turns":6},{"damage":5,"enemies":"3 Cultists","floor":31,"turns":2}],"seed_played":"-5325437454361409229","potions_obtained":[{"floor":1,"key":"SpeedPotion"},{"floor":5,"key":"Swift Potion"},{"floor":7,"key":"Reflective Coating"},{"floor":12,"key":"Block Potion"},{"floor":16,"key":"Fruit Juice"},{"floor":18,"key":"Elixir"},{"floor":29,"key":"LiquidBronze"}],"is_trial":false,"path_per_floor":["M","M","?","?","M","R","M","R","T","M","R","E","$","M","R","B",null,"M","$","?","?","M","R","M","R","T","R","?","E","$","M"],"character_chosen":"THE_SILENT","items_purchased":["Dagger Spray"],"campfire_rested":0,"item_purchase_floors":[13],"current_hp_per_floor":[70,70,70,70,70,70,70,70,70,70,70,49,49,42,42,34,75,74,74,58,58,58,58,33,33,33,33,33,3,3,0,0],"gold":44,"neow_bonus":"ONE_RANDOM_RARE_CARD","is_daily":false,"chose_seed":false,"campfire_upgraded":7,"win_rate":0.0,"timestamp":1608967755,"path_taken":["M","M","?","?","M","R","M","R","T","M","R","E","$","M","R","BOSS","M","$","?","?","M","R","M","R","T","R","?","E","$","M"],"items_purchased_type":["Card"],"build_version":"2020-12-22","purchased_purges":3,"victory":false,"max_hp_per_floor":[70,70,70,70,70,70,70,70,70,70,70,70,70,70,70,75,75,75,75,75,75,75,75,75,75,75,75,75,75,75,75,75],"relic_stats":{"counters":[13,51],"Gambling Chip":[3],"Bag of Preparation":[4],"Orichalcum":[60],"obtain_stats":[{"Nilry\u0027s Codex":20,"Gambling Chip":29,"Simple Rune":12,"Ring of Chaos":17,"Bag of Preparation":26,"Orichalcum":9,"Unceasing Top":21,"Ring of the Snake":0},{"Nilry\u0027s Codex":9,"Gambling Chip":12,"Simple Rune":6,"Ring of Chaos":8,"Bag of Preparation":11,"Orichalcum":4,"Unceasing Top":9,"Ring of the Snake":0},{"Nilry\u0027s Codex":36,"Gambling Chip":49,"Simple Rune":21,"Ring of Chaos":32,"Bag of Preparation":43,"Orichalcum":11,"Unceasing Top":36,"Ring of the Snake":0}],"Unceasing Top":[1],"Ring of the Snake":[26]},"card_choices":[{"not_picked":["Crippling Poison","Sneak Up"],"picked":"Cloak And Dagger","floor":1},{"not_picked":["Finisher","Skewer"],"picked":"Quick Slash","floor":2},{"not_picked":["Fluid Movement","Crippling Poison"],"picked":"Slice","floor":5},{"not_picked":["Outmaneuver","Tools of the Trade"],"picked":"Hidden Blade","floor":7},{"not_picked":["Quick Slash","Bane"],"picked":"Infinite Blades","floor":10},{"not_picked":["Flying Knee","Masterful Stab"],"picked":"Blade Dance","floor":12},{"not_picked":["Crippling Poison","Dagger Throw","Heel Hook"],"picked":"SKIP","floor":14},{"not_picked":["Storm of Steel","Tools of the Trade"],"picked":"Phantasmal Killer","floor":16},{"not_picked":["ReplayTheSpireMod:Scrap Shanks","Sucker Punch"],"picked":"Flechettes","floor":18},{"not_picked":["Dagger Spray","Flying Knee+1","Quick Slash"],"picked":"SKIP","floor":22},{"not_picked":["PiercingWail","Skewer+1","Caltrops+1"],"picked":"SKIP","floor":24},{"not_picked":["Acrobatics","Reflex+1","Night Terror"],"picked":"SKIP","floor":29}],"player_experience":148096,"relics_obtained":[{"floor":9,"key":"Orichalcum"},{"floor":12,"key":"Simple Rune"},{"floor":20,"key":"Nilry\u0027s Codex"},{"floor":26,"key":"Bag of Preparation"},{"floor":29,"key":"Gambling Chip"}],"event_choices":[{"cards_removed":["Strike_G"],"damage_healed":0,"gold_gain":0,"player_choice":"Card Removal","damage_taken":0,"max_hp_gain":0,"max_hp_loss":0,"event_name":"The Cleric","floor":4,"gold_loss":50},{"damage_healed":0,"gold_gain":0,"player_choice":"Obtained Book","damage_taken":16,"max_hp_gain":0,"max_hp_loss":0,"event_name":"Cursed Tome","floor":20,"gold_loss":0},{"damage_healed":0,"gold_gain":0,"player_choice":"Opened","damage_taken":0,"relics_obtained":["Unceasing Top"],"max_hp_gain":0,"max_hp_loss":0,"event_name":"The Mausoleum","floor":21,"gold_loss":0},{"damage_healed":0,"gold_gain":0,"player_choice":"Cursed","damage_taken":0,"max_hp_gain":0,"max_hp_loss":0,"event_name":"Wheel of Change","floor":28,"gold_loss":0,"cards_obtained":["Decay"]}],"is_beta":false,"boss_relics":[{"not_picked":["ChewingGum","Calling Bell"],"picked":"Ring of Chaos"}],"items_purged_floors":[13,19,30],"is_endless":false,"potions_floor_spawned":[1,5,7,12,16,18,29],"killed_by":"3 Cultists","ascension_level":0}}