{"host":"w5ovz9boloi14a0g","time":1608948515,"event":{"mods":["BaseMod","Googly Eyes","Minty Spire (QoL Compilation)","Replay The Spire","StSLib","SuperFastMode"],"gold_per_floor":[111,121,34,34,54,87,87,87,87,104,129,149,184,201,201,201,201],"floor_reached":16,"playtime":367,"items_purged":[],"score":122,"play_id":"5647a02e-2fc6-42fb-8b77-73dc5fa1b27c","local_time":"20201225200835","is_ascension_mode":false,"campfire_choices":[{"data":"Whirlwind","floor":7,"key":"SMITH"},{"floor":15,"key":"REST"}],"circlet_count":0,"master_deck":["Strike_R","Strike_R","Strike_R","Strike_R","Strike_R","Defend_R","Defend_R","Defend_R","Defend_R","Bash+1","Whirlwind+1","Spot Weakness","Good Instincts","Run Through"],"relics":["Burning Blood","NeowsBlessing","Quantum Egg","Singing Bowl","Happy Flower","Replay:Ringing Soul","ReplayTheSpireMod:Ninjato"],"acts_visited":["Exordium"],"potions_floor_usage":[16],"damage_taken":[{"damage":0.0,"enemies":"Small Slimes","floor":1.0,"turns":1.0},{"damage":0,"enemies":"2 Louse","floor":2,"turns":1},{"damage":0,"enemies":"Cultist","floor":5,"turns":1},{"damage":30,"enemies":"Gremlin Nob","floor":6,"turns":5},{"damage":4,"enemies":"Lots of Slimes","floor":10,"turns":2},{"damage":45,"enemies":"Lagavulin","floor":11,"turns":7},{"damage":0,"enemies":"Large Slime","floor":12,"turns":5},{"damage":7,"enemies":"3 Sentries","floor":13,"turns":3},{"damage":6,"enemies":"Exordium Wildlife","floor":14,"turns":2},{"damage":64,"enemies":"The Guardian","floor":16,"turns":13}],"seed_played":"4325311245178947184","potions_obtained":[{"floor":1,"key":"DistilledChaos"},{"floor":2,"key":"Regen Potion"},{"floor":10,"key":"ColorlessPotion"},{"floor":11,"key":"Reflective Coating"}],"is_trial":false,"path_per_floor":["M","M","$","?","M","E","R","?","T","M","E","M","E","M","R","B"],"character_chosen":"IRONCLAD","items_purchased":["Good Instincts"],"campfire_rested":1,"item_purchase_floors":[3],"current_hp_per_floor":[80,80,80,80,80,56,56,56,56,60,23,31,32,34,61,0,0],"gold":201,"neow_bonus":"THREE_ENEMY_KILL","is_daily":false,"chose_seed":false,"campfire_upgraded":1,"win_rate":0.0,"timestamp":1608948515,"path_taken":["M","M","$","?","M","E","R","?","T","M","E","?","E","M","R","BOSS"],"items_purchased_type":["Card"],"build_version":"2020-12-22","purchased_purges":0,"victory":false,"max_hp_per_floor":[80,80,80,80,80,80,80,80,80,82,84,86,88,90,90,90,90],"card_choices":[{"not_picked":["Sword Boomerang","Blood for Blood"],"picked":"Whirlwind","floor":1},{"not_picked":["Blood for Blood","Armaments"],"picked":"Spot Weakness","floor":2},{"not_picked":["Wild Strike","Headbutt","Iron Wave"],"picked":"SKIP","floor":5},{"not_picked":["ReplayTheSpireMod:LeadingStrike","Massacre"],"picked":"Run Through","floor":6},{"not_picked":["Twin Strike","Metallicize","Rupture"],"picked":"Singing Bowl","floor":10},{"not_picked":["Shrug It Off","Fire Breathing","Massacre"],"picked":"Singing Bowl","floor":11},{"not_picked":["Clash","Battle Trance","Armaments"],"picked":"Singing Bowl","floor":12},{"not_picked":["Twin Strike","Cleave","Fiend Fire"],"picked":"Singing Bowl","floor":13},{"not_picked":["Power Through","Bloodletting","Twin Strike"],"picked":"Singing Bowl","floor":14}],"player_experience":20537,"relics_obtained":[{"floor":6,"key":"Quantum Egg"},{"floor":9,"key":"Happy Flower"},{"floor":11,"key":"Replay:Ringing Soul"},{"floor":13,"key":"ReplayTheSpireMod:Ninjato"}],"event_choices":[{"damage_healed":0,"gold_gain":0,"player_choice":"Grow","damage_taken":0,"max_hp_gain":0,"max_hp_loss":0,"event_name":"Living Wall","floor":4,"gold_loss":0,"cards_upgraded":["Bash"]},{"damage_healed":0,"gold_gain":0,"player_choice":"Gave Potion","damage_taken":0,"relics_obtained":["Singing Bowl"],"max_hp_gain":0,"max_hp_loss":0,"event_name":"WeMeetAgain","floor":8,"gold_loss":0}],"is_beta":false,"boss_relics":[],"items_purged_floors":[],"is_endless":false,"potions_floor_spawned":[1,2,10,11,13,14],"killed_by":"The Guardian","ascension_level":0}}