{"host":"3y2rtlgteqp2nuo3","time":1608982920,"event":{"mods":["2.2 Compatiblity","AchievementEnabler","BaseMod","Colored Map","DeckTracker","Highlight Path","Keyboard Shortcuts","Minty Spire (QoL Compilation)","Permanent Neow","Quick Restart","StSLib","SuperFastMode","everything is the same but u backflip on backflip"],"gold_per_floor":[14,27,44,63,77,77,111,111,159,173,208,208,49,49,49,155,164,191,218,49,74,83,83,83,109,132,158,9,24,52,74,74,183,183,207,227,245,0,23,23,23,23],"floor_reached":41,"playtime":1285,"items_purged":[],"score":495,"play_id":"63e399db-b4f9-4453-b0af-7459c84dd489","local_time":"20201226204200","is_ascension_mode":true,"campfire_choices":[{"data":"Zap","floor":6.0,"key":"SMITH"},{"data":"White Noise","floor":12.0,"key":"SMITH"},{"data":"Apotheosis","floor":15.0,"key":"SMITH"},{"data":"Violence","floor":23.0,"key":"SMITH"},{"floor":32,"key":"REST"},{"floor":40,"key":"REST"}],"circlet_count":0,"master_deck":["Strike_B","Defend_B","Defend_B","Defend_B","Defend_B","Zap+1","Dualcast","Coolheaded","Consume","Ball Lightning","Undo","White Noise+1","Rebound","Cold Snap","All For One","White Noise","Self Repair","Apotheosis+1","Echo Form","CurseOfTheBell","Compile Driver+1","Compile Driver+1","Violence+1","Coolheaded","Writhe","Beam Cell+1","Reinforced Body","Jack Of All Trades","Chill","Go for the Eyes+1","Go for the Eyes+1","Core Surge+1","FTL+1","Amplify","Madness","Madness","Glacier+1"],"relics":["Cracked Core","Du-Vu Doll","Molten Egg 2","Potion Belt","CeramicFish","Calling Bell","Vajra","Letter Opener","Dead Branch","Sundial","DataDisk","SacredBark","Red Mask"],"acts_visited":["TheCity","TheBeyond"],"potions_floor_usage":[33],"damage_taken":[{"damage":1.0,"enemies":"Cultist","floor":1.0,"turns":3.0},{"damage":2.0,"enemies":"Jaw Worm","floor":2.0,"turns":3.0},{"damage":0.0,"enemies":"Small Slimes","floor":3.0,"turns":4.0},{"damage":4.0,"enemies":"Looter","floor":4.0,"turns":4.0},{"damage":15.0,"enemies":"Gremlin Gang","floor":5.0,"turns":6.0},{"damage":12.0,"enemies":"3 Sentries","floor":7.0,"turns":6.0},{"damage":1.0,"enemies":"Red Slaver","floor":10.0,"turns":3.0},{"damage":16.0,"enemies":"Lagavulin","floor":11.0,"turns":6.0},{"damage":24.0,"enemies":"Hexaghost","floor":16.0,"turns":10.0},{"damage":34.0,"enemies":"3 Byrds","floor":18.0,"turns":5.0},{"damage":33.0,"enemies":"Shell Parasite","floor":19.0,"turns":4.0},{"damage":58.0,"enemies":"Snake Plant","floor":21.0,"turns":5.0},{"damage":7.0,"enemies":"Shelled Parasite and Fungi","floor":25.0,"turns":3.0},{"damage":19.0,"enemies":"Sentry and Sphere","floor":27.0,"turns":5.0},{"damage":0,"enemies":"Centurion and Healer","floor":29,"turns":7},{"damage":0,"enemies":"Snecko","floor":30,"turns":5},{"damage":2,"enemies":"Snake Plant","floor":31,"turns":3},{"damage":42,"enemies":"Automaton","floor":33,"turns":8},{"damage":0,"enemies":"3 Shapes","floor":35,"turns":5},{"damage":18,"enemies":"Orb Walker","floor":36,"turns":3},{"damage":27,"enemies":"Writhing Mass","floor":39,"turns":5},{"damage":45,"enemies":"4 Shapes","floor":41,"turns":3}],"seed_played":"-8293352492560363341","potions_obtained":[{"floor":5.0,"key":"SneckoOil"},{"floor":7.0,"key":"BlessingOfTheForge"},{"floor":11.0,"key":"Energy Potion"},{"floor":16.0,"key":"GamblersBrew"},{"floor":18.0,"key":"FairyPotion"},{"floor":27.0,"key":"CultistPotion"},{"floor":29,"key":"SpeedPotion"},{"floor":33,"key":"Dexterity Potion"}],"is_trial":false,"path_per_floor":["M","M","M","M","M","R","E","?","T","M","E","R","$","?","R","B",null,"M","M","$","M","?","R","?","M","T","M","$","M","M","M","R","B",null,"M","M","?","?","M","R","M"],"character_chosen":"DEFECT","items_purchased":["Apotheosis","Violence","Jack Of All Trades","Chill"],"campfire_rested":2,"item_purchase_floors":[13,20,28,28],"current_hp_per_floor":[74,72,72,68,53,53,41,29,29,28,12,12,12,37,37,23,75,61,42,42,20,20,20,20,20,20,1,1,21,28,26,48,20,75,75,57,48,48,21,43,0,0],"gold":23,"neow_bonus":"TRANSFORM_TWO_CARDS","is_daily":false,"chose_seed":false,"campfire_upgraded":4,"win_rate":0.0,"timestamp":1608982920,"path_taken":["M","M","M","?","M","R","E","?","T","M","E","R","$","?","R","BOSS","M","M","$","M","?","R","?","M","T","M","$","?","M","M","R","BOSS","M","M","?","?","M","R","M"],"items_purchased_type":["Card","Card","Card","Card"],"build_version":"2020-12-22","purchased_purges":0,"victory":false,"max_hp_per_floor":[75,75,75,75,75,75,75,75,75,75,75,75,75,75,75,75,75,75,75,75,75,75,75,75,75,75,75,75,75,75,75,75,75,75,75,75,75,75,75,75,75,75],"card_choices":[{"not_picked":["Streamline","Compile Driver"],"picked":"Ball Lightning","floor":1.0},{"not_picked":["Turbo","Storm"],"picked":"Undo","floor":2.0},{"not_picked":["Conserve Battery","Genetic Algorithm"],"picked":"White Noise","floor":3.0},{"not_picked":["Fission","Ball Lightning"],"picked":"Rebound","floor":4.0},{"not_picked":["Conserve Battery","Reprogram"],"picked":"Cold Snap","floor":5.0},{"not_picked":["Hologram","Beam Cell"],"picked":"All For One","floor":7.0},{"not_picked":["Static Discharge","Steam"],"picked":"White Noise","floor":10.0},{"not_picked":["Hologram","Buffer"],"picked":"Self Repair","floor":11.0},{"not_picked":["Biased Cognition","Hyperbeam+1"],"picked":"Echo Form","floor":16.0},{"not_picked":["Sunder+1","Scrape+1"],"picked":"Compile Driver+1","floor":18.0},{"not_picked":["Redo","Rip and Tear+1"],"picked":"Compile Driver+1","floor":19.0},{"not_picked":["Steam","Steam Power"],"picked":"Coolheaded","floor":21.0},{"not_picked":["Redo","Hyperbeam+1"],"picked":"Beam Cell+1","floor":25.0},{"not_picked":["Redo","Cold Snap+1"],"picked":"Reinforced Body","floor":27.0},{"not_picked":["Cold Snap+1","Stack+1","Sweeping Beam+1"],"picked":"SKIP","floor":29},{"not_picked":["Ball Lightning+1","Compile Driver+1"],"picked":"Go for the Eyes+1","floor":30},{"not_picked":["All For One+1","Sweeping Beam+1"],"picked":"Go for the Eyes+1","floor":31},{"not_picked":["Biased Cognition","All For One+1"],"picked":"Core Surge+1","floor":33},{"not_picked":["Barrage+1","Beam Cell+1"],"picked":"FTL+1","floor":35},{"not_picked":["Hologram+1","Go for the Eyes+1"],"picked":"Amplify","floor":36},{"not_picked":["Go for the Eyes+1","Hello World+1"],"picked":"Glacier+1","floor":39}],"player_experience":647366,"relics_obtained":[{"floor":7.0,"key":"Du-Vu Doll"},{"floor":9.0,"key":"Potion Belt"},{"floor":11.0,"key":"CeramicFish"},{"floor":17.0,"key":"Vajra"},{"floor":17.0,"key":"Letter Opener"},{"floor":17.0,"key":"Dead Branch"},{"floor":26.0,"key":"DataDisk"}],"event_choices":[{"damage_healed":0.0,"max_hp_gain":0.0,"max_hp_loss":0.0,"gold_gain":0.0,"event_name":"Scrap Ooze","player_choice":"Success","floor":8.0,"gold_loss":0.0,"damage_taken":12.0,"relics_obtained":["Molten Egg 2"]},{"damage_healed":25.0,"max_hp_gain":0.0,"max_hp_loss":0.0,"gold_gain":0.0,"event_name":"Big Fish","player_choice":"Banana","floor":14.0,"gold_loss":0.0,"damage_taken":0.0},{"damage_healed":0.0,"max_hp_gain":0.0,"max_hp_loss":0.0,"gold_gain":0.0,"event_name":"The Mausoleum","player_choice":"Opened","floor":22.0,"gold_loss":0.0,"damage_taken":0.0,"relics_obtained":["Sundial"],"cards_obtained":["Writhe"]},{"cards_removed":["Strike_B"],"damage_healed":0.0,"max_hp_gain":0.0,"max_hp_loss":0.0,"gold_gain":0.0,"event_name":"Wheel of Change","player_choice":"Card Removal","floor":24.0,"gold_loss":0.0,"damage_taken":0.0},{"damage_healed":0,"gold_gain":0,"player_choice":"Embrace Madness","damage_taken":9,"max_hp_gain":0,"max_hp_loss":0,"event_name":"Winding Halls","floor":37,"gold_loss":0,"cards_obtained":["Madness","Madness"]},{"damage_healed":0,"gold_gain":0,"player_choice":"Paid","damage_taken":0,"relics_obtained":["Red Mask"],"max_hp_gain":0,"max_hp_loss":0,"event_name":"Tomb of Lord Red Mask","floor":38,"gold_loss":245}],"is_beta":false,"boss_relics":[{"not_picked":["Nuclear Battery","Ectoplasm"],"picked":"Calling Bell"},{"not_picked":["Fusion Hammer","SlaversCollar"],"picked":"SacredBark"}],"items_purged_floors":[],"is_endless":false,"potions_floor_spawned":[5,7,11,16,18,27,29,33],"killed_by":"4 Shapes","ascension_level":3}}