{"host":"pi8b3ffzwvxqztac","time":1608945875,"event":{"mods":["BaseMod","Colored Map","Downfall","Minty Spire (QoL Compilation)","StSLib"],"gold_per_floor":[99,114,114,128,143,162,162,188,202,52,69,69,69,54,68,170,170,170,184,195,195,195,195,221,221,321,83,101,136,151,167,179,277,327,252,262,101,118,128,143,168,53,68,68,68,86,86,86,105,105],"floor_reached":51,"playtime":3656,"items_purged":["Guardian:Defend_Guardian","Guardian:Defend_Guardian"],"score":700,"play_id":"4b4ce103-7418-427e-97fe-9c54196eaa58","local_time":"20201226142435","is_ascension_mode":false,"campfire_choices":[{"floor":1,"key":"RECALL"},{"data":"Guardian:FloatingOrbs","floor":10,"key":"SMITH"},{"data":"expansioncontent:DefensiveStance","floor":13,"key":"SMITH"},{"data":"Guardian:TwinSlam","floor":18,"key":"SMITH"},{"data":"Guardian:Planning","floor":23,"key":"SMITH"},{"data":"Guardian:CurlUp","floor":25,"key":"SMITH"},{"data":"Guardian:Preprogram","floor":35,"key":"SMITH"},{"data":"Guardian:BronzeArmor","floor":44,"key":"SMITH"},{"floor":47,"key":"REST"}],"circlet_count":0,"master_deck":["Guardian:Strike_Guardian+1","Guardian:Strike_Guardian","Guardian:Strike_Guardian","Guardian:Defend_Guardian+1","Guardian:Defend_Guardian+1","Guardian:CurlUp+1","Guardian:TwinSlam+1","expansioncontent:DefensiveStance+1","Guardian:Planning+1","Guardian:SphericShield","Guardian:FloatingOrbs+1","Guardian:ArmoredProtocol","Guardian:RevengeProtocol","Guardian:BronzeArmor+1","Guardian:Preprogram+1","Guardian:EvasiveProtocol","Guardian:SpikerProtocol","Guardian:BronzeArmor+1","Guardian:ShieldSpikes+1","Guardian:TemporalStrike+1","Guardian:Incinerate","Guardian:PiercingHide+1","Guardian:Gem_White","Guardian:Repulse","Guardian:Gem_Red"],"relics":["Guardian:ModeShifter","Bottled Tornado","downfall:HeartBlessingRed","downfall:HeartBlessingBlue","Black Star","Vajra","Peace Pipe","HornCleat","Nunchaku","StoneCalendar","Matryoshka","Tiny House","downfall:HeartBlessingGreen","Lantern","Bronze Scales","War Paint","downfall:TeleportStone"],"acts_visited":["Exordium","TheCity","TheBeyond"],"potions_floor_usage":[6,8,16,20,20,27,29,37,40,40,49],"damage_taken":[{"damage":1,"enemies":"Cultist","floor":2,"turns":4},{"damage":0,"enemies":"Small Slimes","floor":4,"turns":5},{"damage":0,"enemies":"Jaw Worm","floor":5,"turns":5},{"damage":0,"enemies":"2 Fungi Beasts","floor":6,"turns":3},{"damage":33,"enemies":"Gremlin Nob","floor":8,"turns":6},{"damage":0,"enemies":"3 Louse","floor":9,"turns":5},{"damage":0,"enemies":"Large Slime","floor":11,"turns":7},{"damage":0,"enemies":"downfall:FleeingMerchant","floor":14,"turns":4},{"damage":0,"enemies":"Gremlin Gang","floor":15,"turns":4},{"damage":8,"enemies":"downfall:Watcher","floor":16,"turns":10},{"damage":0,"enemies":"Spheric Guardian","floor":19,"turns":6},{"damage":0,"enemies":"3 Byrds","floor":20,"turns":5},{"damage":9,"enemies":"downfall:Defect","floor":26,"turns":8},{"damage":0,"enemies":"downfall:FleeingMerchant","floor":27,"turns":4},{"damage":0,"enemies":"Snake Plant","floor":28,"turns":5},{"damage":13,"enemies":"Slavers","floor":29,"turns":6},{"damage":0,"enemies":"Chosen and Byrds","floor":30,"turns":4},{"damage":6,"enemies":"Snecko","floor":31,"turns":5},{"damage":0,"enemies":"Snake Plant","floor":32,"turns":5},{"damage":0,"enemies":"downfall:Silent","floor":33,"turns":7},{"damage":0,"enemies":"Orb Walker","floor":36,"turns":5},{"damage":0,"enemies":"downfall:FleeingMerchant","floor":37,"turns":4},{"damage":0,"enemies":"3 Darklings","floor":38,"turns":6},{"damage":6,"enemies":"Spire Growth","floor":39,"turns":6},{"damage":6,"enemies":"Jaw Worm Horde","floor":40,"turns":6},{"damage":0,"enemies":"downfall:FleeingMerchant","floor":42,"turns":4},{"damage":23,"enemies":"Writhing Mass","floor":43,"turns":6},{"damage":17,"enemies":"Sphere and 2 Shapes","floor":46,"turns":6},{"damage":0,"enemies":"Spire Growth","floor":49,"turns":5},{"damage":7,"enemies":"downfall:Ironclad","floor":50,"turns":15}],"seed_played":"-422324673729012132","potions_obtained":[{"floor":2,"key":"Weak Potion"},{"floor":3,"key":"Energy Potion"},{"floor":3,"key":"AttackPotion"},{"floor":11,"key":"SteroidPotion"},{"floor":15,"key":"SkillPotion"},{"floor":20,"key":"Fruit Juice"},{"floor":21,"key":"CultistPotion"},{"floor":30,"key":"PowerPotion"},{"floor":31,"key":"Weak Potion"},{"floor":32,"key":"Dexterity Potion"},{"floor":34,"key":"Slimebound:ThreeZeroPotion"},{"floor":38,"key":"SpeedPotion"},{"floor":40,"key":"SteroidPotion"},{"floor":43,"key":"Ancient Potion"}],"is_trial":false,"path_per_floor":["R","M","?","M","M","M","T","E","M","R","M","?","R","$","M","B",null,"R","M","M","?","?","R","T","R","?","$","M","E","M","M","M","B",null,"R","M","$","M","M","M","T","$","M","R","?","M","R","?","M","B",null],"character_chosen":"GUARDIAN","items_purchased":["Nunchaku","Lantern"],"campfire_rested":1,"item_purchase_floors":[27,37],"current_hp_per_floor":[80,79,79,79,79,79,79,46,46,56,56,56,56,56,56,48,90,90,90,95,95,95,95,95,95,86,86,86,73,73,67,67,67,100,100,100,100,100,94,88,88,88,65,65,65,48,78,78,78,71],"gold":105,"neow_bonus":"RANDOM_COLORLESS","is_daily":false,"chose_seed":false,"campfire_upgraded":7,"win_rate":0.0,"timestamp":1608945875,"path_taken":["R","M","?","M","M","M","T","E","M","R","?","?","R","?","M","BOSS","R","M","M","?","?","R","T","R","?","$","M","E","M","M","M","BOSS","R","M","$","M","M","M","T","$","M","R","?","M","R","?","M","BOSS"],"items_purchased_type":["Relic","Relic"],"build_version":"2020-12-22","purchased_purges":2,"victory":true,"max_hp_per_floor":[80,80,80,80,80,80,80,80,80,90,90,90,90,90,90,90,90,90,90,95,95,95,95,95,95,95,95,95,95,95,95,95,95,100,100,100,100,100,100,100,100,100,100,100,100,100,100,100,100,100],"card_choices":[{"not_picked":["expansioncontent:PrepareCrush","expansioncontent:Sear"],"picked":"expansioncontent:DefensiveStance","floor":0},{"not_picked":["Guardian:PrimingBeam","Guardian:Gem_Cyan"],"picked":"Guardian:Planning","floor":2},{"not_picked":["Guardian:Incinerate","Guardian:Gem_Red"],"picked":"Guardian:Gem_Purple","floor":4},{"not_picked":["Guardian:ShieldCharger","Guardian:StasisField","Guardian:GuardianWhirl"],"picked":"SKIP","floor":5},{"not_picked":["Guardian:RollAttack","Guardian:EvasiveProtocol","Guardian:Suspension"],"picked":"SKIP","floor":6},{"not_picked":["Guardian:ArmoredProtocol","Guardian:TimeCapacitor"],"picked":"Guardian:SphericShield","floor":8},{"not_picked":["Guardian:RollAttack","Guardian:VentSteam"],"picked":"Guardian:FloatingOrbs","floor":9},{"not_picked":["Guardian:Gem_Purple","Guardian:TemporalShield"],"picked":"Guardian:Gem_Blue","floor":11},{"not_picked":["Guardian:SpikerProtocol","Guardian:VentSteam"],"picked":"Guardian:Gem_Blue","floor":14},{"not_picked":["Guardian:Planning","Guardian:PiercingHide"],"picked":"Guardian:ArmoredProtocol","floor":15},{"not_picked":["Guardian:HyperBeam_Guardian","Guardian:StasisField"],"picked":"Guardian:RevengeProtocol","floor":16},{"not_picked":["Guardian:ArmoredProtocol+1","Guardian:WalkerClaw"],"picked":"Guardian:Gem_Green","floor":19},{"not_picked":["Guardian:Recover","Guardian:WalkerClaw"],"picked":"Guardian:BronzeArmor+1","floor":20},{"not_picked":["Guardian:Incinerate","Guardian:Gem_Cyan"],"picked":"Guardian:Preprogram","floor":26},{"not_picked":["Guardian:Gem_Green","Guardian:ShieldCharger","Guardian:VentSteam"],"picked":"SKIP","floor":27},{"not_picked":["Guardian:Recover","Guardian:GuardianWhirl"],"picked":"Guardian:EvasiveProtocol","floor":28},{"not_picked":["Guardian:SentryBeam","Guardian:ChargeUp+1"],"picked":"Guardian:SpikerProtocol","floor":29},{"not_picked":["Guardian:RollAttack","Guardian:WalkerClaw","Guardian:Gem_Green"],"picked":"SKIP","floor":30},{"not_picked":["Guardian:TemporalStrike","Guardian:Planning"],"picked":"Guardian:BronzeArmor","floor":31},{"not_picked":["Guardian:PrismaticBeam","Guardian:PrimingBeam+1"],"picked":"Guardian:ShieldSpikes+1","floor":32},{"not_picked":["Guardian:SphericShield","Guardian:FierceBash"],"picked":"Guardian:Gem_Orange","floor":33},{"not_picked":["Guardian:SpikerProtocol+1","Guardian:Gem_Red"],"picked":"Guardian:TemporalStrike+1","floor":34},{"not_picked":["Guardian:TimeBomb+1","Guardian:Planning+1","Guardian:Gem_Red"],"picked":"SKIP","floor":36},{"not_picked":["Guardian:PiercingHide+1","Guardian:VentSteam"],"picked":"Guardian:Incinerate","floor":37},{"not_picked":["Guardian:DonusPower+1","Guardian:RollAttack+1"],"picked":"Guardian:Gem_Cyan","floor":38},{"not_picked":["Guardian:Gem_Green","Guardian:Suspension"],"picked":"Guardian:Gem_Blue","floor":39},{"not_picked":["Guardian:DonusPower","Guardian:Gem_Red"],"picked":"Guardian:PiercingHide+1","floor":40},{"not_picked":["Guardian:Preprogram+1","Guardian:Gem_Fragmented"],"picked":"Guardian:Gem_White","floor":42},{"not_picked":["Guardian:Gem_Fragmented","Guardian:Gem_Green","Guardian:Harden"],"picked":"SKIP","floor":43},{"not_picked":["Guardian:SphericShield","Guardian:EvasiveProtocol"],"picked":"Guardian:Repulse","floor":46},{"not_picked":["Guardian:ShieldCharger","Guardian:PrimingBeam+1"],"picked":"Guardian:Gem_Red","floor":49}],"player_experience":437847,"relics_obtained":[{"floor":8,"key":"Bottled Tornado"},{"floor":24,"key":"Vajra"},{"floor":26,"key":"Peace Pipe"},{"floor":26,"key":"HornCleat"},{"floor":29,"key":"StoneCalendar"},{"floor":29,"key":"Matryoshka"},{"floor":41,"key":"Bronze Scales"},{"floor":41,"key":"War Paint"}],"event_choices":[{"damage_healed":0,"gold_gain":0,"player_choice":"Got Potions","damage_taken":0,"max_hp_gain":0,"max_hp_loss":0,"event_name":"Lab","floor":3,"gold_loss":0},{"damage_healed":0,"gold_gain":0,"player_choice":"Ignored","damage_taken":0,"max_hp_gain":0,"max_hp_loss":0,"event_name":"Mysterious Sphere","floor":45,"gold_loss":0}],"is_beta":false,"boss_relics":[{"not_picked":["Guardian:ModeShifterPlus","Runic Pyramid"],"picked":"Black Star"},{"not_picked":["Runic Dome","Snecko Eye"],"picked":"Tiny House"}],"items_purged_floors":[27,42],"is_endless":false,"potions_floor_spawned":[2,4,11,15,20,30,31,32,38,40,43],"ascension_level":0}}