{"host":"ws4mzzemcqsz5e2k","time":1608985298,"event":{"mods":["BaseMod","Colored Powertips","Downfall","Minty Spire (QoL Compilation)","StSLib","没有小屋子和绿帽子啦"],"gold_per_floor":[399,417,427,602,593,518,544,544,560,157,168,93,93,93,109,212,212,212,212,212,228,328,328,328,328,354,279,296,149,180,253,346,522,522,522,522,77,97,115,115,184,236,281,281,6,33,33,68,89,209,209,209,223,238,338,338,338,338,605,797,1170,1541,1541,2324,1680,2354,4082,4082,4082,4864,4864,4864,4876,7389,9968,9072,9072,9072,9072,9072,8302,12965,19227,23606,23606,23606,23606,29998,36426,36443,37950,54295,53505,53505,90445,89932,116930,116930,152059,168799,199283,199283,199283,199297,199315,199332,199349,199449,199476,198538,198555,198555,198616,198616,198626,198640,198652,198750,198750,198750,198767,198784,198784,197876,197876,197907,197907,197305,197330,197330,197330,197330,197350,197367,197465,197465,197465,197476,196515,196515,196515],"floor_reached":140,"playtime":7814,"items_purged":["Doubt","Regret","sneckomod:UnknownClassPURPLE","sneckomod:Mudshield+1","sneckomod:SerpentIdol+1","sneckomod:UnknownX+1","sneckomod:GlitteringGambit+1","sneckomod:SoulDraw+1","sneckomod:IronFang+1","sneckomod:IronFang+1","sneckomod:TrashToTreasure+1"],"score":3381,"play_id":"e2abfa88-b802-4361-bab9-bb38765becad","local_time":"20201226202138","daily_mods":["SealedDeck","Heirloom","downfall:Lament"],"is_ascension_mode":false,"campfire_choices":[{"floor":1.0,"key":"RECALL"},{"data":"sneckomod:SerpentIdol","floor":6.0,"key":"SMITH"},{"data":"sneckomod:SoulDraw","floor":12.0,"key":"SMITH"},{"data":"sneckomod:UnknownX","floor":18.0,"key":"SMITH"},{"data":"sneckomod:UnknownUncommonPower","floor":25.0,"key":"SMITH"},{"data":"sneckomod:WideSting","floor":27.0,"key":"SMITH"},{"data":"sneckomod:GlitteringGambit","floor":35.0,"key":"SMITH"},{"data":"sneckomod:IronFang","floor":44.0,"key":"SMITH"},{"data":"sneckomod:SoulCleanse","floor":47.0,"key":"SMITH"},{"data":"sneckomod:GlitteringGambit","floor":52.0,"key":"SMITH"},{"data":"sneckomod:SoulDraw","floor":63.0,"key":"SMITH"},{"data":"sneckomod:Mudshield","floor":69.0,"key":"SMITH"},{"data":"sneckomod:DiceBoulder","floor":77.0,"key":"SMITH"},{"data":"sneckomod:DiceBoulder+1","floor":80.0,"key":"SMITH"},{"data":"sneckomod:UnknownRarePower","floor":86.0,"key":"SMITH"},{"data":"sneckomod:DiceBoulder+2","floor":98.0,"key":"SMITH"},{"data":"sneckomod:DiceBoulder+3","floor":103.0,"key":"SMITH"},{"data":"1","floor":114.0,"key":"LIFT"},{"data":"2","floor":120.0,"key":"LIFT"},{"data":"3","floor":125.0,"key":"LIFT"},{"data":"sneckomod:DiceBoulder+5","floor":127.0,"key":"SMITH"},{"data":"sneckomod:DiceBoulder+7","floor":130.0,"key":"SMITH"},{"data":"sneckomod:DiceBoulder+8","floor":137,"key":"SMITH"}],"circlet_count":1,"master_deck":["sneckomod:UnknownDexterity+1","sneckomod:WideSting+1","sneckomod:DiceBoulder+9","sneckomod:UnknownUncommonPower+1","sneckomod:UnknownVulnerable+1","sneckomod:SoulDraw+1","DevaForm+1","sneckomod:WideSting+1","sneckomod:SnakeSap+1","sneckomod:SoulDraw+1","sneckomod:UnknownRarePower+1","sneckomod:UnknownRarePower+1","Whirlwind+1","sneckomod:UnknownRareAttack+1","sneckomod:UnknownRareSkill+1","sneckomod:UnknownRarePower+1","Whirlwind+1"],"relics":["sneckomod:SuperSneckoSoul","NeowsBlessing","Old Coin","sneckomod:SleevedAce","downfall:HeartBlessingRed","Lantern","Vajra","downfall:HeartBlessingBlue","downfall:ShatteredFragment","Philosopher\u0027s Stone","Turnip","Pocketwatch","Molten Egg 2","sneckomod:ConfusingCodex","Pear","downfall:HeartBlessingGreen","Centennial Puzzle","Guardian:GemstoneGun","downfall:TeleportStone","hexamod:BolsterEngine","Sling","Happy Flower","Mercury Hourglass","Bronze Scales","sneckomod:BlankCard","CaptainsWheel","Meat on the Bone","sneckomod:SneckoTalon","NeowsBlessing","War Paint","StrikeDummy","InkBottle","HandDrill","Sozu","sneckomod:CleanMud","Ginger","Frozen Eye","MutagenicStrength","TheAbacus","Unceasing Top","Potion Belt","expansioncontent:StudyCardRelic","downfall:TeleportStone","champ:DeflectingBracers","Orrery","Orichalcum","Art of War","Pen Nib","sneckomod:UnknownEgg","SlaversCollar","NeowsBlessing","Girya","ClockworkSouvenir","Matryoshka","Snecko Eye","downfall:RedIOU","Kunai","Toxic Egg 2","PrismaticShard","Whetstone","sneckomod:RareBoosterPack","Circlet","Velvet Choker","White Beast Statue","HornCleat","DollysMirror"],"acts_visited":["Exordium","TheCity","TheBeyond","Exordium","TheCity","TheBeyond","Exordium","TheCity","TheBeyond"],"potions_floor_usage":[],"damage_taken":[{"damage":0.0,"enemies":"Cultist","floor":2.0,"turns":1.0},{"damage":0.0,"enemies":"Small Slimes","floor":3.0,"turns":1.0},{"damage":0.0,"enemies":"downfall:FleeingMerchant","floor":5.0,"turns":1.0},{"damage":0.0,"enemies":"2 Louse","floor":9.0,"turns":1.0},{"damage":12.0,"enemies":"Blue Slaver","floor":11.0,"turns":3.0},{"damage":0.0,"enemies":"Large Slime","floor":15.0,"turns":1.0},{"damage":32.0,"enemies":"downfall:Silent","floor":16.0,"turns":5.0},{"damage":0.0,"enemies":"Shell Parasite","floor":21.0,"turns":3.0},{"damage":8.0,"enemies":"Colosseum Nobs","floor":22.0,"turns":3.0},{"damage":4.0,"enemies":"Gremlin Leader","floor":26.0,"turns":6.0},{"damage":0.0,"enemies":"3 Cultists","floor":28.0,"turns":2.0},{"damage":10.0,"enemies":"Book of Stabbing","floor":30.0,"turns":4.0},{"damage":8.0,"enemies":"Cultist and Chosen","floor":31.0,"turns":2.0},{"damage":0.0,"enemies":"Snake Plant","floor":32.0,"turns":3.0},{"damage":9.0,"enemies":"downfall:Defect","floor":33.0,"turns":5.0},{"damage":0.0,"enemies":"3 Darklings","floor":38.0,"turns":2.0},{"damage":0.0,"enemies":"Orb Walker","floor":39.0,"turns":1.0},{"damage":12.0,"enemies":"Transient","floor":42.0,"turns":5.0},{"damage":24.0,"enemies":"Giant Head","floor":46.0,"turns":5.0},{"damage":28.0,"enemies":"Nemesis","floor":48.0,"turns":3.0},{"damage":11.0,"enemies":"3 Darklings","floor":49.0,"turns":4.0},{"damage":29.0,"enemies":"downfall:Ironclad","floor":50.0,"turns":5.0},{"damage":0.0,"enemies":"Cultist","floor":53.0,"turns":1.0},{"damage":0.0,"enemies":"Jaw Worm","floor":54.0,"turns":1.0},{"damage":0.0,"enemies":"downfall:Heads","floor":55.0,"turns":1.0},{"damage":0.0,"enemies":"Gremlin Nob","floor":59.0,"turns":2.0},{"damage":0.0,"enemies":"Small Slimes","floor":60.0,"turns":1.0},{"damage":0.0,"enemies":"Exordium Wildlife","floor":61.0,"turns":2.0},{"damage":7.0,"enemies":"2 Fungi Beasts","floor":62.0,"turns":2.0},{"damage":0.0,"enemies":"Lagavulin","floor":64.0,"turns":2.0},{"damage":0.0,"enemies":"Blue Slaver","floor":66.0,"turns":1.0},{"damage":0.0,"enemies":"Hexaghost","floor":67.0,"turns":2.0},{"damage":0.0,"enemies":"Chosen","floor":70.0,"turns":2.0},{"damage":0.0,"enemies":"3 Byrds","floor":73.0,"turns":1.0},{"damage":1.0,"enemies":"Snecko","floor":74.0,"turns":2.0},{"damage":25.0,"enemies":"Slavers","floor":75.0,"turns":3.0},{"damage":0.0,"enemies":"Snake Plant","floor":82.0,"turns":1.0},{"damage":0.0,"enemies":"Cultist and Chosen","floor":83.0,"turns":1.0},{"damage":0.0,"enemies":"Champ","floor":84.0,"turns":5.0},{"damage":3.0,"enemies":"3 Shapes","floor":88.0,"turns":1.0},{"damage":30.0,"enemies":"Orb Walker","floor":89.0,"turns":2.0},{"damage":0.0,"enemies":"Sphere and 2 Shapes","floor":90.0,"turns":1.0},{"damage":0.0,"enemies":"2 Orb Walkers","floor":91.0,"turns":2.0},{"damage":0.0,"enemies":"Nemesis","floor":92.0,"turns":1.0},{"damage":15.0,"enemies":"4 Shapes","floor":95.0,"turns":1.0},{"damage":27.0,"enemies":"Writhing Mass","floor":97.0,"turns":2.0},{"damage":0.0,"enemies":"Mind Bloom Boss Battle","floor":99.0,"turns":2.0},{"damage":0.0,"enemies":"Maw","floor":100.0,"turns":2.0},{"damage":6.0,"enemies":"Donu and Deca","floor":101.0,"turns":3.0},{"damage":0.0,"enemies":"Jaw Worm","floor":104.0,"turns":1.0},{"damage":0.0,"enemies":"2 Louse","floor":105.0,"turns":1.0},{"damage":0.0,"enemies":"Small Slimes","floor":106.0,"turns":1.0},{"damage":0.0,"enemies":"Large Slime","floor":107.0,"turns":1.0},{"damage":0.0,"enemies":"downfall:Heads","floor":108.0,"turns":1.0},{"damage":0.0,"enemies":"3 Sentries","floor":109.0,"turns":2.0},{"damage":0.0,"enemies":"3 Louse","floor":111.0,"turns":1.0},{"damage":0.0,"enemies":"Lagavulin Event","floor":113.0,"turns":2.0},{"damage":0.0,"enemies":"Lots of Slimes","floor":115.0,"turns":1.0},{"damage":0.0,"enemies":"Red Slaver","floor":116.0,"turns":1.0},{"damage":0.0,"enemies":"Looter","floor":117.0,"turns":1.0},{"damage":0.0,"enemies":"Slime Boss","floor":118.0,"turns":2.0},{"damage":0.0,"enemies":"Spheric Guardian","floor":121.0,"turns":1.0},{"damage":0.0,"enemies":"Cultist and Chosen","floor":122.0,"turns":2.0},{"damage":24.0,"enemies":"Slavers","floor":126.0,"turns":2.0},{"damage":0.0,"enemies":"Book of Stabbing","floor":129.0,"turns":1.0},{"damage":0,"enemies":"Sentry and Sphere","floor":133,"turns":1},{"damage":91,"enemies":"Shelled Parasite and Fungi","floor":134,"turns":3},{"damage":0,"enemies":"Automaton","floor":135,"turns":3},{"damage":15,"enemies":"3 Shapes","floor":138,"turns":1},{"damage":135,"enemies":"Orb Walker","floor":140,"turns":5}],"seed_played":"-4587334485293208070","potions_obtained":[{"floor":2.0,"key":"BlessingOfTheForge"},{"floor":9.0,"key":"CultistPotion"},{"floor":11.0,"key":"hexamod:EctoCoolerPotion"},{"floor":21.0,"key":"Guardian:BlockOnCardUsePotion"},{"floor":39.0,"key":"Guardian:BlockOnCardUsePotion"}],"is_trial":true,"path_per_floor":["R","M","M","?","$","R","T","?","M","$","M","R","?","$","M","B",null,"R","?","T","M","?","?","T","R","E","R","M","$","E","M","M","B",null,"R","?","$","M","M","?","T","M","?","R","$","E","R","E","M","B",null,"R","M","M","?","?","?","T","E","M","M","M","R","E","$","M","B",null,"R","M","?","?","M","M","E","$","R","?","?","R","$","M","M","B",null,"R","?","M","M","M","?","E","$","?","M","$","M","R","?","M","B",null,"R","M","M","M","M","?","E","$","M","?","?","R","M","M","M","B",null,"R","M","M","?","$","R","E","R","$","E","R","?","?","M","M","B",null,"R","M","$","M"],"character_chosen":"THE_SNECKO","items_purchased":["sneckomod:SleevedAce","sneckomod:SoulDraw","sneckomod:CheapStock","Lantern","Vajra","Centennial Puzzle","hexamod:BolsterEngine","Sling","Happy Flower","sneckomod:BlankCard","StrikeDummy","InkBottle","HandDrill","sneckomod:CleanMud","Ginger","Frozen Eye","TheAbacus","Unceasing Top","Potion Belt","champ:DeflectingBracers","Orrery","Orichalcum","Art of War","Pen Nib","Girya","ClockworkSouvenir","Matryoshka","Kunai","Toxic Egg 2","PrismaticShard","Whetstone","sneckomod:RareBoosterPack","White Beast Statue","HornCleat","DollysMirror"],"campfire_rested":0,"item_purchase_floors":[5,5,5,10,10,29,37,37,37,45,65,65,65,76,76,76,81,81,81,93,93,93,96,96,110,110,110,124,124,124,128,128,139,139,139],"current_hp_per_floor":[94,95,96,96,97,97,97,97,97,97,85,95,74,74,74,42,107,107,107,107,107,107,107,107,107,113,113,113,113,103,95,95,96,131,131,131,131,131,131,131,131,123,123,123,123,99,99,71,72,55,131,131,131,131,131,131,128,128,128,128,128,121,121,121,121,121,121,131,131,131,131,131,131,130,105,105,105,105,105,105,105,105,105,105,131,131,131,128,113,113,113,113,113,113,113,113,86,86,86,86,90,131,131,131,131,131,131,131,131,131,131,131,131,131,131,131,131,131,131,131,131,131,131,131,131,107,107,107,107,107,107,107,107,28,40,131,131,116,116,0,0],"gold":196515,"neow_bonus":"","is_daily":false,"chose_seed":false,"campfire_upgraded":19,"win_rate":0.0,"timestamp":1608985298,"path_taken":["R","M","M","?","$","R","T","?","M","$","M","R","?","?","M","BOSS","R","?","?","M","?","?","T","R","E","R","M","$","E","?","M","BOSS","R","?","$","M","?","?","T","?","?","R","?","E","R","E","M","BOSS","R","M","M","?","?","?","T","E","?","M","M","R","E","$","M","BOSS","R","M","?","?","?","?","E","$","R","?","?","R","$","M","M","BOSS","R","?","?","M","M","?","E","$","?","?","$","M","R","?","M","BOSS","R","M","M","M","M","?","E","$","M","?","?","R","M","?","M","BOSS","R","M","M","?","$","R","E","R","$","E","R","?","?","M","M","BOSS","R","M","$","M"],"items_purchased_type":["Relic","Card","Card","Relic","Relic","Relic","Relic","Relic","Relic","Relic","Relic","Relic","Relic","Relic","Relic","Relic","Relic","Relic","Relic","Relic","Relic","Relic","Relic","Relic","Relic","Relic","Relic","Relic","Relic","Relic","Relic","Relic","Relic","Relic","Relic"],"build_version":"2020-12-22","purchased_purges":11,"victory":false,"max_hp_per_floor":[94,95,96,96,97,97,97,97,97,97,97,107,107,107,107,107,107,107,107,107,107,107,107,107,107,117,117,117,117,117,117,117,117,131,131,131,131,131,131,131,131,131,131,131,131,131,131,131,131,131,131,131,131,131,131,131,131,131,131,131,131,131,131,131,131,131,131,131,131,131,131,131,131,131,131,131,131,131,131,131,131,131,131,131,131,131,131,131,131,131,131,131,131,131,131,131,131,131,131,131,131,131,131,131,131,131,131,131,131,131,131,131,131,131,131,131,131,131,131,131,131,131,131,131,131,131,131,131,131,131,131,131,131,131,131,131,131,131,131,131,131],"card_choices":[{"not_picked":["sneckomod:ImprovisedGuard","sneckomod:SnekBeam"],"picked":"sneckomod:UnknownUncommonPower","floor":2.0},{"not_picked":["sneckomod:Unknown2Cost","sneckomod:DiceBlock"],"picked":"sneckomod:UnknownX","floor":3.0},{"not_picked":["sneckomod:UnknownWeak","sneckomod:UnknownStrike"],"picked":"sneckomod:UnknownVulnerable","floor":5.0},{"not_picked":["sneckomod:UnknownX","sneckomod:Nope","sneckomod:SerpentIdol"],"picked":"SKIP","floor":9.0},{"not_picked":["sneckomod:WideSting","sneckomod:UnknownBlock","sneckomod:UnlimitedRolls"],"picked":"SKIP","floor":11.0},{"not_picked":["sneckomod:WideSting","sneckomod:UnknownBlock","sneckomod:UnlimitedRolls"],"picked":"SKIP","floor":11.0},{"not_picked":["sneckomod:UnknownWeak","sneckomod:UnknownUncommonPower","sneckomod:UnknownClassGUARDIAN"],"picked":"SKIP","floor":15.0},{"not_picked":["sneckomod:UnknownX","sneckomod:Unknown2Cost","sneckomod:QuickMove"],"picked":"SKIP","floor":21.0},{"not_picked":["sneckomod:DiceBlock","sneckomod:UnknownClassRED"],"picked":"sneckomod:WideSting+1","floor":26.0},{"not_picked":["sneckomod:UnknownCommonAttack+1","sneckomod:WideSting+1","sneckomod:UnknownWeak+1"],"picked":"SKIP","floor":28.0},{"not_picked":["sneckomod:UnknownClassTHE_CHAMP_GRAY+1","sneckomod:UnknownCommonSkill+1"],"picked":"sneckomod:GlitteringGambit","floor":30.0},{"not_picked":["sneckomod:UnknownClassHEXA_GHOST_PURPLE+1","sneckomod:UnknownX","sneckomod:QuickMove+1"],"picked":"SKIP","floor":31.0},{"not_picked":["sneckomod:QuickMove","sneckomod:UnknownWeak","sneckomod:UnknownClassPURPLE"],"picked":"SKIP","floor":32.0},{"not_picked":["sneckomod:SoulRoll","sneckomod:Nope"],"picked":"sneckomod:SnakeSap+1","floor":38.0},{"not_picked":["sneckomod:CheapStock","sneckomod:UnknownClassTHE_CHAMP_GRAY+1","sneckomod:UnknownCommonAttack+1"],"picked":"SKIP","floor":39.0},{"not_picked":["sneckomod:UnknownCommonAttack+1","sneckomod:SoulRoll+1","sneckomod:QuickBite+1"],"picked":"SKIP","floor":42.0},{"not_picked":["sneckomod:DiceBlock+1","sneckomod:Unknown2Cost+1","sneckomod:Transmogrify"],"picked":"SKIP","floor":46.0},{"not_picked":["sneckomod:DiceBlock+1","sneckomod:UnknownClassGUARDIAN+1"],"picked":"sneckomod:TrashToTreasure","floor":48.0},{"not_picked":["sneckomod:UnknownCommonAttack+1","sneckomod:UnknownStrike+1","sneckomod:DiceBlock+1"],"picked":"SKIP","floor":49.0},{"not_picked":["sneckomod:UnknownColorless","sneckomod:Transmogrify"],"picked":"sneckomod:GlitteringGambit","floor":50.0},{"not_picked":["sneckomod:WideSting+1","sneckomod:Nope","sneckomod:PureSnecko"],"picked":"SKIP","floor":53.0},{"not_picked":["sneckomod:UnknownClassGUARDIAN","sneckomod:UnknownWeak","sneckomod:PureSnecko"],"picked":"SKIP","floor":54.0},{"not_picked":["sneckomod:UnknownClassBLUE","sneckomod:Nope"],"picked":"sneckomod:SoulDraw","floor":55.0},{"not_picked":["sneckomod:UnknownClassSLIMEBOUND","sneckomod:UnknownStrike+1","sneckomod:SoulRoll"],"picked":"SKIP","floor":59.0},{"not_picked":["sneckomod:UnknownWeak","sneckomod:DefensiveFlair","sneckomod:TrashToTreasure"],"picked":"SKIP","floor":60.0},{"not_picked":["sneckomod:SoulRoll","sneckomod:Rotation","sneckomod:SoulExchange"],"picked":"SKIP","floor":61.0},{"not_picked":["sneckomod:IronFang+1","sneckomod:UnknownWeak","sneckomod:DiceBlock"],"picked":"SKIP","floor":62.0},{"not_picked":["sneckomod:UnknownStrength","sneckomod:Rotation","sneckomod:UnknownRareSkill"],"picked":"SKIP","floor":64.0},{"not_picked":["sneckomod:UnknownWeak","sneckomod:UnknownEthereal","sneckomod:Nope"],"picked":"SKIP","floor":66.0},{"not_picked":["sneckomod:Transmogrify","sneckomod:UnknownColorless"],"picked":"sneckomod:Mudshield","floor":67.0},{"not_picked":["sneckomod:UnknownX","sneckomod:Rotation+1","sneckomod:UnknownCommonAttack+1"],"picked":"SKIP","floor":70.0},{"not_picked":["sneckomod:UnknownClassTHE_CHAMP_GRAY","sneckomod:UnknownVulnerable+1","sneckomod:DiceBlock+1"],"picked":"SKIP","floor":73.0},{"not_picked":["sneckomod:UnknownCommonAttack+1","sneckomod:SerpentIdol+1","sneckomod:UnknownBlock"],"picked":"SKIP","floor":74.0},{"not_picked":["sneckomod:MasterEye+1","sneckomod:UnknownBlock","sneckomod:DiceBlock+1"],"picked":"SKIP","floor":75.0},{"not_picked":["sneckomod:Nope+1","sneckomod:UnknownClassRED","sneckomod:DiceCrush+1"],"picked":"SKIP","floor":82.0},{"not_picked":["sneckomod:RainOfDice+1","sneckomod:SoulCleanse","sneckomod:UnlimitedRolls"],"picked":"SKIP","floor":83.0},{"not_picked":["sneckomod:SoulExchange","sneckomod:Transmogrify"],"picked":"sneckomod:UnknownRarePower","floor":84.0},{"not_picked":["sneckomod:UnknownStrength","sneckomod:UnknownCommonAttack+1"],"picked":"sneckomod:IronFang+1","floor":88.0},{"not_picked":["sneckomod:Nope+1","sneckomod:WideSting+1","sneckomod:UnknownUncommonPower"],"picked":"SKIP","floor":89.0},{"not_picked":["sneckomod:UnknownVulnerable+1","sneckomod:Nope+1","sneckomod:WideSting+1"],"picked":"SKIP","floor":90.0},{"not_picked":["sneckomod:CheapStock","sneckomod:QuickBite+1","sneckomod:UnknownWeak+1"],"picked":"SKIP","floor":92.0},{"not_picked":["sneckomod:Unknown1Cost+1","sneckomod:SnakeSap+1","sneckomod:UnknownClassGREEN"],"picked":"SKIP","floor":95.0},{"not_picked":["sneckomod:ImprovisedGuard","sneckomod:SnakeSap+1","sneckomod:SoulRoll"],"picked":"SKIP","floor":97.0},{"not_picked":["sneckomod:SoulRoll+1","sneckomod:UnknownStrike+1","sneckomod:DiceCrush+1"],"picked":"SKIP","floor":100.0},{"not_picked":["sneckomod:IronFang+1","sneckomod:DiceBlock","sneckomod:UnknownClassBLUE+1"],"picked":"SKIP","floor":104.0},{"not_picked":["sneckomod:UnknownBlock+1","sneckomod:UnknownStrike+1","sneckomod:DiceBlock"],"picked":"SKIP","floor":105.0},{"not_picked":["sneckomod:IronFang+1","sneckomod:QuickBite+1","sneckomod:SoulDraw"],"picked":"SKIP","floor":106.0},{"not_picked":["sneckomod:Unknown0Cost+1","sneckomod:Rotation","sneckomod:WideSting+1"],"picked":"SKIP","floor":107.0},{"not_picked":["sneckomod:DiceBlock","sneckomod:UnknownX+1","sneckomod:UnknownVulnerable+1"],"picked":"SKIP","floor":109.0},{"not_picked":["sneckomod:UnknownUncommonSkill+1","sneckomod:Unknown1Cost+1","sneckomod:UnknownWeak+1"],"picked":"SKIP","floor":111.0},{"not_picked":["sneckomod:DiceBlock","sneckomod:UnknownCommonSkill+1","sneckomod:IronFang+1"],"picked":"SKIP","floor":115.0},{"not_picked":["sneckomod:SerpentMind","sneckomod:UnknownCommonSkill+1","sneckomod:DiceBlock"],"picked":"SKIP","floor":116.0},{"not_picked":["sneckomod:DiceBlock","sneckomod:UnknownWeak+1","sneckomod:Nope"],"picked":"SKIP","floor":117.0},{"not_picked":["sneckomod:Transmogrify","sneckomod:SoulExchange"],"picked":"sneckomod:UnknownRarePower+1","floor":118.0},{"not_picked":["sneckomod:SoulRoll","sneckomod:QuickMove","sneckomod:UnknownCommonAttack+1"],"picked":"SKIP","floor":121.0},{"not_picked":["sneckomod:UnknownBlock+1","sneckomod:QuickMove+1","sneckomod:RainOfDice+1"],"picked":"SKIP","floor":122.0},{"not_picked":["Concentrate+1","Slimebound:ServeAndProtect+1"],"picked":"Whirlwind+1","floor":126.0},{"not_picked":["champ:HeavySlash+1","sneckomod:CheapStock","sneckomod:QuickBite+1"],"picked":"SKIP","floor":129.0},{"not_picked":["champ:TornadoPunch+1","sneckomod:Unknown2Cost+1","champ:DefensiveStyle+1"],"picked":"SKIP","floor":133},{"not_picked":["Trip+1","Coolheaded+1","Tactician+1"],"picked":"SKIP","floor":134},{"not_picked":["Slimebound:GoopSpray+1","sneckomod:MixItUp+1","champ:BerserkersShout+1"],"picked":"SKIP","floor":138}],"player_experience":1538426,"relics_obtained":[{"floor":20.0,"key":"Turnip"},{"floor":22.0,"key":"Pocketwatch"},{"floor":22.0,"key":"Molten Egg 2"},{"floor":24.0,"key":"sneckomod:ConfusingCodex"},{"floor":26.0,"key":"Pear"},{"floor":30.0,"key":"Guardian:GemstoneGun"},{"floor":41.0,"key":"Mercury Hourglass"},{"floor":43.0,"key":"Bronze Scales"},{"floor":46.0,"key":"CaptainsWheel"},{"floor":48.0,"key":"Meat on the Bone"},{"floor":58.0,"key":"War Paint"},{"floor":99.0,"key":"sneckomod:UnknownEgg"}],"event_choices":[{"damage_healed":0.0,"max_hp_gain":0.0,"max_hp_loss":0.0,"gold_gain":0.0,"event_name":"Vampires","player_choice":"Ignored","floor":19.0,"gold_loss":0.0,"damage_taken":0.0},{"cards_removed":["sneckomod:CheapStock"],"damage_healed":0.0,"max_hp_gain":0.0,"max_hp_loss":0.0,"gold_gain":0.0,"event_name":"NoteForYourself","player_choice":"Took Card","floor":23.0,"gold_loss":0.0,"damage_taken":0.0,"cards_obtained":["DevaForm"]},{"damage_healed":0.0,"max_hp_gain":0.0,"max_hp_loss":0.0,"gold_gain":0.0,"event_name":"Scrap Ooze","player_choice":"Success","floor":57.0,"gold_loss":0.0,"damage_taken":3.0,"relics_obtained":["Boot"]},{"damage_healed":0.0,"max_hp_gain":0.0,"max_hp_loss":0.0,"gold_gain":0.0,"event_name":"Vampires","player_choice":"Ignored","floor":71.0,"gold_loss":0.0,"damage_taken":0.0},{"damage_healed":0.0,"max_hp_gain":0.0,"max_hp_loss":0.0,"gold_gain":0.0,"event_name":"Drug Dealer","player_choice":"Inject Mutagens","floor":79.0,"gold_loss":0.0,"damage_taken":0.0,"relics_obtained":["MutagenicStrength"]},{"damage_healed":0.0,"max_hp_gain":0.0,"max_hp_loss":0.0,"gold_gain":0.0,"event_name":"Mysterious Sphere","player_choice":"Fight","floor":91.0,"gold_loss":0.0,"damage_taken":0.0},{"cards_removed":["sneckomod:Nope"],"damage_healed":0.0,"max_hp_gain":0.0,"max_hp_loss":0.0,"gold_gain":0.0,"event_name":"Purifier","player_choice":"Purged","floor":94.0,"gold_loss":0.0,"damage_taken":0.0},{"damage_healed":0,"gold_gain":0,"player_choice":"Inject Mutagens","damage_taken":0,"relics_obtained":["Circlet"],"max_hp_gain":0,"max_hp_loss":0,"event_name":"Drug Dealer","floor":131,"gold_loss":0},{"damage_healed":0,"gold_gain":0,"player_choice":"Got Potions","damage_taken":0,"max_hp_gain":0,"max_hp_loss":0,"event_name":"Lab","floor":132,"gold_loss":0}],"is_beta":false,"boss_relics":[{"not_picked":["Velvet Choker","Black Star"],"picked":"Philosopher\u0027s Stone"},{"not_picked":["Runic Dome","Astrolabe"],"picked":"sneckomod:SuperSneckoSoul"},{"not_picked":["Cursed Key","Sozu"],"picked":"sneckomod:SneckoTalon"},{"not_picked":["Calling Bell","Black Star"],"picked":"Sozu"},{"not_picked":["Astrolabe","Empty Cage"],"picked":"expansioncontent:StudyCardRelic"},{"not_picked":["Fusion Hammer","Busted Crown"],"picked":"SlaversCollar"},{"not_picked":["Black Star","SacredBark"],"picked":"Snecko Eye"},{"not_picked":["Fusion Hammer","Empty Cage"],"picked":"Velvet Choker"}],"items_purged_floors":[5,10,45,76,81,93,96,110,124,128,139],"is_endless":true,"potions_floor_spawned":[2,9,11,21,22,28,33,38,39,48,53,60,64,66,67,75,82,84,90,91,99,101,106,107,111,115,118,121,133,135,138],"killed_by":"Orb Walker","ascension_level":0}}