{"host":"szp1d6dso4pv7ddl","time":1608958070,"event":{"mods":["AchievementEnabler","Alarm Clock","BaseMod","Bestiary","Block Reminder","Colored Map","Colored Powertips","Curses Come First","Displayed Cursed Tome","Highlight Path","Minty Spire (QoL Compilation)","Permanent Neow","Quick Restart","Relic Sorter","Relic Stats","StSLib","Synergy Search"],"gold_per_floor":[114,129,129,41,51,81,81,109,132,148,148,161,161,180,180,280,280,294,305,305,318,67,67,102,119,172,206,206,220,230,8,8,8,8],"floor_reached":33,"playtime":1841,"items_purged":["Parasite","Defend_G"],"score":478,"play_id":"7fc7682e-a8a6-4fad-b837-8f4926bb1d61","local_time":"20201225204750","is_ascension_mode":true,"campfire_choices":[{"floor":7.0,"key":"REST"},{"floor":13,"key":"REST"},{"floor":15,"key":"REST"},{"floor":23,"key":"REST"},{"floor":32,"key":"REST"}],"circlet_count":0,"master_deck":["AscendersBane","Strike_G","Strike_G","Strike_G","Strike_G","Strike_G","Defend_G","Defend_G","Defend_G","Defend_G","Survivor","Neutralize","Slice","Blade Dance","Flash of Steel","Blade Dance","Choke","Infinite Blades","Slice","Slice","A Thousand Cuts+1","Prepared","Deflect","Terror","Finesse","Infinite Blades","Finesse","Quick Slash"],"relics":["Fusion Hammer","Oddly Smooth Stone","Blood Vial","Ancient Tea Set","Potion Belt","Busted Crown","Mercury Hourglass","Regal Pillow","Bag of Marbles"],"acts_visited":["Exordium","TheCity"],"potions_floor_usage":[16,24,24,24,33],"damage_taken":[{"damage":0.0,"enemies":"Cultist","floor":1.0,"turns":5.0},{"damage":0.0,"enemies":"Jaw Worm","floor":2.0,"turns":5.0},{"damage":1.0,"enemies":"Small Slimes","floor":5.0,"turns":3.0},{"damage":22.0,"enemies":"3 Sentries","floor":6.0,"turns":8.0},{"damage":26.0,"enemies":"Lagavulin","floor":8.0,"turns":4.0},{"damage":20.0,"enemies":"3 Louse","floor":10.0,"turns":3.0},{"damage":10.0,"enemies":"Red Slaver","floor":12.0,"turns":4.0},{"damage":2,"enemies":"Blue Slaver","floor":14,"turns":4},{"damage":20,"enemies":"Slime Boss","floor":16,"turns":11},{"damage":0,"enemies":"Chosen","floor":18,"turns":4},{"damage":23,"enemies":"2 Thieves","floor":19,"turns":5},{"damage":16,"enemies":"Cultist and Chosen","floor":21,"turns":6},{"damage":4,"enemies":"Slavers","floor":24,"turns":3},{"damage":31,"enemies":"Shelled Parasite and Fungi","floor":25,"turns":4},{"damage":20,"enemies":"Book of Stabbing","floor":27,"turns":4},{"damage":10,"enemies":"Snecko","floor":29,"turns":3},{"damage":10,"enemies":"Centurion and Healer","floor":30,"turns":3},{"damage":69,"enemies":"Automaton","floor":33,"turns":6}],"seed_played":"-2262445584115120920","potions_obtained":[{"floor":6.0,"key":"Strength Potion"},{"floor":8.0,"key":"ColorlessPotion"},{"floor":10.0,"key":"CunningPotion"},{"floor":14,"key":"LiquidMemories"},{"floor":18,"key":"Block Potion"},{"floor":21,"key":"Swift Potion"},{"floor":30,"key":"Energy Potion"}],"is_trial":false,"path_per_floor":["M","M","?","$","M","E","R","E","T","M","?","M","R","M","R","B",null,"M","M","?","M","$","R","E","M","T","E","?","M","M","$","R","B"],"character_chosen":"THE_SILENT","items_purchased":["Flash of Steel","Terror","Finesse","Finesse","Quick Slash"],"campfire_rested":5,"item_purchase_floors":[4,22,22,31,31],"current_hp_per_floor":[63,63,51,51,50,28,49,25,25,7,24,16,37,37,58,40,63,65,44,44,30,30,50,48,19,19,1,23,15,7,7,42,0,0],"gold":8,"neow_bonus":"BOSS_RELIC","is_daily":false,"chose_seed":false,"campfire_upgraded":0,"win_rate":0.0,"timestamp":1608958070,"path_taken":["M","?","?","$","M","E","R","E","T","M","?","M","R","M","R","BOSS","M","M","?","?","$","R","E","M","T","E","?","M","M","$","R","BOSS"],"items_purchased_type":["Card","Card","Card","Card","Card"],"build_version":"2020-12-22","purchased_purges":2,"victory":false,"max_hp_per_floor":[70,70,70,70,70,70,70,70,70,70,70,70,70,70,70,70,70,70,70,70,70,67,67,67,67,67,67,67,67,67,67,67,67,67],"relic_stats":{"Blood Vial":28,"Regal Pillow":15,"Busted Crown":16,"counters":[18,84],"obtain_stats":[{"Blood Vial":6,"Potion Belt":9,"Regal Pillow":26,"Busted Crown":17,"Oddly Smooth Stone":3,"Fusion Hammer":0,"Bag of Marbles":27,"Ancient Tea Set":8,"Ring of the Snake":0,"Mercury Hourglass":24},{"Blood Vial":4,"Potion Belt":5,"Regal Pillow":14,"Busted Crown":9,"Oddly Smooth Stone":2,"Fusion Hammer":0,"Bag of Marbles":15,"Ancient Tea Set":5,"Ring of the Snake":0,"Mercury Hourglass":13},{"Blood Vial":21,"Potion Belt":25,"Regal Pillow":69,"Busted Crown":47,"Oddly Smooth Stone":10,"Fusion Hammer":0,"Bag of Marbles":73,"Ancient Tea Set":25,"Ring of the Snake":0,"Mercury Hourglass":65}],"Mercury Hourglass":[69]},"card_choices":[{"not_picked":["Dagger Throw","Poisoned Stab"],"picked":"Slice","floor":1.0},{"not_picked":["Endless Agony","PiercingWail"],"picked":"Blade Dance","floor":2.0},{"not_picked":["Dagger Throw","Endless Agony"],"picked":"Blade Dance","floor":5.0},{"not_picked":["Venomology","Leg Sweep"],"picked":"Choke","floor":6.0},{"not_picked":["Underhanded Strike","Prepared"],"picked":"Infinite Blades","floor":8.0},{"not_picked":["Dodge and Roll","Tactician"],"picked":"Slice","floor":10.0},{"not_picked":["Deadly Poison","Choke"],"picked":"Slice","floor":12},{"not_picked":["Noxious Fumes","Eviscerate","Dodge and Roll"],"picked":"SKIP","floor":14},{"not_picked":["Tools of the Trade","Glass Knife"],"picked":"A Thousand Cuts","floor":16},{"not_picked":[],"picked":"Prepared","floor":18},{"not_picked":[],"picked":"Deflect","floor":19},{"not_picked":["Expertise"],"picked":"SKIP","floor":21},{"not_picked":["Noxious Fumes"],"picked":"SKIP","floor":24},{"not_picked":["Dagger Spray"],"picked":"SKIP","floor":25},{"not_picked":[],"picked":"Infinite Blades","floor":27},{"not_picked":["PiercingWail+1"],"picked":"SKIP","floor":29},{"not_picked":["Masterful Stab+1"],"picked":"SKIP","floor":30}],"player_experience":1017914,"relics_obtained":[{"floor":6.0,"key":"Blood Vial"},{"floor":8.0,"key":"Ancient Tea Set"},{"floor":9.0,"key":"Potion Belt"},{"floor":24,"key":"Mercury Hourglass"},{"floor":26,"key":"Regal Pillow"},{"floor":27,"key":"Bag of Marbles"}],"event_choices":[{"damage_healed":0.0,"max_hp_gain":0.0,"max_hp_loss":0.0,"gold_gain":0.0,"event_name":"Scrap Ooze","player_choice":"Success","floor":3.0,"gold_loss":0.0,"damage_taken":12.0,"relics_obtained":["Oddly Smooth Stone"]},{"damage_healed":17.0,"max_hp_gain":0.0,"max_hp_loss":0.0,"gold_gain":0.0,"event_name":"Mushrooms","player_choice":"Healed and dodged fight","floor":11.0,"gold_loss":0.0,"damage_taken":0.0,"cards_obtained":["Parasite"]},{"damage_healed":0,"gold_gain":0,"player_choice":"Upgraded","damage_taken":0,"max_hp_gain":0,"max_hp_loss":0,"event_name":"Upgrade Shrine","floor":20,"gold_loss":0,"cards_upgraded":["A Thousand Cuts"]},{"damage_healed":22,"gold_gain":0,"player_choice":"Heal","damage_taken":0,"max_hp_gain":0,"max_hp_loss":0,"event_name":"The Library","floor":28,"gold_loss":0}],"is_beta":false,"boss_relics":[{"not_picked":["Cursed Key","Runic Pyramid"],"picked":"Busted Crown"}],"items_purged_floors":[22,31],"is_endless":false,"potions_floor_spawned":[6,8,10,14,18,21,30],"killed_by":"Automaton","ascension_level":12}}