{"host":"ged1bqtamtf4sn4x","time":1608991268,"event":{"mods":["BaseMod","Colored Map","DeckTracker","Highlight Path","Keyboard Shortcuts","Minty Spire (QoL Compilation)","Permanent Neow","Quick Restart","SuperFastMode","everything is the same but u backflip on backflip"],"gold_per_floor":[114,189,207,223,148,177,177,189,242,261,186,217,117,152,152,152,152],"floor_reached":16,"playtime":310,"items_purged":["Strike_R","Strike_R"],"score":240,"play_id":"4bcc238c-0682-4049-a56f-ea92844d7188","local_time":"20201226230108","is_ascension_mode":true,"campfire_choices":[{"data":"Immolate","floor":7,"key":"SMITH"},{"data":"Dark Embrace","floor":15,"key":"SMITH"}],"circlet_count":0,"master_deck":["AscendersBane","Strike_R+1","Strike_R+1","Defend_R","Defend_R","Defend_R","Defend_R","Bash+1","Twin Strike","Armaments","Immolate+1","Second Wind","Dark Embrace+1","Body Slam","Seeing Red"],"relics":["Burning Blood","Letter Opener","Art of War","Whetstone","Happy Flower"],"acts_visited":["Exordium"],"potions_floor_usage":[3,6,10],"damage_taken":[{"damage":12,"enemies":"2 Louse","floor":1,"turns":3},{"damage":7,"enemies":"Jaw Worm","floor":3,"turns":3},{"damage":7,"enemies":"Small Slimes","floor":4,"turns":3},{"damage":10,"enemies":"3 Sentries","floor":6,"turns":3},{"damage":1,"enemies":"3 Louse","floor":8,"turns":2},{"damage":0,"enemies":"Exordium Wildlife","floor":10,"turns":3},{"damage":8,"enemies":"Gremlin Nob","floor":12,"turns":3},{"damage":20,"enemies":"3 Sentries","floor":14,"turns":4},{"damage":54,"enemies":"Slime Boss","floor":16,"turns":8}],"seed_played":"-3581306836703506562","potions_obtained":[{"floor":3,"key":"Fruit Juice"},{"floor":4,"key":"Fire Potion"},{"floor":8,"key":"Block Potion"}],"is_trial":false,"path_per_floor":["M","?","M","M","$","E","R","M","T","M","?","E","$","E","R","B"],"character_chosen":"IRONCLAD","items_purchased":[],"campfire_rested":0,"item_purchase_floors":[],"current_hp_per_floor":[62,51,55,54,54,50,50,55,55,61,61,59,59,45,45,0,0],"gold":152,"neow_bonus":"UPGRADE_CARD","is_daily":false,"chose_seed":false,"campfire_upgraded":2,"win_rate":0.0,"timestamp":1608991268,"path_taken":["M","?","M","M","$","E","R","M","T","M","?","E","$","E","R","BOSS"],"items_purchased_type":[],"build_version":"2020-12-22","purchased_purges":2,"victory":false,"max_hp_per_floor":[75,75,80,80,80,80,80,80,80,80,80,80,80,80,80,80,80],"card_choices":[{"not_picked":["Anger","Ghostly Armor"],"picked":"Twin Strike","floor":1},{"not_picked":["Pummel","Searing Blow"],"picked":"Armaments","floor":3},{"not_picked":["Heavy Blade","Infernal Blade"],"picked":"Immolate","floor":4},{"not_picked":["Armaments","Clash"],"picked":"Second Wind","floor":6},{"not_picked":["Wild Strike","Twin Strike"],"picked":"Dark Embrace","floor":8},{"not_picked":["True Grit","Bludgeon"],"picked":"Body Slam","floor":10},{"not_picked":["Carnage","Flex","Clash"],"picked":"SKIP","floor":12},{"not_picked":["Clash","Shockwave"],"picked":"Seeing Red","floor":14}],"player_experience":404380,"relics_obtained":[{"floor":6,"key":"Letter Opener"},{"floor":9,"key":"Art of War"},{"floor":12,"key":"Whetstone"},{"floor":14,"key":"Happy Flower"}],"event_choices":[{"damage_healed":0,"gold_gain":75,"player_choice":"Gather Gold","damage_taken":11,"max_hp_gain":0,"max_hp_loss":0,"event_name":"World of Goop","floor":2,"gold_loss":0},{"cards_removed":["Strike_R"],"damage_healed":0,"gold_gain":0,"player_choice":"Card Removal","damage_taken":0,"max_hp_gain":0,"max_hp_loss":0,"event_name":"The Cleric","floor":11,"gold_loss":75}],"is_beta":false,"boss_relics":[],"items_purged_floors":[5,13],"is_endless":false,"potions_floor_spawned":[3,4,8],"killed_by":"Slime Boss","ascension_level":20}}