{"host":"8w77ry71wnq5rafu","time":1608972004,"event":{"mods":["AchievementEnabler","BaseMod","ChefMod","Colored Map","Hermit","Highlight Path","Key Reminder","Minty Spire (QoL Compilation)","Permanent Neow","Random Character Button","Rare Cards Sparkle","StSLib","The Edgeheg","The IronCluck","The Problem Sleuth","The Senshi","Unceasing Turn Reminder","egg","everything is the same but u backflip on backflip","slay the spire mod where everything is the same but ironclad has a cowboy hat","thorton"],"gold_per_floor":[117,127,137,153,153,186,186,186,186,32,43,71,88,117,119,223,227,246,284,289,309,342,348,384,402,462,506,140,167,95,113,115,216,220,235,1238,1282,1327,1353,1410,1438,1485,1564,1595,1660,1708,1775,1826,1862,1899,1936,1974,1539,1601,1633,1633],"floor_reached":55,"playtime":9077,"items_purged":["theSenshi:SailorKick+1","Normality"],"score":916,"play_id":"2c3b9ef4-f753-48d0-b9d8-c0663f893864","local_time":"20201226014004","is_ascension_mode":true,"campfire_choices":[{"data":"theSenshi:RoseThrow","floor":8,"key":"SMITH"},{"data":"theSenshi:InTheNickOfTime","floor":15,"key":"SMITH"},{"data":"theSenshi:SailorUranusAssists","floor":23,"key":"SMITH"},{"data":"theSenshi:JupitersPower","floor":32,"key":"SMITH"},{"data":"theSenshi:Overload","floor":41,"key":"SMITH"},{"floor":49,"key":"RECALL"},{"data":"theSenshi:KlutzyLuck","floor":52,"key":"SMITH"}],"circlet_count":0,"master_deck":["theSenshi:SailorKick+1","theSenshi:SailorKick+1","theSenshi:SailorBlock+1","theSenshi:SailorBlock+1","theSenshi:SailorBlock+1","theSenshi:SailorBlock+1","theSenshi:RoseThrow+1","theSenshi:MoonPrismPowerMakeUp+1","theSenshi:MoonPrincessHalation","theSenshi:SaturnsMystery+1","theSenshi:PlutosSolemnity","theSenshi:JupitersPower+1","theSenshi:SailorUranusAssists+1","theSenshi:StudyParty","theSenshi:TallSilhouette+1","theSenshi:LateForSchool","theSenshi:KlutzyLuck+1","theSenshi:StudyParty","theSenshi:SaturnsMystery","theSenshi:InTheNickOfTime+1","theSenshi:InTheNameOfTheMoon+1","theSenshi:SailorStarMakerAssists+1","theSenshi:Overload+1","theSenshi:MoonKick+1","theSenshi:GlimpseOfThePast","theSenshi:IWillPunishYou","Normality","theSenshi:SailorNeptuneAssists","theSenshi:HesSoDreamy+1"],"relics":["theSenshi:TransformationBroochRelic","Orichalcum","Whetstone","Orrery","thethorton:BankDeed","Happy Flower","SlaversCollar","Red Mask","Oddly Smooth Stone","Blood Vial","Art of War","War Paint","Bag of Preparation","Busted Crown","Meat on the Bone","Shuriken","Omamori","Membership Card","Kunai","Centennial Puzzle","Vajra"],"acts_visited":["Exordium","TheCity","TheBeyond","TheEnding"],"potions_floor_usage":[6,14,16,18,18,25,29,47,47,50,55,55,55],"damage_taken":[{"damage":0,"enemies":"Jaw Worm","floor":1,"turns":3},{"damage":8,"enemies":"2 Louse","floor":2,"turns":3},{"damage":14,"enemies":"Small Slimes","floor":3,"turns":4},{"damage":10,"enemies":"2 Fungi Beasts","floor":4,"turns":4},{"damage":14,"enemies":"Lagavulin","floor":6,"turns":5},{"damage":12,"enemies":"Large Slime","floor":11,"turns":6},{"damage":22,"enemies":"Gremlin Nob","floor":12,"turns":4},{"damage":14,"enemies":"Exordium Wildlife","floor":13,"turns":4},{"damage":9,"enemies":"3 Sentries","floor":14,"turns":7},{"damage":6,"enemies":"Hexaghost","floor":16,"turns":9},{"damage":5,"enemies":"2 Thieves","floor":18,"turns":4},{"damage":43,"enemies":"Masked Bandits","floor":19,"turns":7},{"damage":19,"enemies":"Spheric Guardian","floor":21,"turns":6},{"damage":13,"enemies":"Gremlin Leader","floor":24,"turns":6},{"damage":29,"enemies":"3 Cultists","floor":25,"turns":6},{"damage":17,"enemies":"Slavers","floor":27,"turns":7},{"damage":37,"enemies":"Gremlin Leader","floor":29,"turns":5},{"damage":11,"enemies":"Centurion and Healer","floor":31,"turns":6},{"damage":7,"enemies":"Automaton","floor":33,"turns":6},{"damage":19,"enemies":"3 Darklings","floor":35,"turns":5},{"damage":4,"enemies":"Orb Walker","floor":37,"turns":3},{"damage":13,"enemies":"Sphere and 2 Shapes","floor":38,"turns":7},{"damage":47,"enemies":"Reptomancer","floor":40,"turns":8},{"damage":21,"enemies":"Writhing Mass","floor":42,"turns":6},{"damage":31,"enemies":"Nemesis","floor":45,"turns":7},{"damage":89,"enemies":"Transient","floor":46,"turns":5},{"damage":36,"enemies":"Reptomancer","floor":47,"turns":5},{"damage":22,"enemies":"3 Darklings","floor":48,"turns":5},{"damage":90,"enemies":"Awakened One","floor":50,"turns":18},{"damage":52,"enemies":"Shield and Spear","floor":54,"turns":8},{"damage":133,"enemies":"The Heart","floor":55,"turns":11}],"seed_played":"-4795074867645538719","potions_obtained":[{"floor":2,"key":"DuplicationPotion"},{"floor":4,"key":"LiquidBronze"},{"floor":6,"key":"Swift Potion"},{"floor":13,"key":"GamblersBrew"},{"floor":14,"key":"Block Potion"},{"floor":16,"key":"Explosive Potion"},{"floor":18,"key":"Dexterity Potion"},{"floor":24,"key":"SteroidPotion"},{"floor":27,"key":"EssenceOfSteel"},{"floor":33,"key":"EssenceOfSteel"},{"floor":38,"key":"FairyPotion"},{"floor":40,"key":"DuplicationPotion"},{"floor":46,"key":"Weak Potion"}],"is_trial":false,"path_per_floor":["M","M","M","M","?","E","?","R","T","$","M","E","M","E","R","B",null,"M","?","?","M","T","R","E","M","T","E","$","E","?","M","R","B",null,"M","?","M","M","?","E","R","M","T","?","E","M","E","M","R","B",null,"R","$","E","B"],"character_chosen":"THE_SENSHI","items_purchased":["Orrery","theSenshi:GlimpseOfThePast","theSenshi:IWillPunishYou","Membership Card","Energy Potion","Fire Potion","AttackPotion","Kunai","Centennial Puzzle"],"campfire_rested":0,"item_purchase_floors":[10,28,28,53,53,53,53,53,53],"current_hp_per_floor":[75,67,60,60,65,51,35,35,35,35,34,27,44,67,67,80,80,80,46,46,27,27,27,62,75,75,80,80,53,53,69,69,78,80,80,80,80,71,71,50,50,64,64,64,51,34,56,71,71,34,76,76,76,76,0,0],"gold":1633,"neow_bonus":"UPGRADE_CARD","is_daily":false,"chose_seed":false,"campfire_upgraded":6,"win_rate":0.0,"timestamp":1608972004,"path_taken":["M","M","M","M","?","E","?","R","T","$","M","E","M","E","R","BOSS","M","?","?","M","?","R","E","M","T","E","$","E","?","M","R","BOSS","M","?","M","M","?","E","R","M","T","?","E","M","E","M","R","BOSS","R","$","E","BOSS"],"items_purchased_type":["Relic","Card","Card","Relic","Potion","Potion","Potion","Relic","Relic"],"build_version":"2020-12-22","purchased_purges":2,"victory":false,"max_hp_per_floor":[75,75,75,75,80,80,80,80,80,80,80,80,80,80,80,80,80,80,80,80,80,80,80,80,80,80,80,80,80,80,80,80,80,80,80,80,80,80,80,80,80,80,80,76,76,76,76,76,76,76,76,76,76,76,76,76],"card_choices":[{"not_picked":["theSenshi:MoonPunch","theSenshi:SupersonicWaves"],"picked":"theSenshi:MoonPrincessHalation","floor":1},{"not_picked":["theSenshi:MoonPower","theSenshi:SchoolBag"],"picked":"theSenshi:SaturnsMystery","floor":2},{"not_picked":["theSenshi:RainbowMoonHeartAche","theSenshi:MoonPunch"],"picked":"theSenshi:PlutosSolemnity","floor":3},{"not_picked":["theSenshi:LateForSchool","theSenshi:SaturnsMystery"],"picked":"theSenshi:JupitersPower","floor":4},{"not_picked":["theSenshi:SteeledNerves","theSenshi:DramaticEntrance"],"picked":"theSenshi:SailorUranusAssists","floor":6},{"not_picked":["theSenshi:EncouragingSpeech","theSenshi:LunaWiseMentor"],"picked":"theSenshi:StudyParty","floor":10},{"not_picked":["theSenshi:MoonPrincessHalation","theSenshi:SailorMercuryAssists"],"picked":"theSenshi:TallSilhouette","floor":10},{"not_picked":["theSenshi:KlutzyLuck","theSenshi:SupersonicWaves"],"picked":"theSenshi:LateForSchool","floor":10},{"not_picked":["theSenshi:CrisisMakeUp","theSenshi:MoonPunch"],"picked":"theSenshi:KlutzyLuck","floor":10},{"not_picked":["theSenshi:SailorStarMakerAssists","theSenshi:LunasBite"],"picked":"theSenshi:StudyParty","floor":11},{"not_picked":["theSenshi:HesSoDreamy","theSenshi:MercurysCunning"],"picked":"theSenshi:SaturnsMystery","floor":12},{"not_picked":["theSenshi:SailorMercuryAssists","theSenshi:SupersonicWaves","theSenshi:LunasBite"],"picked":"SKIP","floor":13},{"not_picked":["theSenshi:SailorVenusAssists","theSenshi:SailorV"],"picked":"theSenshi:InTheNickOfTime","floor":14},{"not_picked":["theSenshi:GlimpseOfThePast","theSenshi:SilverMoonCrystalPowerKiss"],"picked":"theSenshi:InTheNameOfTheMoon","floor":16},{"not_picked":["theSenshi:SailorMercuryAssists","theSenshi:MoonPrincessHalation","theSenshi:MoonsReflection"],"picked":"SKIP","floor":18},{"not_picked":["theSenshi:LateForSchool","theSenshi:PlutosSolemnity"],"picked":"theSenshi:SailorStarMakerAssists+1","floor":19},{"not_picked":["theSenshi:MoonPrincessHalation+1","theSenshi:LunasBite+1","theSenshi:DramaticEntrance"],"picked":"SKIP","floor":21},{"not_picked":["theSenshi:SchoolBag","theSenshi:SailorMarsAssists","theSenshi:TuxedoSmokingBomber"],"picked":"SKIP","floor":24},{"not_picked":["theSenshi:SailorStarFighterAssists","theSenshi:SailorJupiterAssists"],"picked":"theSenshi:Overload","floor":25},{"not_picked":["theSenshi:TuxedoSmokingBomber","theSenshi:MercurysCunning"],"picked":"theSenshi:MoonKick+1","floor":27},{"not_picked":["theSenshi:GlimpseOfThePast","theSenshi:LateForSchool","theSenshi:Sidestep"],"picked":"SKIP","floor":29},{"not_picked":["theSenshi:TuxedoSmokingBomber","theSenshi:Sidestep","theSenshi:YouCanTalk"],"picked":"SKIP","floor":31},{"not_picked":["theSenshi:LateForSchool"],"picked":"SKIP","floor":35},{"not_picked":["theSenshi:MoonPrincessHalation+1"],"picked":"SKIP","floor":37},{"not_picked":["theSenshi:YouCanTalk"],"picked":"SKIP","floor":38},{"not_picked":["theSenshi:MercurysCunning"],"picked":"SKIP","floor":40},{"not_picked":["theSenshi:VenusGlamour+1"],"picked":"SKIP","floor":42},{"not_picked":["theSenshi:MoonSpiralHeartAttack+1"],"picked":"SKIP","floor":45},{"not_picked":["theSenshi:Overload"],"picked":"SKIP","floor":46},{"not_picked":["theSenshi:MoonPunch+1"],"picked":"SKIP","floor":47},{"not_picked":[],"picked":"theSenshi:SailorNeptuneAssists","floor":48},{"not_picked":[],"picked":"theSenshi:HesSoDreamy+1","floor":54}],"player_experience":463067,"relics_obtained":[{"floor":6,"key":"Orichalcum"},{"floor":9,"key":"Whetstone"},{"floor":12,"key":"thethorton:BankDeed"},{"floor":14,"key":"Happy Flower"},{"floor":19,"key":"Red Mask"},{"floor":22,"key":"Oddly Smooth Stone"},{"floor":24,"key":"Blood Vial"},{"floor":26,"key":"Art of War"},{"floor":27,"key":"War Paint"},{"floor":29,"key":"Bag of Preparation"},{"floor":40,"key":"Meat on the Bone"},{"floor":45,"key":"Shuriken"},{"floor":47,"key":"Omamori"},{"floor":54,"key":"Vajra"}],"event_choices":[{"damage_healed":0,"gold_gain":0,"player_choice":"Donut","damage_taken":0,"max_hp_gain":5,"max_hp_loss":0,"event_name":"Big Fish","floor":5,"gold_loss":0},{"damage_healed":0,"gold_gain":0,"player_choice":"Entered Light","damage_taken":16,"max_hp_gain":0,"max_hp_loss":0,"event_name":"Shining Light","floor":7,"gold_loss":0,"cards_upgraded":["theSenshi:SaturnsMystery","theSenshi:SailorKick"]},{"damage_healed":0,"gold_gain":0,"player_choice":"Fought Bandits","damage_taken":0,"max_hp_gain":0,"max_hp_loss":0,"event_name":"Masked Bandits","floor":19,"gold_loss":0},{"damage_healed":0,"gold_gain":0,"player_choice":"Simplicity","damage_taken":0,"max_hp_gain":0,"max_hp_loss":0,"event_name":"Back to Basics","floor":20,"gold_loss":0,"cards_upgraded":["theSenshi:SailorKick","theSenshi:SailorBlock","theSenshi:SailorBlock","theSenshi:SailorBlock","theSenshi:SailorBlock"]},{"cards_removed":["theSenshi:SailorKick"],"damage_healed":0,"gold_gain":0,"player_choice":"Gave Gold","damage_taken":0,"max_hp_gain":0,"max_hp_loss":0,"event_name":"Beggar","floor":30,"gold_loss":75},{"damage_healed":0,"gold_gain":999,"player_choice":"Gold","damage_taken":0,"max_hp_gain":0,"max_hp_loss":0,"event_name":"MindBloom","floor":36,"gold_loss":0,"cards_obtained":["Normality","Normality"]},{"damage_healed":0,"gold_gain":0,"player_choice":"Max HP","damage_taken":0,"max_hp_gain":0,"max_hp_loss":4,"event_name":"Winding Halls","floor":44,"gold_loss":0}],"is_beta":false,"boss_relics":[{"not_picked":["thethorton:CrushedCigarette","theSenshi:MoonKaleidoScopeRelic"],"picked":"SlaversCollar"},{"not_picked":["thethorton:BottledFunds","Astrolabe"],"picked":"Busted Crown"}],"items_purged_floors":[28,53],"is_endless":false,"potions_floor_spawned":[2,4,6,13,14,16,18,24,27,33,35,38,40,46],"killed_by":"The Heart","ascension_level":2}}