{"host":"acpsw8r33r8788yr","time":1608977460,"event":{"mods":["BaseMod","Better Altar","Better Skull","Better Third Choice","BetterRewards","Colored Map","Downfall","Hermit","Highlight Path","Hubris","Minty Spire (QoL Compilation)","Quick Restart","Replay The Spire","Robot Space Explorer","Shop Mod","StSLib","The Animator","The Bug Knight","The Construct","The Cursed","The Disciple","The Jungle","The Runesmith","The Senshi"],"gold_per_floor":[119,119,177,177,177,213,213,213,258,29,60,98,139,139,139,139,139],"floor_reached":16,"playtime":712,"items_purged":["hermit:Defend_Hermit"],"score":273,"play_id":"cc3e9149-eded-4908-ad4b-561b60136108","local_time":"20201226021100","is_ascension_mode":false,"campfire_choices":[{"floor":8,"key":"REST"},{"data":"hermit:GoldenBullet","floor":15,"key":"SMITH"}],"circlet_count":0,"master_deck":["hermit:Strike_Hermit","hermit:Strike_Hermit","hermit:Strike_Hermit","hermit:Strike_Hermit","hermit:Defend_Hermit","hermit:Defend_Hermit","hermit:Defend_Hermit","hermit:Snapshot","hermit:Covet","hermit:Determination","hermit:Spite","Looming Evil","hubris:Greed","hubris:Greed","hubris:Greed","hubris:Greed","hubris:Greed","hubris:Greed","hermit:GoldenBullet+1","Injury"],"relics":["hermit:Momento","MealTicket","ReplayTheSpireMod:Ring of Exchange","ReplayTheSpireMod:Ring of Sloth","hubris:ToyBattleship","hubris:EvacipatedBox","theSenshi:SailorFukuRelic","Replay:Mystery Machine","hubris:HerbalPaste","Golden Idol"],"acts_visited":["Exordium"],"potions_floor_usage":[16],"damage_taken":[{"damage":1,"enemies":"2 Louse","floor":1,"turns":2},{"damage":36,"enemies":"Lagavulin","floor":6,"turns":7},{"damage":6,"enemies":"Jaw Worm","floor":11,"turns":2},{"damage":5,"enemies":"Small Slimes","floor":12,"turns":3},{"damage":4,"enemies":"Looter","floor":13,"turns":3},{"damage":12,"enemies":"Slime Boss","floor":16,"turns":5}],"seed_played":"-8622871912629574260","potions_obtained":[{"floor":6,"key":"Milkshake"},{"floor":12,"key":"hermit:Tonic"}],"is_trial":false,"path_per_floor":["M","$","?","?","?","E","$","R","T","$","M","M","M","?","R","B"],"character_chosen":"HERMIT","items_purchased":["hubris:EvacipatedBox","theSenshi:SailorFukuRelic","hubris:HerbalPaste"],"campfire_rested":1,"item_purchase_floors":[7,7,10],"current_hp_per_floor":[74,75,75,75,75,39,10,32,32,47,41,36,32,32,32,20,20],"gold":139,"neow_bonus":"","is_daily":false,"chose_seed":false,"campfire_upgraded":1,"win_rate":0.0,"timestamp":1608977460,"path_taken":["M","$","?","?","?","E","?","R","T","?","M","?","M","?","R","BOSS"],"items_purchased_type":["Relic","Relic","Relic"],"build_version":"2020-12-22","purchased_purges":1,"victory":false,"max_hp_per_floor":[75,75,75,75,75,75,75,75,75,75,75,75,75,75,75,75,75],"card_choices":[{"not_picked":["hermit:TrackingShot","hermit:WideOpen"],"picked":"hermit:Determination","floor":1},{"not_picked":["hermit:Glare","hermit:Feint","hermit:PistolWhip"],"picked":"SKIP","floor":6},{"not_picked":["hermit:FullyLoaded","hermit:PistolWhip","hermit:Desperado"],"picked":"SKIP","floor":11},{"not_picked":["hermit:Glare","hermit:TakeCover","hermit:HighCaliber"],"picked":"SKIP","floor":12},{"not_picked":["hermit:Quickdraw","hermit:GhostlyPresence"],"picked":"hermit:GoldenBullet","floor":13}],"player_experience":393710,"relics_obtained":[{"floor":5,"key":"ReplayTheSpireMod:Ring of Exchange"},{"floor":5,"key":"ReplayTheSpireMod:Ring of Sloth"},{"floor":6,"key":"hubris:ToyBattleship"},{"floor":9,"key":"Replay:Mystery Machine"}],"event_choices":[{"damage_healed":0,"gold_gain":58,"player_choice":"Gained Gold","damage_taken":0,"max_hp_gain":0,"max_hp_loss":0,"event_name":"Golden Wing","floor":3,"gold_loss":0},{"damage_healed":0,"gold_gain":0,"player_choice":"Take Wound","damage_taken":0,"relics_obtained":["Golden Idol"],"max_hp_gain":0,"max_hp_loss":0,"event_name":"Golden Idol","floor":14,"gold_loss":0,"cards_obtained":["Injury"]}],"is_beta":false,"boss_relics":[],"items_purged_floors":[10],"is_endless":false,"potions_floor_spawned":[6,12],"killed_by":"Slime Boss","ascension_level":0}}