{"host":"Squid","time":1608944421,"event":{"mods":["BaseMod","Minty Spire (QoL Compilation)","StSLib"],"gold_per_floor":[16,36,53,67,84,113,128,128,128,128,160,160,160,176,176,276,276,286,286,466,480,480,480],"floor_reached":22,"playtime":990,"items_purged":[],"score":297,"play_id":"effc8e6b-0ee1-4611-ac37-d53dea6db6ca","local_time":"20201225200021","is_ascension_mode":true,"campfire_choices":[{"data":"Ball Lightning","floor":8,"key":"SMITH"},{"data":"Coolheaded","floor":10,"key":"SMITH"},{"data":"Darkness","floor":15,"key":"SMITH"}],"circlet_count":0,"master_deck":["AscendersBane","Strike_B","Strike_B","Strike_B","Strike_B","Defend_B","Defend_B","Defend_B","Defend_B","Zap","Dualcast","Coolheaded+1","Conserve Battery","Ball Lightning+1","Reinforced Body","Chill","Capacitor+1","Coolheaded","Darkness+1","Buffer+1","Redo","Loop+1","Cold Snap+1"],"relics":["Cracked Core","Peace Pipe","Calipers","Frozen Egg 2","Bird Faced Urn","Velvet Choker"],"acts_visited":["Exordium","TheCity"],"potions_floor_usage":[6,7,11],"damage_taken":[{"damage":1,"enemies":"2 Louse","floor":1,"turns":3},{"damage":7,"enemies":"Small Slimes","floor":2,"turns":3},{"damage":0,"enemies":"Cultist","floor":3,"turns":4},{"damage":3,"enemies":"2 Fungi Beasts","floor":4,"turns":4},{"damage":4,"enemies":"Large Slime","floor":5,"turns":7},{"damage":5,"enemies":"3 Sentries","floor":6,"turns":7},{"damage":12,"enemies":"Exordium Thugs","floor":7,"turns":5},{"damage":10,"enemies":"Gremlin Nob","floor":11,"turns":4},{"damage":2,"enemies":"Blue Slaver","floor":14,"turns":4},{"damage":2,"enemies":"Hexaghost","floor":16,"turns":9},{"damage":2,"enemies":"Spheric Guardian","floor":18,"turns":5},{"damage":5,"enemies":"Chosen","floor":21,"turns":7},{"damage":63,"enemies":"3 Cultists","floor":22,"turns":7}],"seed_played":"430792773633563536","potions_obtained":[{"floor":3,"key":"BlessingOfTheForge"},{"floor":6,"key":"BlessingOfTheForge"},{"floor":7,"key":"GamblersBrew"},{"floor":11,"key":"GamblersBrew"},{"floor":14,"key":"Ancient Potion"}],"is_trial":false,"path_per_floor":["M","M","M","M","M","E","M","R","T","R","E","?","?","M","R","B",null,"M","?","?","M","M"],"character_chosen":"DEFECT","items_purchased":[],"campfire_rested":0,"item_purchase_floors":[],"current_hp_per_floor":[67,60,60,57,53,48,36,36,36,36,26,26,31,31,31,31,68,70,70,51,52,0,0],"gold":480,"neow_bonus":"ONE_RARE_RELIC","is_daily":false,"chose_seed":false,"campfire_upgraded":3,"win_rate":0.0,"timestamp":1608944421,"path_taken":["M","M","M","M","M","E","M","R","T","R","E","?","?","M","R","BOSS","M","?","?","?","M"],"items_purchased_type":[],"build_version":"2020-12-18","purchased_purges":0,"victory":false,"max_hp_per_floor":[75,75,75,75,75,75,75,75,75,75,75,75,80,80,80,80,80,80,80,80,80,80,80],"card_choices":[{"not_picked":["Barrage","White Noise"],"picked":"Coolheaded","floor":1},{"not_picked":["Steam","Leap"],"picked":"Conserve Battery","floor":2},{"not_picked":["Rebound","Meteor Strike"],"picked":"Ball Lightning","floor":3},{"not_picked":["Redo","Gash"],"picked":"Reinforced Body","floor":4},{"not_picked":["Sweeping Beam","Hologram"],"picked":"Chill","floor":5},{"not_picked":["Melter","Heatsinks","Gash"],"picked":"SKIP","floor":6},{"not_picked":["Streamline","Undo"],"picked":"Capacitor","floor":7},{"not_picked":["Hyperbeam","Ball Lightning"],"picked":"Coolheaded","floor":11},{"not_picked":["Force Field","Go for the Eyes"],"picked":"Darkness","floor":14},{"not_picked":["Seek","All For One"],"picked":"Buffer+1","floor":16},{"not_picked":["Sunder","Turbo+1"],"picked":"Redo","floor":18},{"not_picked":["Conserve Battery","Gash"],"picked":"Cold Snap+1","floor":21}],"player_experience":840292,"relics_obtained":[{"floor":6,"key":"Calipers"},{"floor":9,"key":"Frozen Egg 2"},{"floor":11,"key":"Bird Faced Urn"}],"event_choices":[{"damage_healed":0,"gold_gain":0,"player_choice":"Grow","damage_taken":0,"max_hp_gain":0,"max_hp_loss":0,"event_name":"Living Wall","floor":12,"gold_loss":0,"cards_upgraded":["Capacitor"]},{"damage_healed":0,"gold_gain":0,"player_choice":"Donut","damage_taken":0,"max_hp_gain":5,"max_hp_loss":0,"event_name":"Big Fish","floor":13,"gold_loss":0},{"damage_healed":0,"gold_gain":0,"player_choice":"Read","damage_taken":0,"max_hp_gain":0,"max_hp_loss":0,"event_name":"The Library","floor":19,"gold_loss":0,"cards_obtained":["Loop"]},{"damage_healed":0,"gold_gain":180,"player_choice":"GOLD GOLD ","damage_taken":19,"max_hp_gain":0,"max_hp_loss":0,"event_name":"Knowing Skull","floor":20,"potions_obtained":[],"gold_loss":0,"cards_obtained":[]}],"is_beta":true,"boss_relics":[{"not_picked":["Astrolabe","Busted Crown"],"picked":"Velvet Choker"}],"items_purged_floors":[],"is_endless":false,"potions_floor_spawned":[3,6,7,11,14],"killed_by":"3 Cultists","ascension_level":10}}