{"host":"ir6vojma30jz6tvk","time":1608982170,"event":{"mods":["AchievementEnabler","BaseMod","Colored Map","Minty Spire (QoL Compilation)","StSLib","SuperFastMode"],"gold_per_floor":[18,2500,2511,2531,2531,2531,2564,2576,2576,2576,2576,2576,2586,2599,2599,2703,2703,2688,2413,2413,2413,2413,2413,2413,2413,2413,2413,2328,2328,2328,2328,2328,2328,2328,2328,2328,2328,2328,2328,2328,2328,2229,2229,2229,2229,2229,2229,2154,2154,2154,2154,2154,2066,2066,2066],"floor_reached":56,"playtime":2202,"items_purged":["Strike_G","Survivor","Acrobatics+1","Cloak And Dagger+1","Neutralize+1"],"score":1580,"play_id":"6da4a442-d147-4a08-9080-aa816f1dda7a","local_time":"20201226202930","is_ascension_mode":false,"campfire_choices":[{"data":"1","floor":6,"key":"LIFT"},{"data":"2","floor":10,"key":"LIFT"},{"data":"3","floor":12,"key":"LIFT"},{"data":"Envenom","floor":15,"key":"SMITH"},{"data":"Prepared","floor":24,"key":"SMITH"},{"data":"Backflip","floor":30,"key":"SMITH"},{"floor":32,"key":"RECALL"},{"data":"Escape Plan","floor":49,"key":"SMITH"},{"data":"Neutralize","floor":52,"key":"SMITH"}],"circlet_count":0,"master_deck":["Limit Break+1","CurseOfTheBell","Envenom+1","Burst+1","Backflip+1","Tactician+1","Acrobatics+1","Prepared+1","Concentrate+1","Escape Plan+1","Backflip+1","Riddle With Holes+1","Terror+1","Reflex+1"],"relics":["Ring of the Snake","Calling Bell","Bronze Scales","Molten Egg 2","Gambling Chip","Shuriken","Girya","Akabeko","Ninja Scroll","Blue Candle","Ectoplasm","Membership Card","Snake Skull","Calipers","Toxic Egg 2","Thread and Needle","Sozu","WingedGreaves","Centennial Puzzle"],"acts_visited":["Exordium","TheCity","TheBeyond","TheEnding"],"potions_floor_usage":[],"damage_taken":[{"damage":0,"enemies":"Cultist","floor":1,"turns":3},{"damage":0,"enemies":"Small Slimes","floor":3,"turns":3},{"damage":8,"enemies":"Jaw Worm","floor":4,"turns":2},{"damage":3,"enemies":"Lagavulin","floor":7,"turns":5},{"damage":0,"enemies":"Looter","floor":8,"turns":2},{"damage":0,"enemies":"Lots of Slimes","floor":13,"turns":1},{"damage":0,"enemies":"Blue Slaver","floor":14,"turns":1},{"damage":1,"enemies":"Slime Boss","floor":16,"turns":4},{"damage":3,"enemies":"2 Thieves","floor":18,"turns":2},{"damage":1,"enemies":"Shell Parasite","floor":20,"turns":1},{"damage":0,"enemies":"Shelled Parasite and Fungi","floor":21,"turns":1},{"damage":0,"enemies":"Chosen and Byrds","floor":22,"turns":2},{"damage":0,"enemies":"Gremlin Leader","floor":23,"turns":1},{"damage":0,"enemies":"Snake Plant","floor":25,"turns":1},{"damage":0,"enemies":"Centurion and Healer","floor":27,"turns":2},{"damage":0,"enemies":"Snecko","floor":31,"turns":2},{"damage":1,"enemies":"Champ","floor":33,"turns":3},{"damage":0,"enemies":"3 Shapes","floor":35,"turns":1},{"damage":0,"enemies":"Orb Walker","floor":36,"turns":1},{"damage":0,"enemies":"Jaw Worm Horde","floor":37,"turns":2},{"damage":1,"enemies":"Transient","floor":38,"turns":5},{"damage":0,"enemies":"Mind Bloom Boss Battle","floor":39,"turns":1},{"damage":0,"enemies":"3 Darklings","floor":41,"turns":2},{"damage":0,"enemies":"Sphere and 2 Shapes","floor":45,"turns":1},{"damage":0,"enemies":"Writhing Mass","floor":46,"turns":1},{"damage":0,"enemies":"Reptomancer","floor":47,"turns":1},{"damage":0,"enemies":"Awakened One","floor":50,"turns":2},{"damage":1,"enemies":"Shield and Spear","floor":54,"turns":1},{"damage":41,"enemies":"The Heart","floor":55,"turns":4}],"seed_played":"-1492502822673068513","potions_obtained":[{"floor":3,"key":"Explosive Potion"},{"floor":7,"key":"Block Potion"},{"floor":8,"key":"Strength Potion"}],"is_trial":false,"path_per_floor":["M","$","M","M","?","R","E","M","T","R","?","R","M","M","R","B",null,"M","$","M","M","M","E","R","M","T","M","?","?","R","M","R","B",null,"M","M","M","M","?","?","M","$","T","$","M","M","E","$","R","B",null,"R","$","E","B",null],"character_chosen":"THE_SILENT","items_purchased":["Girya","Akabeko","Membership Card","Snake Skull","Reflex+1"],"campfire_rested":0,"item_purchase_floors":[2,2,19,19,42],"current_hp_per_floor":[70,70,70,62,59,59,56,56,56,56,49,49,49,49,49,48,70,67,67,66,66,66,66,66,66,66,66,66,66,66,66,66,65,70,70,70,70,69,69,62,62,62,62,62,62,62,62,62,62,62,70,70,70,69,28],"gold":2066,"neow_bonus":"REMOVE_TWO","is_daily":false,"chose_seed":false,"campfire_upgraded":5,"win_rate":0.0,"timestamp":1608982170,"path_taken":["M","?","M","M","?","R","E","M","T","R","?","R","M","M","R","BOSS","M","$","M","M","M","E","R","M","T","M","?","?","R","M","R","BOSS","M","?","M","M","?","?","M","$","T","$","M","?","E","?","R","BOSS","R","$","E","BOSS"],"items_purchased_type":["Relic","Relic","Relic","Relic","Card"],"build_version":"2020-12-22","purchased_purges":5,"victory":true,"max_hp_per_floor":[70,70,70,70,70,70,70,70,70,70,70,70,70,70,70,70,70,70,70,70,70,70,70,70,70,70,70,70,70,70,70,70,70,70,70,70,70,70,70,70,70,70,70,70,70,70,70,70,70,70,70,70,70,70,70],"card_choices":[{"not_picked":["Outmaneuver","Accuracy","Infinite Blades"],"picked":"SKIP","floor":1},{"not_picked":["Dagger Throw+1","Catalyst"],"picked":"Envenom","floor":3},{"not_picked":["Deadly Poison","Eviscerate+1","Poisoned Stab+1"],"picked":"SKIP","floor":4},{"not_picked":["Venomology","Escape Plan"],"picked":"Cloak And Dagger","floor":7},{"not_picked":["Flying Knee+1","Skewer+1","Outmaneuver"],"picked":"SKIP","floor":8},{"not_picked":["Flying Knee+1","Dodge and Roll","Predator+1"],"picked":"SKIP","floor":13},{"not_picked":["Bane+1","Blade Dance","Expertise"],"picked":"SKIP","floor":14},{"not_picked":["Night Terror","Bullet Time"],"picked":"Burst","floor":16},{"not_picked":["Backflip+1","Cloak And Dagger"],"picked":"Prepared","floor":18},{"not_picked":["Accuracy","Poisoned Stab+1"],"picked":"Concentrate+1","floor":20},{"not_picked":["Eviscerate+1","Dagger Throw+1"],"picked":"Escape Plan","floor":21},{"not_picked":["Poisoned Stab+1","Catalyst"],"picked":"Backflip","floor":22},{"not_picked":["Distraction","Bane+1","Choke+1"],"picked":"SKIP","floor":23},{"not_picked":["Backflip","Unload+1","Dagger Spray+1"],"picked":"SKIP","floor":25},{"not_picked":["Dagger Throw+1","Well Laid Plans","Deadly Poison+1"],"picked":"SKIP","floor":27},{"not_picked":["Dagger Spray+1","Backstab+1"],"picked":"Riddle With Holes+1","floor":31},{"not_picked":["Poisoned Stab+1","Quick Slash+1","PiercingWail+1"],"picked":"SKIP","floor":35},{"not_picked":["Outmaneuver+1","Noxious Fumes","Deadly Poison+1"],"picked":"SKIP","floor":36},{"not_picked":["Dagger Spray+1","Backflip+1","Acrobatics+1"],"picked":"SKIP","floor":37},{"not_picked":["Footwork","Well Laid Plans+1","Masterful Stab+1"],"picked":"SKIP","floor":38},{"not_picked":["Deflect+1","Bane+1"],"picked":"Terror+1","floor":41},{"not_picked":["Flying Knee+1","Catalyst+1","Deadly Poison+1"],"picked":"SKIP","floor":45},{"not_picked":["Well Laid Plans","Bane+1","Deadly Poison+1"],"picked":"SKIP","floor":46},{"not_picked":["Bane+1","Deadly Poison+1","Backstab+1"],"picked":"SKIP","floor":47},{"not_picked":["Quick Slash+1","Caltrops+1","Noxious Fumes"],"picked":"SKIP","floor":54}],"player_experience":629971,"relics_obtained":[{"floor":0,"key":"Bronze Scales"},{"floor":0,"key":"Molten Egg 2"},{"floor":0,"key":"Gambling Chip"},{"floor":7,"key":"Blue Candle"},{"floor":23,"key":"Calipers"},{"floor":26,"key":"Toxic Egg 2"},{"floor":39,"key":"WingedGreaves"},{"floor":47,"key":"Centennial Puzzle"}],"event_choices":[{"damage_healed":0,"gold_gain":0,"player_choice":"Success","damage_taken":3,"relics_obtained":["Ninja Scroll"],"max_hp_gain":0,"max_hp_loss":0,"event_name":"Scrap Ooze","floor":5,"gold_loss":0},{"cards_removed":["Defend_G"],"damage_healed":0,"gold_gain":0,"player_choice":"Card Removal","damage_taken":7,"max_hp_gain":0,"max_hp_loss":0,"event_name":"Golden Wing","floor":11,"gold_loss":0},{"damage_healed":0,"gold_gain":0,"player_choice":"Obtained Relic","damage_taken":0,"relics_obtained":["Thread and Needle"],"max_hp_gain":0,"max_hp_loss":0,"event_name":"Addict","floor":28,"gold_loss":85},{"damage_healed":0,"gold_gain":0,"player_choice":"Upgraded","damage_taken":0,"max_hp_gain":0,"max_hp_loss":0,"event_name":"Upgrade Shrine","floor":29,"gold_loss":0,"cards_upgraded":["Burst"]},{"damage_healed":0,"gold_gain":0,"player_choice":"Fight","damage_taken":0,"max_hp_gain":0,"max_hp_loss":0,"event_name":"MindBloom","floor":39,"gold_loss":0},{"damage_healed":0,"gold_gain":0,"player_choice":"Damaged","damage_taken":7,"max_hp_gain":0,"max_hp_loss":0,"event_name":"Wheel of Change","floor":40,"gold_loss":0}],"is_beta":false,"boss_relics":[{"not_picked":["Philosopher\u0027s Stone","HoveringKite"],"picked":"Ectoplasm"},{"not_picked":["Runic Pyramid","Ring of the Serpent"],"picked":"Sozu"}],"items_purged_floors":[2,19,42,48,53],"is_endless":false,"potions_floor_spawned":[3,7,8,13,18,22,25,27,39,45,46,47],"ascension_level":0}}