{"host":"ayh4nqhr0ddw4ozv","time":1608943378,"event":{"mods":["BaseMod","Minty Spire (QoL Compilation)","Relic Stats","Robot Space Explorer","StSLib"],"gold_per_floor":[112,129,149,3,3,37,37,37,37,37,52,65,98,114,114,216,216,228,228,37,86,103,103,129,129,129,129,156,171,206,218,218,319,319,337,1336,993,1006,1006,1006,1037,1037,1064,1082,1092,828,828,843,843,843],"floor_reached":51,"playtime":2612,"items_purged":["RobotSpaceExplorer:Strike","Normality","Normality"],"score":939,"play_id":"0258ba97-6d9a-4bb2-ac89-a2206d249f12","local_time":"20201225164258","is_ascension_mode":true,"campfire_choices":[{"data":"RobotSpaceExplorer:PlasmaMissile","floor":8,"key":"SMITH"},{"data":"RobotSpaceExplorer:Reload","floor":15,"key":"SMITH"},{"data":"RobotSpaceExplorer:Comet","floor":23,"key":"SMITH"},{"data":"RobotSpaceExplorer:BigMissile","floor":25,"key":"SMITH"},{"data":"RobotSpaceExplorer:GearShield","floor":27,"key":"SMITH"},{"data":"RobotSpaceExplorer:Scan","floor":32,"key":"SMITH"},{"data":"RobotSpaceExplorer:Comet","floor":40,"key":"SMITH"},{"floor":47,"key":"REST"},{"data":"RobotSpaceExplorer:FranticSearch","floor":49,"key":"SMITH"}],"circlet_count":0,"master_deck":["RobotSpaceExplorer:Strike","RobotSpaceExplorer:Strike","RobotSpaceExplorer:Defend","RobotSpaceExplorer:Defend","RobotSpaceExplorer:Defend","RobotSpaceExplorer:Scan+1","RobotSpaceExplorer:MiniLasers","RobotSpaceExplorer:BigMissile+1","RobotSpaceExplorer:MetalStrike","RobotSpaceExplorer:PlasmaMissile+1","RobotSpaceExplorer:GearShield+1","RobotSpaceExplorer:ShockMissile+1","RobotSpaceExplorer:Reload+1","RobotSpaceExplorer:Comet+1","RobotSpaceExplorer:Autoloader+1","RobotSpaceExplorer:Pulsar+1","RobotSpaceExplorer:DoubleBlock+1","RobotSpaceExplorer:Comet+1","RobotSpaceExplorer:Comet+1","RobotSpaceExplorer:LaserBurst","Shame","Parasite","RobotSpaceExplorer:FranticSearch+1"],"relics":["RobotSpaceExplorer:TurboCore","Medical Kit","InkBottle","Omamori","Eternal Feather","Strawberry","Cursed Key","Membership Card","Nunchaku","Frozen Egg 2","Juzu Bracelet","RobotSpaceExplorer:RingOfTheNewt","Bag of Preparation","Art of War","DollysMirror","Akabeko","Happy Flower","Bronze Scales","Blood Vial"],"acts_visited":["Exordium","TheCity","TheBeyond"],"potions_floor_usage":[6,12,13,28,30,33,33,41,44],"damage_taken":[{"damage":3,"enemies":"Small Slimes","floor":1,"turns":4},{"damage":0,"enemies":"2 Louse","floor":2,"turns":2},{"damage":0,"enemies":"Jaw Worm","floor":3,"turns":3},{"damage":20,"enemies":"Lagavulin","floor":6,"turns":5},{"damage":7,"enemies":"Red Slaver","floor":11,"turns":4},{"damage":3,"enemies":"Exordium Thugs","floor":12,"turns":4},{"damage":20,"enemies":"3 Sentries","floor":13,"turns":7},{"damage":14,"enemies":"Large Slime","floor":14,"turns":4},{"damage":4,"enemies":"Hexaghost","floor":16,"turns":11},{"damage":6,"enemies":"Shell Parasite","floor":18,"turns":4},{"damage":18,"enemies":"2 Thieves","floor":22,"turns":3},{"damage":0,"enemies":"Gremlin Leader","floor":24,"turns":4},{"damage":18,"enemies":"Book of Stabbing","floor":28,"turns":4},{"damage":6,"enemies":"Snake Plant","floor":29,"turns":3},{"damage":22,"enemies":"Gremlin Leader","floor":30,"turns":6},{"damage":0,"enemies":"Cultist and Chosen","floor":31,"turns":4},{"damage":11,"enemies":"Champ","floor":33,"turns":8},{"damage":4,"enemies":"Orb Walker","floor":35,"turns":3},{"damage":0,"enemies":"3 Shapes","floor":38,"turns":3},{"damage":33,"enemies":"Reptomancer","floor":41,"turns":4},{"damage":38,"enemies":"Jaw Worm Horde","floor":44,"turns":3},{"damage":2,"enemies":"Writhing Mass","floor":45,"turns":6},{"damage":0,"enemies":"Spire Growth","floor":48,"turns":3},{"damage":40,"enemies":"Time Eater","floor":50,"turns":9}],"seed_played":"1348239899178590333","potions_obtained":[{"floor":2,"key":"AttackPotion"},{"floor":3,"key":"SteroidPotion"},{"floor":11,"key":"Fire Potion"},{"floor":13,"key":"AttackPotion"},{"floor":18,"key":"SpeedPotion"},{"floor":24,"key":"RobotSpaceExplorer:PlasmaFlask"},{"floor":30,"key":"SteroidPotion"},{"floor":31,"key":"Block Potion"}],"is_trial":false,"path_per_floor":["M","M","M","$","?","E","?","R","T","T","M","M","E","M","R","B",null,"M","?","$","T","M","R","E","R","T","R","E","M","E","M","R","B",null,"M","?","$","M","?","R","E","?","T","M","M","$","R","M","R","B",null],"character_chosen":"RobotSpaceExplorer","items_purchased":["Medical Kit","Membership Card","Bag of Preparation","Art of War","DollysMirror","RobotSpaceExplorer:PlasmaFlask","AttackPotion","FearPotion","Bronze Scales","Blood Vial","RobotSpaceExplorer:FranticSearch"],"campfire_rested":1,"item_purchase_floors":[4,20,37,37,37,37,37,46,46,46,46],"current_hp_per_floor":[72,72,72,72,65,45,50,50,50,50,43,40,27,13,22,18,87,81,81,81,81,63,72,72,81,81,87,69,63,41,41,50,39,87,83,83,83,83,83,87,54,54,54,16,14,14,52,54,66,28],"gold":843,"neow_bonus":"THREE_CARDS","is_daily":false,"chose_seed":false,"campfire_upgraded":8,"win_rate":0.0,"timestamp":1608943378,"path_taken":["M","M","M","$","?","E","?","R","T","?","M","M","E","?","R","BOSS","M","?","$","?","M","R","E","R","T","R","E","M","E","M","R","BOSS","M","?","$","M","?","R","E","?","T","M","M","$","R","M","R","BOSS"],"items_purchased_type":["Relic","Relic","Relic","Relic","Relic","Potion","Potion","Potion","Relic","Relic","Card"],"build_version":"2020-12-22","purchased_purges":3,"victory":true,"max_hp_per_floor":[75,75,75,75,75,75,80,80,80,80,80,80,87,87,87,87,87,87,87,87,87,87,87,87,87,87,87,87,87,87,87,87,87,87,87,87,87,87,87,87,87,87,87,87,87,87,87,87,87,87],"relic_stats":{"Happy Flower":[7],"counters":[24,111],"Eternal Feather":70,"Juzu Bracelet":0,"Bag of Preparation":[12],"Medical Kit":[10],"Cursed Key":3,"Blood Vial":4,"Nunchaku":[13],"Bronze Scales":[48],"Art of War":[2],"obtain_stats":[{"Happy Flower":43,"RobotSpaceExplorer:RoboCore":0,"Eternal Feather":10,"RobotSpaceExplorer:RingOfTheNewt":30,"Omamori":9,"Juzu Bracelet":28,"Bag of Preparation":37,"Frozen Egg 2":24,"Medical Kit":4,"Cursed Key":17,"RobotSpaceExplorer:TurboCore":34,"Akabeko":41,"Blood Vial":46,"Nunchaku":21,"DollysMirror":37,"Strawberry":13,"Bronze Scales":46,"Art of War":37,"Membership Card":20,"InkBottle":6},{"Happy Flower":20,"RobotSpaceExplorer:RoboCore":0,"Eternal Feather":4,"RobotSpaceExplorer:RingOfTheNewt":15,"Omamori":4,"Juzu Bracelet":13,"Bag of Preparation":18,"Frozen Egg 2":12,"Medical Kit":3,"Cursed Key":9,"RobotSpaceExplorer:TurboCore":17,"Akabeko":20,"Blood Vial":22,"Nunchaku":10,"DollysMirror":18,"Strawberry":7,"Bronze Scales":22,"Art of War":18,"Membership Card":10,"InkBottle":4},{"Happy Flower":90,"RobotSpaceExplorer:RoboCore":0,"Eternal Feather":14,"RobotSpaceExplorer:RingOfTheNewt":68,"Omamori":14,"Juzu Bracelet":59,"Bag of Preparation":83,"Frozen Egg 2":55,"Medical Kit":9,"Cursed Key":44,"RobotSpaceExplorer:TurboCore":80,"Akabeko":90,"Blood Vial":99,"Nunchaku":48,"DollysMirror":83,"Strawberry":29,"Bronze Scales":99,"Art of War":83,"Membership Card":48,"InkBottle":14}],"InkBottle":[35]},"card_choices":[{"not_picked":["RobotSpaceExplorer:ExhaustFan","RobotSpaceExplorer:SurgingShield"],"picked":"RobotSpaceExplorer:BigMissile","floor":0},{"not_picked":["RobotSpaceExplorer:Pulsar","RobotSpaceExplorer:ScrapMissile","RobotSpaceExplorer:MakeshiftVolley"],"picked":"SKIP","floor":1},{"not_picked":["RobotSpaceExplorer:SlimeMissile","RobotSpaceExplorer:GlueShot"],"picked":"RobotSpaceExplorer:MetalStrike","floor":2},{"not_picked":["RobotSpaceExplorer:StarDust","RobotSpaceExplorer:Probe"],"picked":"RobotSpaceExplorer:PlasmaMissile","floor":3},{"not_picked":["RobotSpaceExplorer:MiniBoosters","RobotSpaceExplorer:Counterblock"],"picked":"RobotSpaceExplorer:GearShield","floor":6},{"not_picked":["RobotSpaceExplorer:ImprovisedAttack","RobotSpaceExplorer:MetalStrike","RobotSpaceExplorer:PowerGlove"],"picked":"SKIP","floor":11},{"not_picked":["RobotSpaceExplorer:Ammunition","RobotSpaceExplorer:Counterblock","RobotSpaceExplorer:GlueSpray"],"picked":"SKIP","floor":12},{"not_picked":["RobotSpaceExplorer:MetalStrike","RobotSpaceExplorer:Ammunition"],"picked":"RobotSpaceExplorer:ShockMissile","floor":13},{"not_picked":["RobotSpaceExplorer:Pulsar","RobotSpaceExplorer:StarDust"],"picked":"RobotSpaceExplorer:Reload","floor":14},{"not_picked":["RobotSpaceExplorer:ChargingLaser","RobotSpaceExplorer:Scanner"],"picked":"RobotSpaceExplorer:Comet","floor":16},{"not_picked":["RobotSpaceExplorer:DualCore","RobotSpaceExplorer:MetalStrike","RobotSpaceExplorer:SelfCleaning"],"picked":"SKIP","floor":18},{"not_picked":["RobotSpaceExplorer:FranticSearch","RobotSpaceExplorer:SelfCleaning","RobotSpaceExplorer:ShockKick+1"],"picked":"SKIP","floor":22},{"not_picked":["RobotSpaceExplorer:SurgingShield+1","RobotSpaceExplorer:Jetpack"],"picked":"RobotSpaceExplorer:Autoloader+1","floor":24},{"not_picked":["RobotSpaceExplorer:Fix+1","RobotSpaceExplorer:StunGrenade","RobotSpaceExplorer:FrostMissile"],"picked":"SKIP","floor":28},{"not_picked":["RobotSpaceExplorer:GlueShot","RobotSpaceExplorer:Scanner+1"],"picked":"RobotSpaceExplorer:Pulsar+1","floor":29},{"not_picked":["RobotSpaceExplorer:PowerCollector+1","RobotSpaceExplorer:DoubleFind"],"picked":"RobotSpaceExplorer:DoubleBlock+1","floor":30},{"not_picked":["RobotSpaceExplorer:StunGrenade","RobotSpaceExplorer:IronShell+1","RobotSpaceExplorer:BigMissile+1"],"picked":"SKIP","floor":31},{"not_picked":["RobotSpaceExplorer:Scanner+1","RobotSpaceExplorer:Exploration"],"picked":"RobotSpaceExplorer:Comet","floor":33},{"not_picked":["RobotSpaceExplorer:Probe+1","RobotSpaceExplorer:SurgingShield+1","RobotSpaceExplorer:SelfCleaning+1"],"picked":"SKIP","floor":35},{"not_picked":["RobotSpaceExplorer:Jetpack+1","RobotSpaceExplorer:ShockKick","RobotSpaceExplorer:ExhaustFan+1"],"picked":"SKIP","floor":38},{"not_picked":["RobotSpaceExplorer:SwiftStep","RobotSpaceExplorer:MiniBoosters+1","RobotSpaceExplorer:GlueShot+1"],"picked":"SKIP","floor":41},{"not_picked":["RobotSpaceExplorer:SwiftStep+1","RobotSpaceExplorer:Probe","RobotSpaceExplorer:ImprovisedAttack"],"picked":"SKIP","floor":44},{"not_picked":["RobotSpaceExplorer:LuckyStrike","RobotSpaceExplorer:ShovelStrike","RobotSpaceExplorer:SwiftStep"],"picked":"SKIP","floor":45},{"not_picked":["RobotSpaceExplorer:SurgingShield+1","RobotSpaceExplorer:SelfCleaning+1","RobotSpaceExplorer:ShockKick+1"],"picked":"SKIP","floor":48}],"player_experience":226492,"relics_obtained":[{"floor":6,"key":"InkBottle"},{"floor":9,"key":"Omamori"},{"floor":10,"key":"Eternal Feather"},{"floor":13,"key":"Strawberry"},{"floor":21,"key":"Nunchaku"},{"floor":24,"key":"Frozen Egg 2"},{"floor":28,"key":"Juzu Bracelet"},{"floor":30,"key":"RobotSpaceExplorer:RingOfTheNewt"},{"floor":41,"key":"Akabeko"},{"floor":43,"key":"Happy Flower"}],"event_choices":[{"cards_removed":["RobotSpaceExplorer:Defend"],"damage_healed":0,"gold_gain":0,"player_choice":"Card Removal","damage_taken":7,"max_hp_gain":0,"max_hp_loss":0,"event_name":"Golden Wing","floor":5,"gold_loss":0},{"damage_healed":0,"gold_gain":0,"player_choice":"Donut","damage_taken":0,"max_hp_gain":5,"max_hp_loss":0,"event_name":"Big Fish","floor":7,"gold_loss":0},{"damage_healed":0,"gold_gain":0,"player_choice":"Upgraded","damage_taken":0,"max_hp_gain":0,"max_hp_loss":0,"event_name":"Upgrade Shrine","floor":19,"gold_loss":0,"cards_upgraded":["RobotSpaceExplorer:ShockMissile"]},{"damage_healed":0,"gold_gain":999,"player_choice":"Gold","damage_taken":0,"max_hp_gain":0,"max_hp_loss":0,"event_name":"MindBloom","floor":36,"gold_loss":0,"cards_obtained":["Normality","Normality"]},{"damage_healed":0,"gold_gain":0,"player_choice":"Ignored","damage_taken":0,"max_hp_gain":0,"max_hp_loss":0,"event_name":"Tomb of Lord Red Mask","floor":39,"gold_loss":0},{"damage_healed":0,"gold_gain":0,"cards_transformed":["RobotSpaceExplorer:Strike"],"player_choice":"Transformed","damage_taken":0,"max_hp_gain":0,"max_hp_loss":0,"event_name":"Transmorgrifier","floor":42,"gold_loss":0,"cards_obtained":["RobotSpaceExplorer:LaserBurst"]}],"is_beta":false,"boss_relics":[{"not_picked":["Empty Cage","Philosopher\u0027s Stone"],"picked":"Cursed Key"},{"not_picked":["Busted Crown","Coffee Dripper"],"picked":"RobotSpaceExplorer:TurboCore"}],"items_purged_floors":[20,37,46],"is_endless":false,"potions_floor_spawned":[2,3,11,13,18,24,30,31,38],"ascension_level":4}}