{"host":"6ko66ogg91i6g7xq","time":1608960388,"event":{"mods":["AchievementEnabler","Act Like it!","BaseMod","Colored Map","Colored Powertips","Downfall","Hermit","Minty Spire (QoL Compilation)","Quick Restart","Relic Stats","StSLib","The Jungle","everything is the same but u backflip on backflip"],"gold_per_floor":[112,112,132,45,45,75,75,100,100,118,128,139,139,158,158,257,257,267,115,115,390,401,426,436,89,89,115,129,164,164,191,191,286,286,300,317,367,367,387,387,418,418,496,531,25,53,53,53,53,53,53,53,53,85,85,85],"floor_reached":55,"playtime":7325,"items_purged":[],"score":1003,"play_id":"f83462da-6ca5-460f-9e1a-1c0016dd0af6","local_time":"20201226002628","is_ascension_mode":true,"campfire_choices":[{"floor":7.0,"key":"RECALL"},{"data":"Flash of Steel","floor":13.0,"key":"SMITH"},{"data":"Terror","floor":15.0,"key":"SMITH"},{"data":"Flash of Steel","floor":30.0,"key":"SMITH"},{"data":"Bite","floor":32.0,"key":"SMITH"},{"data":"1","floor":40,"key":"LIFT"},{"data":"2","floor":47,"key":"LIFT"},{"data":"3","floor":49,"key":"LIFT"},{"data":"After Image","floor":52,"key":"SMITH"}],"circlet_count":0,"master_deck":["Defend_G","Defend_G","Defend_G","Defend_G","Defend_G","Survivor","Neutralize","Cloak And Dagger","Flash of Steel+1","Backflip","Terror+1","Adrenaline","CurseOfTheBell","Blade Dance","Bite","Bite","Bite","Bite+1","Bite","Regret","Dagger Spray","Dodge and Roll+1","Blade Dance","Flash of Steel+1","After Image+1","Blur+1","Leg Sweep","Madness","Madness","Swift Strike","expansioncontent:CaCaw","Finisher+1","Finisher"],"relics":["Ring of the Snake","NeowsBlessing","Mercury Hourglass","Oddly Smooth Stone","Torii","Ginger","Calling Bell","Anchor","Letter Opener","Tingsha","Lizard Tail","Kunai","HornCleat","Omamori","Mummified Hand","Eternal Feather","SacredBark","Girya","Orichalcum","Happy Flower","StrikeDummy","White Beast Statue","Incense Burner","Ninja Scroll"],"acts_visited":["Exordium","TheCity","TheBeyond","TheEnding"],"potions_floor_usage":[39,41,44,50,50,55],"damage_taken":[{"damage":0.0,"enemies":"Cultist","floor":1.0,"turns":1.0},{"damage":0.0,"enemies":"Jaw Worm","floor":3.0,"turns":1.0},{"damage":0.0,"enemies":"3 Sentries","floor":6.0,"turns":1.0},{"damage":11.0,"enemies":"Gremlin Nob","floor":8.0,"turns":4.0},{"damage":0.0,"enemies":"2 Louse","floor":10.0,"turns":2.0},{"damage":0.0,"enemies":"Lots of Slimes","floor":11.0,"turns":3.0},{"damage":0.0,"enemies":"Looter","floor":12.0,"turns":3.0},{"damage":1.0,"enemies":"Large Slime","floor":14.0,"turns":5.0},{"damage":24.0,"enemies":"Hexaghost","floor":16.0,"turns":12.0},{"damage":2.0,"enemies":"Shell Parasite","floor":18.0,"turns":7.0},{"damage":1.0,"enemies":"2 Thieves","floor":22.0,"turns":4.0},{"damage":10.0,"enemies":"Book of Stabbing","floor":23.0,"turns":5.0},{"damage":3.0,"enemies":"Chosen and Byrds","floor":24.0,"turns":5.0},{"damage":6.0,"enemies":"Slavers","floor":27.0,"turns":4.0},{"damage":0.0,"enemies":"Snecko","floor":28.0,"turns":3.0},{"damage":2.0,"enemies":"Book of Stabbing","floor":29.0,"turns":5.0},{"damage":0.0,"enemies":"Slavers","floor":31.0,"turns":3.0},{"damage":108.0,"enemies":"Collector","floor":33.0,"turns":15.0},{"damage":1.0,"enemies":"Orb Walker","floor":35.0,"turns":4.0},{"damage":0,"enemies":"3 Shapes","floor":36,"turns":5},{"damage":0,"enemies":"Mind Bloom Boss Battle","floor":37,"turns":5},{"damage":21,"enemies":"Sphere and 2 Shapes","floor":39,"turns":6},{"damage":2,"enemies":"Nemesis","floor":41,"turns":7},{"damage":9,"enemies":"Reptomancer","floor":44,"turns":6},{"damage":17,"enemies":"Nemesis","floor":46,"turns":5},{"damage":67,"enemies":"Time Eater","floor":50,"turns":14},{"damage":23,"enemies":"Shield and Spear","floor":54,"turns":6},{"damage":74,"enemies":"The Heart","floor":55,"turns":6}],"seed_played":"962470891279934868","potions_obtained":[{"floor":3.0,"key":"SkillPotion"},{"floor":8.0,"key":"Ancient Potion"},{"floor":10.0,"key":"SneckoOil"},{"floor":11.0,"key":"SpeedPotion"},{"floor":24.0,"key":"AttackPotion"},{"floor":27.0,"key":"SkillPotion"},{"floor":29.0,"key":"hexamod:EctoCoolerPotion"},{"floor":35.0,"key":"Swift Potion"},{"floor":39,"key":"PowerPotion"},{"floor":44,"key":"Swift Potion"},{"floor":46,"key":"PowerPotion"},{"floor":54,"key":"LiquidMemories"}],"is_trial":false,"path_per_floor":["M","$","M","$","T","E","R","E","T","M","M","M","R","M","R","B",null,"M","$","?","?","M","E","M","$","T","E","M","E","R","E","R","B",null,"M","M","?","?","M","R","E","?","T","E","$","E","R","$","R","B",null,"R","$","E","B"],"character_chosen":"THE_SILENT","items_purchased":["Flash of Steel","Blood Vial","Kunai","Flash of Steel","StrikeDummy","White Beast Statue"],"campfire_rested":0,"item_purchase_floors":[4,19,25,25,45,45],"current_hp_per_floor":[70,70,70,70,70,70,70,59,59,59,59,59,59,58,58,34,70,68,68,68,68,70,64,70,70,70,70,70,70,70,70,70,23,70,70,70,70,61,60,70,70,60,60,65,65,55,70,70,70,23,70,70,70,52,0,0],"gold":85,"neow_bonus":"THREE_ENEMY_KILL","is_daily":false,"chose_seed":false,"campfire_upgraded":5,"win_rate":0.0,"timestamp":1608960388,"path_taken":["M","$","M","$","?","E","R","E","T","M","M","M","R","M","R","BOSS","M","$","?","?","M","E","M","$","T","E","M","E","R","E","R","BOSS","M","?","?","?","M","R","E","?","T","E","$","E","R","$","R","BOSS","R","$","E","BOSS"],"items_purchased_type":["Card","Relic","Relic","Card","Relic","Relic"],"build_version":"2020-12-22","purchased_purges":0,"victory":false,"max_hp_per_floor":[70,70,70,70,70,70,70,70,70,70,70,70,70,70,70,70,70,70,70,70,70,70,70,70,70,70,70,70,70,70,70,70,70,70,70,70,70,70,70,70,70,70,70,70,70,70,70,70,70,70,70,70,70,70,70,70],"relic_stats":{"Torii":88,"Happy Flower":[10],"counters":[28,147],"Tingsha":[54],"Eternal Feather":25,"Ginger":[19],"Letter Opener":[264],"Orichalcum":[6],"Mercury Hourglass":[559],"Lizard Tail":35,"Mummified Hand":[22],"Kunai":[80],"obtain_stats":[{"Torii":8,"SacredBark":34,"Incense Burner":46,"Ginger":9,"Blood Vial":19,"Lizard Tail":23,"HornCleat":26,"Mummified Hand":29,"Ninja Scroll":54,"Kunai":25,"Ring of the Snake":0,"Girya":37,"NeowsBlessing":0,"Happy Flower":44,"Oddly Smooth Stone":6,"Tingsha":17,"Eternal Feather":31,"Omamori":27,"Letter Opener":17,"Orichalcum":41,"White Beast Statue":45,"Mercury Hourglass":5,"Calling Bell":17,"Anchor":17,"StrikeDummy":45},{"Torii":4,"SacredBark":18,"Incense Burner":25,"Ginger":4,"Blood Vial":10,"Lizard Tail":12,"HornCleat":13,"Mummified Hand":16,"Ninja Scroll":27,"Kunai":13,"Ring of the Snake":0,"Girya":21,"NeowsBlessing":0,"Happy Flower":24,"Oddly Smooth Stone":3,"Tingsha":9,"Eternal Feather":17,"Omamori":14,"Letter Opener":9,"Orichalcum":23,"White Beast Statue":24,"Mercury Hourglass":2,"Calling Bell":9,"Anchor":9,"StrikeDummy":24},{"Torii":7,"SacredBark":83,"Incense Burner":121,"Ginger":7,"Blood Vial":39,"Lizard Tail":48,"HornCleat":53,"Mummified Hand":65,"Ninja Scroll":141,"Kunai":53,"Ring of the Snake":0,"Girya":97,"NeowsBlessing":0,"Happy Flower":116,"Oddly Smooth Stone":3,"Tingsha":32,"Eternal Feather":68,"Omamori":57,"Letter Opener":32,"Orichalcum":110,"White Beast Statue":116,"Mercury Hourglass":2,"Calling Bell":32,"Anchor":32,"StrikeDummy":116}],"Ring of the Snake":[56]},"card_choices":[{"not_picked":["Dodge and Roll","PiercingWail","Sucker Punch"],"picked":"SKIP","floor":1.0},{"not_picked":["Eviscerate","Sucker Punch"],"picked":"Cloak And Dagger","floor":3.0},{"not_picked":["Underhanded Strike","Well Laid Plans","Flechettes"],"picked":"SKIP","floor":6.0},{"not_picked":["Outmaneuver","PiercingWail","Flechettes"],"picked":"SKIP","floor":8.0},{"not_picked":["Riddle With Holes","Dodge and Roll","Choke"],"picked":"SKIP","floor":10.0},{"not_picked":["Acrobatics","Prepared"],"picked":"Backflip","floor":11.0},{"not_picked":["Outmaneuver","Deflect","Dagger Throw"],"picked":"SKIP","floor":12.0},{"not_picked":["Tactician","Eviscerate"],"picked":"Terror","floor":14.0},{"not_picked":["Tools of the Trade","Bullet Time"],"picked":"Adrenaline","floor":16.0},{"not_picked":["All Out Attack","Slice"],"picked":"Blade Dance","floor":18.0},{"not_picked":["Blur","Poisoned Stab"],"picked":"Dagger Spray","floor":22.0},{"not_picked":["Calculated Gamble","Well Laid Plans+1"],"picked":"Dodge and Roll+1","floor":23.0},{"not_picked":["Well Laid Plans","Acrobatics"],"picked":"Blade Dance","floor":24.0},{"not_picked":["Acrobatics","Eviscerate","Expertise"],"picked":"SKIP","floor":27.0},{"not_picked":["Dagger Spray","Prepared","Quick Slash"],"picked":"SKIP","floor":28.0},{"not_picked":["Predator","Reflex","Prepared+1"],"picked":"SKIP","floor":29.0},{"not_picked":["Riddle With Holes","All Out Attack","A Thousand Cuts"],"picked":"SKIP","floor":31.0},{"not_picked":["A Thousand Cuts","Wraith Form v2"],"picked":"After Image","floor":33.0},{"not_picked":["Flying Knee","Dagger Throw+1","Dagger Spray"],"picked":"SKIP","floor":35.0},{"not_picked":["Outmaneuver","Acrobatics"],"picked":"Blur+1","floor":36},{"not_picked":["Prepared+1","Dagger Throw"],"picked":"Leg Sweep","floor":37},{"not_picked":["Dagger Throw+1","Sucker Punch","Blade Dance+1"],"picked":"SKIP","floor":39},{"not_picked":["Backflip","Sucker Punch","Underhanded Strike"],"picked":"SKIP","floor":41},{"not_picked":["Secret Weapon","expansioncontent:Collect"],"picked":"Swift Strike","floor":42},{"not_picked":["expansioncontent:PolyBeam","Transmutation"],"picked":"expansioncontent:CaCaw","floor":42},{"not_picked":["Terror+1","Backflip"],"picked":"Finisher+1","floor":44},{"not_picked":["Tactician","Blade Dance"],"picked":"Finisher","floor":46},{"not_picked":["Dagger Spray","Slice+1","Expertise"],"picked":"SKIP","floor":54}],"player_experience":246813,"relics_obtained":[{"floor":5.0,"key":"Mercury Hourglass"},{"floor":6.0,"key":"Oddly Smooth Stone"},{"floor":8.0,"key":"Torii"},{"floor":9.0,"key":"Ginger"},{"floor":17.0,"key":"Anchor"},{"floor":17.0,"key":"Letter Opener"},{"floor":17.0,"key":"Tingsha"},{"floor":23.0,"key":"Lizard Tail"},{"floor":26.0,"key":"HornCleat"},{"floor":27.0,"key":"Omamori"},{"floor":29.0,"key":"Mummified Hand"},{"floor":31.0,"key":"Eternal Feather"},{"floor":37,"key":"Girya"},{"floor":41,"key":"Orichalcum"},{"floor":44,"key":"Happy Flower"},{"floor":46,"key":"Incense Burner"},{"floor":54,"key":"Ninja Scroll"}],"event_choices":[{"damage_healed":0.0,"max_hp_gain":0.0,"max_hp_loss":0.0,"gold_gain":0.0,"event_name":"Vampires","player_choice":"Became a vampire (Vial)","floor":20.0,"relics_lost":["Blood Vial"],"gold_loss":0.0,"damage_taken":0.0,"cards_obtained":["Bite","Bite","Bite","Bite","Bite"]},{"damage_healed":0.0,"max_hp_gain":0.0,"max_hp_loss":0.0,"gold_gain":275.0,"event_name":"Golden Shrine","player_choice":"Desecrate","floor":21.0,"gold_loss":0.0,"damage_taken":0.0,"cards_obtained":["Regret"]},{"damage_healed":0,"gold_gain":0,"player_choice":"Fight","damage_taken":0,"max_hp_gain":0,"max_hp_loss":0,"event_name":"MindBloom","floor":37,"gold_loss":0},{"damage_healed":0,"gold_gain":0,"player_choice":"Embrace Madness","damage_taken":9,"max_hp_gain":0,"max_hp_loss":0,"event_name":"Winding Halls","floor":38,"gold_loss":0,"cards_obtained":["Madness","Madness"]},{"damage_healed":0,"gold_gain":0,"player_choice":"Memory 3","damage_taken":10,"max_hp_gain":0,"max_hp_loss":0,"event_name":"SensoryStone","floor":42,"gold_loss":0}],"is_beta":false,"boss_relics":[{"not_picked":["SlaversCollar","Astrolabe"],"picked":"Calling Bell"},{"not_picked":["Snecko Eye","Runic Dome"],"picked":"SacredBark"}],"items_purged_floors":[],"is_endless":false,"potions_floor_spawned":[3,8,10,11,24,27,29,35,39,44,46,54],"killed_by":"The Heart","ascension_level":2}}