{"host":"om3vwxs2fz5vu4gd","time":1608955798,"event":{"mods":["BaseMod","Downfall","Minty Spire (QoL Compilation)","StSLib"],"gold_per_floor":[99,113,113,123,223,223,223,256,275,300,300,225,241,241,256,256,256,256],"floor_reached":16,"playtime":993,"items_purged":[],"score":110,"play_id":"2314e9ac-b99a-451a-9ea8-720bb055a516","local_time":"20201226150958","is_ascension_mode":false,"campfire_choices":[{"data":"champ:Taunt","floor":1,"key":"SMITH"},{"data":"champ:TornadoPunch","floor":6,"key":"SMITH"},{"data":"champ:BerserkerStyle","floor":12,"key":"SMITH"}],"circlet_count":0,"master_deck":["champ:Strike","champ:Strike","champ:Strike+1","champ:Defend+1","champ:Defend+1","champ:Defend","champ:Defend","champ:Execute","champ:Taunt+1","champ:TornadoPunch+1","champ:GladiatorsShout","champ:ShieldWall","champ:BerserkerStyle+1","champ:MurderStrike","champ:GutPunch","Regret","champ:GladiatorStyle"],"relics":["champ:ChampionCrown","CloakClasp","Incense Burner","Mummified Hand","Happy Flower","champ:FightingForDummies","downfall:HeartBlessingGreen"],"acts_visited":["Exordium"],"potions_floor_usage":[10,10,10],"damage_taken":[{"damage":6,"enemies":"Small Slimes","floor":2,"turns":5},{"damage":9,"enemies":"2 Louse","floor":4,"turns":4},{"damage":62,"enemies":"2 Louse","floor":5,"turns":11},{"damage":6,"enemies":"3 Sentries","floor":8,"turns":5},{"damage":7,"enemies":"Jaw Worm","floor":9,"turns":3},{"damage":23,"enemies":"Gremlin Nob","floor":10,"turns":4},{"damage":8,"enemies":"Exordium Wildlife","floor":13,"turns":5},{"damage":3,"enemies":"2 Fungi Beasts","floor":15,"turns":2},{"damage":36,"enemies":"downfall:Defect","floor":16,"turns":4}],"seed_played":"-586580987293960363","potions_obtained":[{"floor":5,"key":"EntropicBrew"},{"floor":9,"key":"PowerPotion"},{"floor":10,"key":"sneckomod:MuddlingPotion"},{"floor":15,"key":"FearPotion"}],"is_trial":false,"path_per_floor":["R","M","?","M","?","R","T","E","M","E","?","R","M","?","M","B"],"character_chosen":"THE_CHAMP","items_purchased":[],"campfire_rested":0,"item_purchase_floors":[],"current_hp_per_floor":[99,98,98,97,50,50,50,44,45,41,29,29,29,29,34,0,0,0],"gold":256,"neow_bonus":"TEN_PERCENT_HP_BONUS","is_daily":false,"chose_seed":false,"campfire_upgraded":3,"win_rate":0.0,"timestamp":1608955798,"path_taken":["R","M","?","M","?","R","T","E","M","E","?","R","?","?","M","BOSS"],"items_purchased_type":[],"build_version":"2020-12-22","purchased_purges":0,"victory":false,"max_hp_per_floor":[99,99,99,99,99,99,99,99,99,99,99,99,99,99,99,99,99,99],"card_choices":[{"not_picked":["champ:Haymaker","champ:Backstep"],"picked":"champ:TornadoPunch","floor":2},{"not_picked":["champ:CrookedStrike","champ:TornadoPunch"],"picked":"champ:GladiatorsShout","floor":4},{"not_picked":["champ:Circumvent","champ:BerserkersShout"],"picked":"champ:ShieldWall","floor":5},{"not_picked":["champ:PerfectedStrike","champ:GutPunch"],"picked":"champ:BerserkerStyle","floor":8},{"not_picked":["champ:FocusedBerserking","champ:PerfectedStrike"],"picked":"champ:MurderStrike","floor":9},{"not_picked":["champ:Duel","champ:RapidStrikes"],"picked":"champ:GutPunch","floor":10},{"not_picked":["champ:Duel","champ:DefensiveShout","champ:PerfectedStrike"],"picked":"SKIP","floor":13},{"not_picked":["champ:EnragedBash","champ:Backstep"],"picked":"champ:GladiatorStyle","floor":15}],"player_experience":414486,"relics_obtained":[{"floor":5,"key":"CloakClasp"},{"floor":7,"key":"Incense Burner"},{"floor":8,"key":"Mummified Hand"},{"floor":10,"key":"Happy Flower"}],"event_choices":[{"damage_healed":0,"gold_gain":0,"player_choice":"Success","damage_taken":12,"relics_obtained":["champ:FightingForDummies"],"max_hp_gain":0,"max_hp_loss":0,"event_name":"Scrap Ooze","floor":11,"gold_loss":0}],"is_beta":false,"boss_relics":[],"items_purged_floors":[],"is_endless":false,"potions_floor_spawned":[5,9,10,15],"killed_by":"downfall:Defect","ascension_level":0}}