{"host":"lvglfvqy3xrupc2a","time":1608944198,"event":{"mods":["Act Like it!","Aspiration","BaseMod","Better Altar","Better Match","Better Note","Better Sensory Stone","Better Skull","Better Third Choice","BetterRewards","Conspire","Friendly Minions","Gensokyo","Grow up Mod","Hallownest","Hubris","HumanHunterMod(????mod)","Humility","Infinite Spire","Mimic Mod","Minty Spire (QoL Compilation)","MostiFishMod","Remove Card Discount Mod","Replay The Spire","Reworked Bosses","Spicy Shops","StSLib","The Blackbeard","The Blue Laboratory","The Factory","Uncapped","Wandering Minibosses","[IsaacMod]????","vexMod"],"gold_per_floor":[117,137,151,163,48,76,76,103,130,147,147,166,193,193,193,193,193,193],"floor_reached":16,"playtime":640,"items_purged":[],"score":195,"play_id":"42c1f513-ad68-4564-b99e-2ccb083991f8","local_time":"20201225185638","is_ascension_mode":true,"campfire_choices":[{"data":"blackbeard:Cutlass","floor":7,"key":"SMITH"},{"data":"blackbeard:GoldenDefense","floor":15,"key":"SMITH"}],"circlet_count":0,"master_deck":["blackbeard:BlackbeardStrike","blackbeard:BlackbeardStrike","blackbeard:BlackbeardStrike","blackbeard:BlackbeardStrike","blackbeard:IntimidatingStrike","blackbeard:BlackbeardDefend","blackbeard:BlackbeardDefend","blackbeard:BlackbeardDefend","blackbeard:BlackbeardDefend","blackbeard:Cutlass+1","blackbeard:Anchor","blackbeard:Shrapnel","blackbeard:RearmingStrike","blackbeard:Dagger","blackbeard:BlindAttacks","blackbeard:SmithingHammer","blackbeard:GoldenStrike","blackbeard:PiratesWill","blackbeard:GoldenDefense+1"],"relics":["blackbeard:LoadTheCannons","HushsDoor","DaveBox","Omamori","TuHaoJin","ArrowTower","SynthV:TestCard","Odd Mushroom","GnawedLeaf","vexMod:FocusSash","Damocles","Snack Pack","hubris:Towel","Ginger","ReplayTheSpireMod:Ninjato","BookOfRevelations"],"acts_visited":["Exordium"],"potions_floor_usage":[],"damage_taken":[{"damage":4,"enemies":"2_ Uuma","floor":1,"turns":4},{"damage":2,"enemies":"Hallownest:2_Tiktiks_and_1_Crawlid","floor":2,"turns":3},{"damage":0,"enemies":"Hallownest:2_Baldur","floor":3,"turns":3},{"damage":7,"enemies":"Hallownest:1_Ooma_and_2_Uuma","floor":4,"turns":5},{"damage":7,"enemies":"Hallownest:eliteVengeflyKing","floor":6,"turns":4},{"damage":11,"enemies":"Hallownest:eliteCrystalGuardian","floor":8,"turns":5},{"damage":2,"enemies":"Hallownest:monsterFoolEater","floor":10,"turns":3},{"damage":0,"enemies":"Hallownest:1_Baldur_1_Crawlid_1_Warrior","floor":12,"turns":3},{"damage":2,"enemies":"Hallownest:eliteVengeflyKing","floor":13,"turns":5},{"damage":25,"enemies":"Hallownest:BossHornet","floor":16,"turns":4}],"seed_played":"-5000880430369575632","potions_obtained":[{"floor":1,"key":"Energy Potion"},{"floor":4,"key":"Explosive Potion"}],"is_trial":false,"path_per_floor":["M","M","M","M","?","E","R","E","T","M","?","M","E","?","R","B"],"character_chosen":"BLACKBEARD_CLASS","items_purchased":[],"campfire_rested":0,"item_purchase_floors":[],"current_hp_per_floor":[91,99,109,112,122,125,135,134,144,152,162,176,186,196,206,0,0,0],"gold":193,"neow_bonus":"RANDOM_COMMON_RELIC","is_daily":false,"chose_seed":false,"campfire_upgraded":2,"win_rate":0.0,"timestamp":1608944198,"path_taken":["M","M","?","M","?","E","R","E","T","M","?","?","E","?","R","BOSS"],"items_purchased_type":[],"build_version":"2020-12-22","purchased_purges":0,"victory":false,"max_hp_per_floor":[95,105,115,125,135,145,155,165,175,185,195,205,215,225,235,235,235,235],"card_choices":[{"not_picked":["blackbeard:Revenge","blackbeard:GhostInTheRum"],"picked":"blackbeard:Anchor","floor":1},{"not_picked":["blackbeard:PowderKeg","blackbeard:Fencing","blackbeard:BeatUp","blackbeard:Intoxication"],"picked":"blackbeard:Shrapnel","floor":2},{"not_picked":["blackbeard:Toast","blackbeard:Anchor","blackbeard:TerrorOfTheSeas","blackbeard:BeatUp"],"picked":"blackbeard:RearmingStrike","floor":3},{"not_picked":["blackbeard:Toast","blackbeard:RearmingStrike","blackbeard:DangerousBlow","blackbeard:BuriedTreasure"],"picked":"blackbeard:Dagger","floor":4},{"not_picked":["blackbeard:CloakAndCannonball","blackbeard:UndeadForm","blackbeard:RearmingStrike","blackbeard:Toast"],"picked":"blackbeard:BlindAttacks","floor":6},{"not_picked":["blackbeard:CannonBarrage","blackbeard:RearmingStrike","blackbeard:PowerHungry","blackbeard:Dagger"],"picked":"blackbeard:SmithingHammer","floor":8},{"not_picked":["blackbeard:BlindAttacks","blackbeard:FieryDefense","blackbeard:AgileStrike","blackbeard:CloakAndCannonball"],"picked":"blackbeard:GoldenStrike","floor":10},{"not_picked":["blackbeard:Sharpening","blackbeard:DeadlyArsenal","blackbeard:AgileStrike","blackbeard:WeaponProficiency"],"picked":"blackbeard:PiratesWill","floor":12},{"not_picked":["blackbeard:Intoxication","blackbeard:Parrot","blackbeard:Anchor","blackbeard:BuriedTreasure"],"picked":"blackbeard:GoldenDefense","floor":13}],"player_experience":1092563,"relics_obtained":[{"floor":1,"key":"SynthV:TestCard"},{"floor":6,"key":"GnawedLeaf"},{"floor":8,"key":"vexMod:FocusSash"},{"floor":9,"key":"Damocles"},{"floor":10,"key":"Snack Pack"},{"floor":12,"key":"Ginger"},{"floor":13,"key":"ReplayTheSpireMod:Ninjato"},{"floor":13,"key":"BookOfRevelations"}],"event_choices":[],"is_beta":false,"boss_relics":[],"items_purged_floors":[],"is_endless":true,"potions_floor_spawned":[1,4,12],"killed_by":"Hallownest:BossHornet","ascension_level":5}}