{"host":"5dk97cf2ubw2v967","time":1608999598,"event":{"mods":["AlwaysNeverKeys","BaseMod","Better Altar","Better Vampires","Block Reminder","Colored Powertips","Downfall","Googly Eyes","Highlight Path","Minty Spire (QoL Compilation)","Permanent Neow","Potion Indicator Mod","Quick Restart","Relic Filter","Relic Stats","Say the Spire","Spicy Shops","StSLib","Waifu the Spire","everything is the same but u backflip on backflip"],"gold_per_floor":[119,43,54,54,65,65,100,100,100,135,153,153,172,182,182,259,259,278,278,295,307,320,320,320,320],"floor_reached":24,"playtime":1331,"items_purged":[],"score":420,"play_id":"9ff6471d-e82b-4c08-ac19-8f27bc5b8f8b","local_time":"20201226161958","is_ascension_mode":true,"campfire_choices":[{"data":"Predator","floor":6,"key":"SMITH"},{"floor":8,"key":"REST"},{"floor":15,"key":"REST"},{"floor":23,"key":"REST"}],"circlet_count":0,"master_deck":["AscendersBane","Defend_G","Defend_G","Defend_G","Defend_G","Defend_G","Survivor","Neutralize","Predator+1","Dash","Backflip","Tactician","Dagger Throw","Well Laid Plans","Riddle With Holes","Leg Sweep","Underhanded Strike","Flying Knee","Expertise","Envenom","Acrobatics","Slimebound:Tackle+1","Slimebound:Tackle+1","Slimebound:Tackle+1","Predator","Bouncing Flask","Deadly Poison","Deadly Poison+1"],"relics":["Philosopher\u0027s Stone","Prayer Wheel","InkBottle","Oddly Smooth Stone","Snecko Eye"],"acts_visited":["Exordium","TheCity"],"potions_floor_usage":[7,10,16,22,22],"damage_taken":[{"damage":4.0,"enemies":"2 Louse","floor":1.0,"turns":3.0},{"damage":0.0,"enemies":"Cultist","floor":3.0,"turns":3.0},{"damage":3,"enemies":"Jaw Worm","floor":5,"turns":3},{"damage":13,"enemies":"Lagavulin","floor":7,"turns":4},{"damage":18,"enemies":"3 Sentries","floor":10,"turns":8},{"damage":4,"enemies":"Lots of Slimes","floor":11,"turns":5},{"damage":0,"enemies":"2 Fungi Beasts","floor":13,"turns":3},{"damage":2,"enemies":"Exordium Wildlife","floor":14,"turns":4},{"damage":40,"enemies":"Hexaghost","floor":16,"turns":11},{"damage":14,"enemies":"3 Byrds","floor":18,"turns":5},{"damage":0,"enemies":"2 Thieves","floor":20,"turns":2},{"damage":0,"enemies":"Snecko","floor":21,"turns":2},{"damage":36,"enemies":"Sentry and Sphere","floor":22,"turns":6},{"damage":16,"enemies":"Slavers","floor":24,"turns":2}],"seed_played":"7147025494030617173","potions_obtained":[{"floor":1.0,"key":"LiquidBronze"},{"floor":3.0,"key":"ColorlessPotion"},{"floor":10,"key":"Block Potion"},{"floor":14,"key":"Energy Potion"},{"floor":20,"key":"hexamod:EctoCoolerPotion"},{"floor":21,"key":"Fruit Juice"}],"is_trial":false,"path_per_floor":["M","$","M","?","M","R","E","R","T","E","M","?","M","M","R","B",null,"M","?","M","M","M","R","E"],"character_chosen":"THE_SILENT","items_purchased":["Dash"],"campfire_rested":3,"item_purchase_floors":[2],"current_hp_per_floor":[55,55,55,51,48,48,35,54,54,36,32,32,32,30,49,9,52,38,38,38,38,7,28,12,12],"gold":320,"neow_bonus":"BOSS_RELIC","is_daily":false,"chose_seed":false,"campfire_upgraded":1,"win_rate":0.0,"timestamp":1608999598,"path_taken":["M","$","M","?","?","R","E","R","T","E","M","?","?","M","R","BOSS","M","?","M","M","M","R","E"],"items_purchased_type":["Card"],"build_version":"2020-12-22","purchased_purges":0,"victory":false,"max_hp_per_floor":[66,66,66,66,66,66,66,66,66,66,66,66,66,66,66,66,66,66,66,66,66,71,71,71,71],"relic_stats":{"counters":[14,61],"Snecko Eye":[42,45,24,27],"Prayer Wheel":7,"obtain_stats":[{"Oddly Smooth Stone":10,"Snecko Eye":17,"Philosopher\u0027s Stone":0,"Prayer Wheel":7,"InkBottle":9,"Ring of the Snake":0},{"Oddly Smooth Stone":5,"Snecko Eye":9,"Philosopher\u0027s Stone":0,"Prayer Wheel":4,"InkBottle":4,"Ring of the Snake":0},{"Oddly Smooth Stone":21,"Snecko Eye":44,"Philosopher\u0027s Stone":0,"Prayer Wheel":13,"InkBottle":13,"Ring of the Snake":0}],"InkBottle":[16]},"card_choices":[{"not_picked":["Acrobatics","Backflip"],"picked":"Predator","floor":1.0},{"not_picked":["Reflex","Quick Slash"],"picked":"Backflip","floor":3.0},{"not_picked":["Prepared","Bane","Flying Knee"],"picked":"SKIP","floor":5},{"not_picked":["Bane","Deadly Poison"],"picked":"Tactician","floor":7},{"not_picked":["Accuracy","Grand Finale"],"picked":"Dagger Throw","floor":10},{"not_picked":["Slice","Cloak And Dagger"],"picked":"Well Laid Plans","floor":11},{"not_picked":["Blade Dance","PiercingWail"],"picked":"Riddle With Holes","floor":11},{"not_picked":["Sucker Punch","Choke"],"picked":"Leg Sweep","floor":13},{"not_picked":["Cloak And Dagger","Expertise"],"picked":"Underhanded Strike","floor":13},{"not_picked":["Expertise","Dagger Throw"],"picked":"Flying Knee","floor":14},{"not_picked":["All Out Attack","Blade Dance"],"picked":"Expertise","floor":14},{"not_picked":["Venomology","Wraith Form v2"],"picked":"Envenom","floor":16},{"not_picked":["Flying Knee","Slice"],"picked":"Acrobatics","floor":18},{"not_picked":["Caltrops","Outmaneuver","Endless Agony"],"picked":"SKIP","floor":18},{"not_picked":["Slice","Well Laid Plans"],"picked":"Predator","floor":20},{"not_picked":["Prepared","Dodge and Roll"],"picked":"Bouncing Flask","floor":20},{"not_picked":["Deflect","Dodge and Roll","Setup+1"],"picked":"SKIP","floor":21},{"not_picked":["All Out Attack","Poisoned Stab","Outmaneuver"],"picked":"SKIP","floor":21},{"not_picked":["Prepared","Flying Knee"],"picked":"Deadly Poison","floor":22},{"not_picked":["Deflect","Slice"],"picked":"Deadly Poison+1","floor":22}],"player_experience":1258350,"relics_obtained":[{"floor":7,"key":"Prayer Wheel"},{"floor":9,"key":"InkBottle"},{"floor":10,"key":"Oddly Smooth Stone"}],"event_choices":[{"damage_healed":0,"gold_gain":0,"player_choice":"Bought 0 Potions","damage_taken":0,"max_hp_gain":0,"max_hp_loss":0,"event_name":"The Woman in Blue","floor":4,"gold_loss":0},{"cards_removed":["Strike_G"],"damage_healed":0,"gold_gain":0,"player_choice":"Offered Basic","damage_taken":0,"max_hp_gain":0,"max_hp_loss":0,"event_name":"Bonfire Elementals","floor":12,"gold_loss":0}],"is_beta":false,"boss_relics":[{"not_picked":["Ectoplasm","Astrolabe"],"picked":"Snecko Eye"}],"items_purged_floors":[],"is_endless":false,"potions_floor_spawned":[1,3,10,14,20,21],"killed_by":"Slavers","ascension_level":20}}