{"host":"k5dhp0bkccqfauyu","time":1608994294,"event":{"mods":["BaseMod","Better Note","Better Skull","Better Vampires","Colored Map","Colored Powertips","DeckTracker","Minty Spire (QoL Compilation)","Permanent Neow","StSLib","SuperFastMode"],"gold_per_floor":[363,363,375,385,385,415,431,431,485,496,496,568,568,598,598,598,598],"floor_reached":16,"playtime":380,"items_purged":[],"score":116,"play_id":"4b8cdc5b-675f-4709-9b9b-c335ab38a4a4","local_time":"20201227015134","is_ascension_mode":true,"campfire_choices":[{"data":"Zap","floor":8,"key":"SMITH"},{"data":"Loop","floor":11,"key":"SMITH"},{"floor":13,"key":"REST"},{"data":"Genetic Algorithm","floor":15,"key":"SMITH"}],"circlet_count":0,"master_deck":["Strike_B","Strike_B","Strike_B","Strike_B","Defend_B","Defend_B+1","Defend_B","Defend_B","Zap+1","Dualcast","Rebound+1","Streamline","Genetic Algorithm+1","Fusion","Compile Driver","Loop+1","Turbo"],"relics":["Cracked Core","Darkstone Periapt","Bronze Scales","Molten Egg 2","Lantern"],"acts_visited":["Exordium"],"potions_floor_usage":[6,16],"damage_taken":[{"damage":1,"enemies":"Jaw Worm","floor":1,"turns":3},{"damage":0,"enemies":"Small Slimes","floor":3,"turns":2},{"damage":1,"enemies":"Cultist","floor":4,"turns":3},{"damage":13,"enemies":"3 Sentries","floor":6,"turns":7},{"damage":0,"enemies":"Looter","floor":7,"turns":3},{"damage":8,"enemies":"2 Fungi Beasts","floor":10,"turns":3},{"damage":13,"enemies":"Lagavulin","floor":14,"turns":6},{"damage":29,"enemies":"The Guardian","floor":16,"turns":8}],"seed_played":"-2143540883897048679","potions_obtained":[{"floor":1,"key":"EssenceOfDarkness"},{"floor":7,"key":"EssenceOfSteel"}],"is_trial":false,"path_per_floor":["M","?","M","M","?","E","M","R","T","M","R","T","R","E","R","B"],"character_chosen":"DEFECT","items_purchased":[],"campfire_rested":1,"item_purchase_floors":[],"current_hp_per_floor":[53,38,38,37,37,24,24,24,24,16,16,16,38,25,25,0,0],"gold":598,"neow_bonus":"TWO_FIFTY_GOLD","is_daily":false,"chose_seed":false,"campfire_upgraded":3,"win_rate":0.0,"timestamp":1608994294,"path_taken":["M","?","M","M","?","E","?","R","T","M","R","?","R","E","R","BOSS"],"items_purchased_type":[],"build_version":"2020-12-22","purchased_purges":0,"victory":false,"max_hp_per_floor":[75,75,75,75,75,75,75,75,75,75,75,75,75,75,75,75,75],"card_choices":[{"not_picked":["Leap","Redo"],"picked":"Rebound","floor":1},{"not_picked":["Go for the Eyes","Blizzard"],"picked":"Streamline","floor":3},{"not_picked":["Beam Cell","Coolheaded"],"picked":"Genetic Algorithm","floor":4},{"not_picked":["Darkness","Blizzard"],"picked":"Fusion","floor":6},{"not_picked":["Streamline","Beam Cell"],"picked":"Compile Driver","floor":7},{"not_picked":["Redo","Compile Driver"],"picked":"Loop","floor":10},{"not_picked":["Hello World","Gash+1"],"picked":"Turbo","floor":14}],"player_experience":1831279,"relics_obtained":[{"floor":6,"key":"Darkstone Periapt"},{"floor":9,"key":"Bronze Scales"},{"floor":12,"key":"Molten Egg 2"},{"floor":14,"key":"Lantern"}],"event_choices":[{"damage_healed":0,"gold_gain":0,"player_choice":"Entered Light","damage_taken":15,"max_hp_gain":0,"max_hp_loss":0,"event_name":"Shining Light","floor":2,"gold_loss":0,"cards_upgraded":["Rebound","Defend_B"]},{"damage_healed":0,"gold_gain":0,"player_choice":"Ignored","damage_taken":0,"max_hp_gain":0,"max_hp_loss":0,"event_name":"Liars Game","floor":5,"gold_loss":0}],"is_beta":false,"boss_relics":[],"items_purged_floors":[],"is_endless":false,"potions_floor_spawned":[1,7],"killed_by":"The Guardian","ascension_level":1}}