{"host":"ir6vojma30jz6tvk","time":1608979924,"event":{"mods":["AchievementEnabler","BaseMod","Colored Map","Minty Spire (QoL Compilation)","StSLib","SuperFastMode"],"gold_per_floor":[109,184,34,45,45,45,73,96,96,112,37,37,51,51,51,148,148,167,127,327,346,209,243,243,253,280,314,190,207,82,97,97,196,196,213,213,226,226,242,272,272,0,25,73,73,73,86,99,99,99,99,99,59,87,87],"floor_reached":56,"playtime":1601,"items_purged":["Doom and Gloom","Blizzard","Defragment"],"score":1609,"play_id":"ffcda0de-8055-410e-b770-21141a493bd8","local_time":"20201226195204","is_ascension_mode":true,"campfire_choices":[{"data":"Blizzard","floor":6,"key":"SMITH"},{"data":"Capacitor","floor":15,"key":"SMITH"},{"data":"Biased Cognition","floor":32,"key":"SMITH"},{"data":"Deep Breath","floor":41,"key":"SMITH"},{"data":"Tempest","floor":45,"key":"SMITH"},{"floor":49,"key":"RECALL"},{"data":"Self Repair","floor":52,"key":"SMITH"}],"circlet_count":0,"master_deck":["Coolheaded+1","Coolheaded+1","Capacitor+1","Biased Cognition+1","Thunder Strike+1","Zap+1","Tempest+1","Deep Breath+1","Self Repair+1","Double Energy+1","Reinforced Body"],"relics":["Runic Dome","Sundial","Ancient Tea Set","Juzu Bracelet","Mummified Hand","Coffee Dripper","Bronze Scales","Shuriken","Philosopher\u0027s Stone","PreservedInsect","Red Mask","Smiling Mask","Turnip","Toy Ornithopter"],"acts_visited":["Exordium","TheCity","TheBeyond","TheEnding"],"potions_floor_usage":[40,50],"damage_taken":[{"damage":0,"enemies":"Small Slimes","floor":1,"turns":1},{"damage":0,"enemies":"2 Louse","floor":4,"turns":2},{"damage":0,"enemies":"3 Sentries","floor":7,"turns":2},{"damage":0,"enemies":"Jaw Worm","floor":10,"turns":1},{"damage":7,"enemies":"Blue Slaver","floor":13,"turns":2},{"damage":0,"enemies":"Hexaghost","floor":16,"turns":1},{"damage":0,"enemies":"Chosen","floor":18,"turns":1},{"damage":0,"enemies":"3 Byrds","floor":21,"turns":1},{"damage":0,"enemies":"Gremlin Leader","floor":23,"turns":2},{"damage":0,"enemies":"Sentry and Sphere","floor":25,"turns":1},{"damage":20,"enemies":"Slavers","floor":27,"turns":2},{"damage":0,"enemies":"Snake Plant","floor":29,"turns":1},{"damage":3,"enemies":"Snecko","floor":31,"turns":3},{"damage":0,"enemies":"Automaton","floor":33,"turns":2},{"damage":0,"enemies":"3 Darklings","floor":35,"turns":1},{"damage":0,"enemies":"3 Shapes","floor":37,"turns":1},{"damage":0,"enemies":"Maw","floor":39,"turns":2},{"damage":0,"enemies":"Reptomancer","floor":40,"turns":1},{"damage":0,"enemies":"2 Orb Walkers","floor":44,"turns":1},{"damage":0,"enemies":"Jaw Worm Horde","floor":47,"turns":1},{"damage":18,"enemies":"3 Darklings","floor":48,"turns":2},{"damage":30,"enemies":"Time Eater","floor":50,"turns":3},{"damage":0,"enemies":"Shield and Spear","floor":54,"turns":1},{"damage":65,"enemies":"The Heart","floor":55,"turns":6}],"seed_played":"-2183642852177729297","potions_obtained":[{"floor":4,"key":"Fire Potion"},{"floor":10,"key":"SpeedPotion"},{"floor":14,"key":"FairyPotion"},{"floor":44,"key":"Fire Potion"}],"is_trial":false,"path_per_floor":["M","?","$","M","?","R","E","T","T","M","$","?","M","?","R","B",null,"M","?","?","M","$","E","?","M","T","E","$","M","$","M","R","B",null,"M","$","M","?","M","E","R","?","T","?","R","$","M","M","R","B",null,"R","$","E","B",null],"character_chosen":"DEFECT","items_purchased":["Doom and Gloom","Darkness","Defragment","Tempest","Deep Breath","Reinforced Body"],"campfire_rested":0,"item_purchase_floors":[3,3,22,28,28,53],"current_hp_per_floor":[75,64,64,64,64,64,64,64,64,64,64,57,50,50,50,50,75,75,75,75,75,75,75,75,75,75,55,55,55,55,59,59,66,75,75,75,75,75,75,75,75,75,75,75,75,75,75,64,64,41,75,75,75,75,20],"gold":87,"neow_bonus":"BOSS_RELIC","is_daily":false,"chose_seed":false,"campfire_upgraded":6,"win_rate":0.0,"timestamp":1608979924,"path_taken":["M","?","$","M","?","R","E","?","T","M","?","?","M","?","R","BOSS","M","?","?","M","$","E","?","M","T","E","?","M","$","M","R","BOSS","M","$","M","?","M","E","R","?","T","?","R","?","M","M","R","BOSS","R","$","E","BOSS"],"items_purchased_type":["Card","Card","Card","Card","Card","Card"],"build_version":"2020-12-22","purchased_purges":3,"victory":true,"max_hp_per_floor":[75,75,75,75,75,75,75,75,75,75,75,75,75,75,75,75,75,75,75,75,75,75,75,75,75,75,75,75,75,75,75,75,75,75,75,75,75,75,75,75,75,75,75,75,75,75,75,75,75,75,75,75,75,75,75],"card_choices":[{"not_picked":["Cold Snap","Steam","Recycle"],"picked":"SKIP","floor":1},{"not_picked":["Gash","Doom and Gloom","Rebound"],"picked":"SKIP","floor":4},{"not_picked":["Melter","Recycle"],"picked":"Capacitor","floor":7},{"not_picked":["Scrape","Ball Lightning","Coolheaded"],"picked":"SKIP","floor":10},{"not_picked":["Hologram","Auto Shields","Melter"],"picked":"SKIP","floor":13},{"not_picked":["Seek","Echo Form"],"picked":"Biased Cognition","floor":16},{"not_picked":["Reprogram","Turbo"],"picked":"Darkness","floor":18},{"not_picked":["Rebound+1","Steam+1","BootSequence+1"],"picked":"SKIP","floor":21},{"not_picked":["Rebound+1","Skim","Sweeping Beam"],"picked":"SKIP","floor":23},{"not_picked":["Melter+1","Fusion","Hello World+1"],"picked":"SKIP","floor":25},{"not_picked":["Rainbow","Auto Shields+1","Blizzard"],"picked":"SKIP","floor":27},{"not_picked":["Rainbow","Auto Shields+1","Blizzard"],"picked":"SKIP","floor":27},{"not_picked":["Rainbow","Auto Shields+1","Blizzard"],"picked":"SKIP","floor":27},{"not_picked":["Go for the Eyes","Melter"],"picked":"Self Repair","floor":29},{"not_picked":["Barrage","Streamline","Redo"],"picked":"SKIP","floor":31},{"not_picked":["Coolheaded","Turbo","Steam+1"],"picked":"SKIP","floor":35},{"not_picked":["Go for the Eyes","Cold Snap","Static Discharge"],"picked":"SKIP","floor":37},{"not_picked":["Cold Snap","Turbo","Darkness+1"],"picked":"SKIP","floor":39},{"not_picked":["Compile Driver+1","Go for the Eyes","Sweeping Beam"],"picked":"SKIP","floor":40},{"not_picked":["Streamline","Cold Snap+1"],"picked":"Double Energy+1","floor":47},{"not_picked":["Loop","Compile Driver","Rip and Tear+1"],"picked":"SKIP","floor":48},{"not_picked":["Recycle","Reprogram","Cold Snap"],"picked":"SKIP","floor":54}],"player_experience":628370,"relics_obtained":[{"floor":7,"key":"Ancient Tea Set"},{"floor":8,"key":"Juzu Bracelet"},{"floor":9,"key":"Mummified Hand"},{"floor":23,"key":"Bronze Scales"},{"floor":27,"key":"Shuriken"},{"floor":40,"key":"PreservedInsect"},{"floor":43,"key":"Smiling Mask"},{"floor":44,"key":"Turnip"},{"floor":54,"key":"Toy Ornithopter"}],"event_choices":[{"damage_healed":0,"gold_gain":75,"player_choice":"Gather Gold","damage_taken":11,"max_hp_gain":0,"max_hp_loss":0,"event_name":"World of Goop","floor":2,"gold_loss":0},{"damage_healed":0,"gold_gain":0,"player_choice":"Grow","damage_taken":0,"max_hp_gain":0,"max_hp_loss":0,"event_name":"Living Wall","floor":5,"gold_loss":0,"cards_upgraded":["Darkness"]},{"damage_healed":0,"gold_gain":0,"player_choice":"Damaged","damage_taken":7,"max_hp_gain":0,"max_hp_loss":0,"event_name":"Wheel of Change","floor":12,"gold_loss":0},{"damage_healed":0,"gold_gain":0,"player_choice":"Got Potions","damage_taken":0,"max_hp_gain":0,"max_hp_loss":0,"event_name":"Lab","floor":14,"gold_loss":0},{"damage_healed":0,"gold_gain":0,"player_choice":"Upgrade","damage_taken":0,"max_hp_gain":0,"max_hp_loss":0,"event_name":"Designer","floor":19,"gold_loss":40,"cards_upgraded":["Darkness"]},{"damage_healed":0,"gold_gain":200,"player_choice":"Gold","damage_taken":0,"max_hp_gain":0,"max_hp_loss":0,"event_name":"Wheel of Change","floor":20,"gold_loss":0},{"damage_healed":0,"gold_gain":0,"player_choice":"Bought 0 Potions","damage_taken":0,"max_hp_gain":0,"max_hp_loss":0,"event_name":"The Woman in Blue","floor":24,"gold_loss":0},{"damage_healed":0,"gold_gain":0,"player_choice":"Ignored","damage_taken":0,"max_hp_gain":0,"max_hp_loss":0,"event_name":"SecretPortal","floor":38,"gold_loss":0},{"damage_healed":0,"gold_gain":0,"player_choice":"Paid","damage_taken":0,"relics_obtained":["Red Mask"],"max_hp_gain":0,"max_hp_loss":0,"event_name":"Tomb of Lord Red Mask","floor":42,"gold_loss":272},{"damage_healed":0,"gold_gain":0,"player_choice":"Fight","damage_taken":0,"max_hp_gain":0,"max_hp_loss":0,"event_name":"Mysterious Sphere","floor":44,"gold_loss":0}],"is_beta":false,"boss_relics":[{"not_picked":["Empty Cage","Astrolabe"],"picked":"Coffee Dripper"},{"not_picked":["Snecko Eye","Nuclear Battery"],"picked":"Philosopher\u0027s Stone"}],"items_purged_floors":[11,22,30],"is_endless":false,"potions_floor_spawned":[4,10,16,18,25,27,33,39,44,48],"ascension_level":3}}