{"host":"6pgtslebjnyv5xmi","time":1608988627,"event":{"mods":["AchievementEnabler","BaseMod","Colored Map","Minty Spire (QoL Compilation)","Rare Cards Sparkle","StSLib","SuperFastMode","Td1madao Mod","everything is the same but u backflip on backflip"],"gold_per_floor":[115,115,115,129,144,144,172,17,17,61,153,182,212,224,236,248,248],"floor_reached":16,"playtime":488,"items_purged":[],"score":154,"play_id":"3de1f5b4-ff92-4055-aad7-43e8c268f51d","local_time":"20201226221707","is_ascension_mode":true,"campfire_choices":[{"data":"Fire Breathing","floor":6,"key":"SMITH"},{"floor":15,"key":"REST"}],"circlet_count":0,"master_deck":["Strike_R","Strike_R","Strike_R","Strike_R","Strike_R","Defend_R","Defend_R","Defend_R","Defend_R","Bash","Wild Strike","Fire Breathing+1","Double Tap"],"relics":["Burning Blood","NeowsBlessing","Tiny Chest","Eternal Feather","Centennial Puzzle","Omamori","MawBank","Bottled Lightning","Frozen Egg 2","Bag of Preparation"],"acts_visited":["Exordium"],"potions_floor_usage":[10,13,16,16],"damage_taken":[{"damage":0,"enemies":"2 Louse","floor":1,"turns":1},{"damage":0,"enemies":"Jaw Worm","floor":4,"turns":1},{"damage":0,"enemies":"Cultist","floor":5,"turns":1},{"damage":20,"enemies":"3 Sentries","floor":7,"turns":4},{"damage":30,"enemies":"Lagavulin","floor":10,"turns":6},{"damage":23,"enemies":"Lots of Slimes","floor":12,"turns":4},{"damage":25,"enemies":"Large Slime","floor":13,"turns":5},{"damage":55,"enemies":"Hexaghost","floor":16,"turns":9}],"seed_played":"5523737251191607387","potions_obtained":[{"floor":1,"key":"ElixirPotion"},{"floor":4,"key":"Block Potion"},{"floor":10,"key":"BloodPotion"},{"floor":13,"key":"GamblersBrew"}],"is_trial":false,"path_per_floor":["M","?","T","M","M","R","E","$","T","E","T","M","M","T","R","B"],"character_chosen":"IRONCLAD","items_purchased":["Omamori"],"campfire_rested":1,"item_purchase_floors":[8],"current_hp_per_floor":[78,75,75,80,80,80,66,66,66,42,42,25,22,22,52,0,0],"gold":248,"neow_bonus":"THREE_ENEMY_KILL","is_daily":false,"chose_seed":false,"campfire_upgraded":1,"win_rate":0.0,"timestamp":1608988627,"path_taken":["M","?","?","M","?","R","E","?","T","E","?","M","M","?","R","BOSS"],"items_purchased_type":["Relic"],"build_version":"2020-12-22","purchased_purges":0,"victory":false,"max_hp_per_floor":[80,80,80,80,80,80,80,80,80,80,80,80,80,80,80,80,80],"card_choices":[{"not_picked":["Uppercut","Sword Boomerang"],"picked":"Wild Strike","floor":1},{"not_picked":["Body Slam","Dropkick"],"picked":"Fire Breathing","floor":4},{"not_picked":["Sword Boomerang","Pommel Strike","Thunderclap"],"picked":"SKIP","floor":5},{"not_picked":["Clash","Flex"],"picked":"Double Tap","floor":7},{"not_picked":["Uppercut","Entrench","Iron Wave"],"picked":"SKIP","floor":10},{"not_picked":["Clothesline","True Grit","Clash"],"picked":"SKIP","floor":12},{"not_picked":["Anger","Sword Boomerang","Thunderclap"],"picked":"SKIP","floor":13}],"player_experience":492132,"relics_obtained":[{"floor":3,"key":"Eternal Feather"},{"floor":7,"key":"Centennial Puzzle"},{"floor":9,"key":"MawBank"},{"floor":10,"key":"Bottled Lightning"},{"floor":11,"key":"Frozen Egg 2"},{"floor":14,"key":"Bag of Preparation"}],"event_choices":[{"damage_healed":0,"gold_gain":0,"player_choice":"Success","damage_taken":3,"relics_obtained":["Tiny Chest"],"max_hp_gain":0,"max_hp_loss":0,"event_name":"Scrap Ooze","floor":2,"gold_loss":0}],"is_beta":false,"boss_relics":[],"items_purged_floors":[],"is_endless":false,"potions_floor_spawned":[1,4,10,13],"killed_by":"Hexaghost","ascension_level":8}}