{"host":"uv231blk40vjdojr","time":1608991775,"event":{"mods":["BaseMod","Minty Spire (QoL Compilation)","Relic Stats"],"gold_per_floor":[109,121,135,135,152,177,177,202,229,229,245,245,245,321,321,392,392,411,411,424,437,437,466,466,466],"floor_reached":24,"playtime":1049,"items_purged":[],"score":410,"play_id":"eeac084c-c7f7-48ab-a50d-634499d7f9d5","local_time":"20201226150935","is_ascension_mode":true,"campfire_choices":[{"data":"Berserk","floor":7.0,"key":"SMITH"},{"data":"Sadistic Nature","floor":10.0,"key":"SMITH"},{"data":"Bash","floor":13.0,"key":"SMITH"},{"data":"Ghostly Armor","floor":15.0,"key":"SMITH"}],"circlet_count":0,"master_deck":["AscendersBane","Strike_R","Strike_R","Strike_R","Strike_R","Strike_R","Defend_R","Defend_R","Defend_R","Defend_R","Bash+1","Sadistic Nature+1","Pommel Strike","Ghostly Armor+1","Whirlwind","Clothesline+1","Berserk+1","Offering","Uppercut","Pain"],"relics":["Burning Blood","Pantograph","Bag of Marbles","Potion Belt","Bag of Preparation","SlaversCollar","WarpedTongs","Molten Egg 2"],"acts_visited":["Exordium","TheCity"],"potions_floor_usage":[23],"damage_taken":[{"damage":6.0,"enemies":"Cultist","floor":1.0,"turns":4.0},{"damage":11.0,"enemies":"2 Louse","floor":2.0,"turns":3.0},{"damage":7.0,"enemies":"Small Slimes","floor":3.0,"turns":3.0},{"damage":16.0,"enemies":"Blue Slaver","floor":5.0,"turns":5.0},{"damage":36.0,"enemies":"Gremlin Nob","floor":6.0,"turns":5.0},{"damage":20.0,"enemies":"3 Sentries","floor":8.0,"turns":5.0},{"damage":0.0,"enemies":"Lots of Slimes","floor":11.0,"turns":1.0},{"damage":35.0,"enemies":"The Guardian","floor":16.0,"turns":12.0},{"damage":10.0,"enemies":"Spheric Guardian","floor":18.0,"turns":4.0},{"damage":15.0,"enemies":"3 Byrds","floor":20.0,"turns":3.0},{"damage":10.0,"enemies":"Centurion and Healer","floor":21.0,"turns":5.0},{"damage":0.0,"enemies":"Shelled Parasite and Fungi","floor":22.0,"turns":1.0},{"damage":42,"enemies":"Slavers","floor":23,"turns":4},{"damage":21,"enemies":"Snecko","floor":24,"turns":2}],"seed_played":"-842207006014138687","potions_obtained":[{"floor":1.0,"key":"Dexterity Potion"},{"floor":5.0,"key":"BloodPotion"},{"floor":6.0,"key":"SkillPotion"},{"floor":11.0,"key":"Block Potion"},{"floor":18.0,"key":"SteroidPotion"},{"floor":20.0,"key":"SmokeBomb"}],"is_trial":false,"path_per_floor":["M","M","M","T","M","E","R","E","T","R","M","?","R","?","R","B",null,"M","?","M","M","M","E","M"],"character_chosen":"IRONCLAD","items_purchased":[],"campfire_rested":0,"item_purchase_floors":[],"current_hp_per_floor":[68,63,62,62,52,35,35,21,21,21,27,27,27,27,27,23,57,53,53,44,40,46,10,0,0],"gold":466,"neow_bonus":"RANDOM_COLORLESS_2","is_daily":false,"chose_seed":false,"campfire_upgraded":4,"win_rate":0.0,"timestamp":1608991775,"path_taken":["M","M","M","?","?","E","R","E","T","R","?","?","R","?","R","BOSS","M","?","M","?","M","E","M"],"items_purchased_type":[],"build_version":"2020-12-22","purchased_purges":0,"victory":false,"max_hp_per_floor":[68,68,68,68,68,68,68,68,68,68,68,68,68,68,68,68,68,68,68,68,68,68,68,68,68],"relic_stats":{"counters":[14,57],"Pantograph":25,"Bag of Preparation":[16],"obtain_stats":[{"Potion Belt":8,"SlaversCollar":17,"Pantograph":4,"Molten Egg 2":23,"Bag of Marbles":6,"Bag of Preparation":9,"Burning Blood":0,"WarpedTongs":19},{"Potion Belt":6,"SlaversCollar":8,"Pantograph":3,"Molten Egg 2":13,"Bag of Marbles":5,"Bag of Preparation":6,"Burning Blood":0,"WarpedTongs":9},{"Potion Belt":25,"SlaversCollar":38,"Pantograph":10,"Molten Egg 2":55,"Bag of Marbles":20,"Bag of Preparation":25,"Burning Blood":0,"WarpedTongs":42}],"Burning Blood":78,"WarpedTongs":[15]},"card_choices":[{"not_picked":["Metamorphosis","Chrysalis"],"picked":"Sadistic Nature","floor":0.0},{"not_picked":["Flex","Pummel"],"picked":"Pommel Strike","floor":1.0},{"not_picked":["Rupture","Havoc"],"picked":"Ghostly Armor","floor":2.0},{"not_picked":["Twin Strike","Shrug It Off"],"picked":"Whirlwind","floor":3.0},{"not_picked":["Ghostly Armor","Evolve"],"picked":"Clothesline","floor":5.0},{"not_picked":["Body Slam","Fire Breathing"],"picked":"Berserk","floor":6.0},{"not_picked":["Heavy Blade","Pommel Strike","Pummel"],"picked":"SKIP","floor":8.0},{"not_picked":["Pummel","Warcry","Battle Trance"],"picked":"SKIP","floor":11.0},{"not_picked":["Exhume","Double Tap"],"picked":"Offering","floor":16.0},{"not_picked":["Iron Wave","Shrug It Off"],"picked":"Uppercut","floor":18.0},{"not_picked":["Searing Blow","Thunderclap","Armaments"],"picked":"SKIP","floor":20.0},{"not_picked":["Perfected Strike","Iron Wave","Warcry"],"picked":"SKIP","floor":21.0},{"not_picked":["Iron Wave+1","Twin Strike+1","Pommel Strike+1"],"picked":"SKIP","floor":23}],"player_experience":532368,"relics_obtained":[{"floor":4.0,"key":"Pantograph"},{"floor":6.0,"key":"Bag of Marbles"},{"floor":8.0,"key":"Potion Belt"},{"floor":9.0,"key":"Bag of Preparation"},{"floor":23,"key":"Molten Egg 2"}],"event_choices":[{"damage_healed":0.0,"max_hp_gain":0.0,"max_hp_loss":0.0,"gold_gain":0.0,"event_name":"Living Wall","player_choice":"Grow","floor":12.0,"gold_loss":0.0,"damage_taken":0.0,"cards_upgraded":["Clothesline"]},{"damage_healed":0.0,"max_hp_gain":0.0,"max_hp_loss":0.0,"gold_gain":76.0,"event_name":"Golden Wing","player_choice":"Gained Gold","floor":14.0,"gold_loss":0.0,"damage_taken":0.0},{"damage_healed":0.0,"max_hp_gain":0.0,"max_hp_loss":0.0,"gold_gain":0.0,"event_name":"Accursed Blacksmith","player_choice":"Rummage","floor":19.0,"gold_loss":0.0,"damage_taken":0.0,"relics_obtained":["WarpedTongs"],"cards_obtained":["Pain"]}],"is_beta":false,"boss_relics":[{"not_picked":["Philosopher\u0027s Stone","Tiny House"],"picked":"SlaversCollar"}],"items_purged_floors":[],"is_endless":false,"potions_floor_spawned":[1,5,6,11,18,20,22],"killed_by":"Snecko","ascension_level":16}}