{"host":"ywt8u9kq80n9hc8s","time":1608941606,"event":{"mods":["AchievementEnabler","Alarm Clock","BaseMod","Better Altar","Better Match","Better Note","Better Sensory Stone","Better Skull","Better Third Choice","BetterRewards","Filter the Spire","Minty Spire (QoL Compilation)","Permanent Neow","Rare Cards Sparkle","StSLib"],"gold_per_floor":[109,109,44,62,62,62,62,62,62,88,116,126,158,173,173,272,272,283,283,91,6,20,54,87,87,87,114,114,141,141,141,141,241,241,260,182,232,250,96,124,159,185,185,185,215,215,549,579,579,579],"floor_reached":51,"playtime":3582,"items_purged":["Fiend Fire"],"score":1386,"play_id":"d3924a51-6b88-483b-aeef-d558df294307","local_time":"20201226021326","daily_mods":["Shiny","Heirloom","Time Dilation","Flight","DeadlyEvents","Elite Swarm"],"is_ascension_mode":false,"campfire_choices":[{"data":"Feed","floor":6,"key":"SMITH"},{"data":"Barricade","floor":7,"key":"SMITH"},{"data":"Limit Break","floor":8,"key":"SMITH"},{"data":"Feed","floor":15,"key":"SMITH"},{"data":"Demon Form","floor":25,"key":"SMITH"},{"floor":28,"key":"REST"},{"data":"Berserk","floor":30,"key":"SMITH"},{"data":"Exhume","floor":32,"key":"SMITH"},{"data":"Bludgeon","floor":44,"key":"SMITH"},{"data":"Offering","floor":46,"key":"SMITH"},{"data":"Double Tap","floor":49,"key":"SMITH"}],"circlet_count":0,"master_deck":["Double Tap+1","Demon Form+1","Bludgeon+1","Feed+1","Limit Break+1","Corruption","Barricade+1","Berserk+1","Impervious","Juggernaut","Brutality","Reaper","Exhume+1","Offering+1","Immolate","Feed+1","Exhume+1","Impervious+1","Feel No Pain+1","Berserk+1","Offering+1"],"relics":["Snecko Eye","TungstenRod","Bronze Scales","Thread and Needle","Pear","Bag of Marbles","Omamori","Peace Pipe","Black Star","Membership Card","Paper Frog","Eternal Feather","Du-Vu Doll","Frozen Egg 2","Bottled Lightning","Toxic Egg 2","StrikeDummy","Bottled Flame","Charon\u0027s Ashes","Champion Belt","Philosopher\u0027s Stone","PreservedInsect","Calipers","Lee\u0027s Waffle","The Courier","HornCleat","Pocketwatch","Mercury Hourglass","Question Card","Singing Bowl","Self Forming Clay","Bag of Preparation","Ice Cream","Potion Belt","Old Coin","Ancient Tea Set","Incense Burner"],"acts_visited":["Exordium","TheCity","TheBeyond"],"potions_floor_usage":[],"damage_taken":[{"damage":0,"enemies":"Small Slimes","floor":1,"turns":1},{"damage":5,"enemies":"Cultist","floor":4,"turns":1},{"damage":5,"enemies":"3 Sentries","floor":10,"turns":2},{"damage":28,"enemies":"Lagavulin","floor":11,"turns":3},{"damage":0,"enemies":"2 Louse","floor":12,"turns":2},{"damage":10,"enemies":"3 Sentries","floor":13,"turns":4},{"damage":0,"enemies":"Exordium Wildlife","floor":14,"turns":1},{"damage":5,"enemies":"The Guardian","floor":16,"turns":6},{"damage":0,"enemies":"3 Byrds","floor":18,"turns":2},{"damage":5,"enemies":"2 Thieves","floor":22,"turns":2},{"damage":29,"enemies":"Slavers","floor":23,"turns":3},{"damage":5,"enemies":"Gremlin Leader","floor":24,"turns":2},{"damage":52,"enemies":"Slavers","floor":27,"turns":4},{"damage":5,"enemies":"Book of Stabbing","floor":29,"turns":1},{"damage":18,"enemies":"Collector","floor":33,"turns":3},{"damage":10,"enemies":"Orb Walker","floor":35,"turns":2},{"damage":15,"enemies":"Mind Bloom Boss Battle","floor":37,"turns":4},{"damage":16,"enemies":"3 Shapes","floor":38,"turns":2},{"damage":5,"enemies":"Nemesis","floor":40,"turns":1},{"damage":15,"enemies":"Reptomancer","floor":41,"turns":1},{"damage":15,"enemies":"Giant Head","floor":42,"turns":4},{"damage":15,"enemies":"Nemesis","floor":45,"turns":1},{"damage":10,"enemies":"Reptomancer","floor":47,"turns":3},{"damage":10,"enemies":"Nemesis","floor":48,"turns":1},{"damage":15,"enemies":"Donu and Deca","floor":50,"turns":4}],"seed_played":"9067869410057058231","potions_obtained":[{"floor":12,"key":"BlessingOfTheForge"},{"floor":13,"key":"LiquidBronze"},{"floor":14,"key":"CultistPotion"},{"floor":47,"key":"Dexterity Potion"}],"is_trial":true,"path_per_floor":["M","$","?","M","?","R","R","R","T","E","E","M","E","M","R","B",null,"M","?","$","?","M","E","E","R","T","E","R","E","R","$","R","B",null,"M","$","?","M","$","E","E","E","T","R","E","R","E","E","R","B",null],"character_chosen":"IRONCLAD","items_purchased":["Membership Card","PreservedInsect","Lee\u0027s Waffle","Berserk+1"],"campfire_rested":1,"item_purchase_floors":[20,36,39,39],"current_hp_per_floor":[80,80,80,79,66,66,66,66,76,75,63,63,53,53,53,61,98,106,106,106,106,109,84,79,88,88,57,101,96,105,105,114,96,118,108,108,106,113,129,129,123,119,119,131,133,137,137,133,143,132],"gold":579,"neow_bonus":"","is_daily":false,"chose_seed":false,"campfire_upgraded":10,"win_rate":0.0,"timestamp":1608941606,"path_taken":["M","$","?","?","?","R","R","R","T","E","E","?","E","M","R","BOSS","M","?","$","?","?","E","E","R","T","E","R","E","R","?","R","BOSS","M","$","?","M","?","E","E","E","T","R","E","R","E","E","R","BOSS"],"items_purchased_type":["Relic","Relic","Relic","Card"],"build_version":"2020-12-22","purchased_purges":1,"victory":true,"max_hp_per_floor":[80,80,80,80,80,80,80,80,90,94,98,98,98,98,98,98,98,106,106,106,106,114,118,118,118,118,118,118,118,118,118,118,118,118,118,118,122,122,129,129,133,135,135,135,137,137,137,143,143,147],"card_choices":[{"not_picked":["Body Slam","Blood for Blood","Thunderclap"],"picked":"SKIP","floor":1},{"not_picked":["Heavy Blade","Shrug It Off","Seeing Red"],"picked":"SKIP","floor":4},{"not_picked":["Impervious","Limit Break","Barricade"],"picked":"SKIP","floor":10},{"not_picked":["Juggernaut","Impervious","Bludgeon"],"picked":"SKIP","floor":11},{"not_picked":["Heavy Blade","Iron Wave","Armaments"],"picked":"SKIP","floor":12},{"not_picked":["Demon Form","Corruption"],"picked":"Feed","floor":13},{"not_picked":["Cleave","Havoc","Sever Soul"],"picked":"SKIP","floor":14},{"not_picked":["Clothesline","Shrug It Off","Warcry+1"],"picked":"SKIP","floor":18},{"not_picked":["True Grit","Havoc","Clothesline"],"picked":"SKIP","floor":22},{"not_picked":["Feed","Double Tap","Offering"],"picked":"SKIP","floor":23},{"not_picked":["Immolate","Feed","Offering"],"picked":"SKIP","floor":24},{"not_picked":["Corruption+1","Fiend Fire","Bludgeon"],"picked":"SKIP","floor":27},{"not_picked":["Impervious+1","Corruption+1"],"picked":"Exhume+1","floor":29},{"not_picked":["Corruption+1","Immolate"],"picked":"Impervious+1","floor":33},{"not_picked":["Havoc+1","Warcry+1","Bloodletting+1"],"picked":"SKIP","floor":35},{"not_picked":["Sword Boomerang","Heavy Blade+1"],"picked":"Feel No Pain+1","floor":37},{"not_picked":["Perfected Strike","Iron Wave","Anger+1"],"picked":"SKIP","floor":38},{"not_picked":["Corruption+1","Immolate","Impervious+1"],"picked":"SKIP","floor":40},{"not_picked":["Barricade+1","Berserk+1","Impervious+1"],"picked":"SKIP","floor":41},{"not_picked":["Double Tap+1","Demon Form+1","Juggernaut+1"],"picked":"Singing Bowl","floor":42},{"not_picked":["Feed","Juggernaut+1","Barricade+1","Demon Form+1"],"picked":"Singing Bowl","floor":45},{"not_picked":["Double Tap+1","Juggernaut+1","Limit Break+1"],"picked":"Offering+1","floor":47},{"not_picked":["Juggernaut+1","Corruption+1","Brutality+1","Immolate"],"picked":"Singing Bowl","floor":48}],"player_experience":47849,"relics_obtained":[{"floor":9,"key":"Pear"},{"floor":10,"key":"Bag of Marbles"},{"floor":11,"key":"Omamori"},{"floor":13,"key":"Peace Pipe"},{"floor":23,"key":"Eternal Feather"},{"floor":23,"key":"Du-Vu Doll"},{"floor":24,"key":"Frozen Egg 2"},{"floor":24,"key":"Bottled Lightning"},{"floor":26,"key":"Toxic Egg 2"},{"floor":27,"key":"StrikeDummy"},{"floor":27,"key":"Bottled Flame"},{"floor":29,"key":"Charon\u0027s Ashes"},{"floor":29,"key":"Champion Belt"},{"floor":37,"key":"Calipers"},{"floor":40,"key":"The Courier"},{"floor":40,"key":"HornCleat"},{"floor":41,"key":"Pocketwatch"},{"floor":41,"key":"Mercury Hourglass"},{"floor":42,"key":"Question Card"},{"floor":42,"key":"Singing Bowl"},{"floor":43,"key":"Self Forming Clay"},{"floor":45,"key":"Bag of Preparation"},{"floor":45,"key":"Ice Cream"},{"floor":47,"key":"Potion Belt"},{"floor":47,"key":"Old Coin"},{"floor":48,"key":"Ancient Tea Set"},{"floor":48,"key":"Incense Burner"}],"event_choices":[{"damage_healed":0,"gold_gain":0,"player_choice":"Paid Gold","damage_taken":0,"relics_obtained":["Bronze Scales"],"max_hp_gain":0,"max_hp_loss":0,"event_name":"WeMeetAgain","floor":3,"gold_loss":65},{"damage_healed":0,"gold_gain":1,"player_choice":"Relic ","damage_taken":17,"max_hp_gain":0,"max_hp_loss":0,"event_name":"betterThird:BetterScrap","floor":5,"gold_loss":0,"cards_obtained":["Burst"]},{"cards_removed":["Berserk"],"damage_healed":0,"gold_gain":0,"player_choice":"Give","damage_taken":0,"max_hp_gain":0,"max_hp_loss":0,"event_name":"betterNote:BetterNote","floor":19,"gold_loss":0,"cards_obtained":["None"]},{"damage_healed":0,"gold_gain":0,"player_choice":"Obtained Relic","damage_taken":0,"relics_obtained":["Paper Frog"],"max_hp_gain":0,"max_hp_loss":0,"event_name":"Addict","floor":21,"gold_loss":85},{"damage_healed":0,"gold_gain":0,"player_choice":"Fight","damage_taken":0,"max_hp_gain":0,"max_hp_loss":0,"event_name":"MindBloom","floor":37,"gold_loss":0}],"is_beta":false,"boss_relics":[{"not_picked":["SacredBark","Busted Crown"],"picked":"Black Star"},{"not_picked":["Velvet Choker","Empty Cage"],"picked":"Philosopher\u0027s Stone"}],"items_purged_floors":[20],"is_endless":false,"potions_floor_spawned":[12,13,14,18,22,33,40,41,45,47],"ascension_level":0}}