{"host":"uyrebrj0204enqpc","time":1608961238,"event":{"mods":["Act Like it!","Bard","BaseMod","Block Reminder","Challenge The Spire","Colored Map","Colored Powertips","DeckTracker","Downfall","GifTheSpireLib","HexUI Lib","Highlight Path","Hubris","Minty Spire (QoL Compilation)","Pale of the Ancients","Quick Restart","Random Character Button","Relic Stats","Replay The Spire","Shop Mod","StSLib","The Blue Laboratory","The Bug Knight","The Cursed","The Marked"],"gold_per_floor":[114,125,125,139,139,139,171,191,214,226,226,301,301,335,335,335,335],"floor_reached":16,"playtime":553,"items_purged":[],"score":142,"play_id":"04abe025-000a-4c08-a97b-4d88339bbc3e","local_time":"20201226004038","is_ascension_mode":true,"campfire_choices":[{"data":"TheCursedMod:CircleOfAbyss","floor":6.0,"key":"SMITH"},{"floor":11,"key":"REST"},{"data":"TheCursedMod:CircleOfAmplification","floor":15,"key":"SMITH"}],"circlet_count":0,"master_deck":["TheCursedMod:Strike_TheCursed","TheCursedMod:Strike_TheCursed","TheCursedMod:Strike_TheCursed","TheCursedMod:Strike_TheCursed","TheCursedMod:Defend_TheCursed","TheCursedMod:Defend_TheCursed","TheCursedMod:Defend_TheCursed","TheCursedMod:CursedWand","TheCursedMod:CleanUpWorkshop","TheCursedMod:Dregs","TheCursedMod:CursedBoomerang","TheCursedMod:CircleOfAbyss+1","TheCursedMod:HellsGateOpen","TheCursedMod:Grudge","TheCursedMod:Neurasthenia","TheCursedMod:CircleOfAmplification+1","TheCursedMod:CursedBlade"],"relics":["TheCursedMod:BlackMagic101","NeowsBlessing","hubris:Towel","Dream Catcher","PreservedInsect","Art of War"],"acts_visited":["Exordium"],"potions_floor_usage":[14,14],"damage_taken":[{"damage":0.0,"enemies":"Cultist","floor":1.0,"turns":1.0},{"damage":0.0,"enemies":"2 Louse","floor":2.0,"turns":1.0},{"damage":0.0,"enemies":"Small Slimes","floor":4.0,"turns":1.0},{"damage":18.0,"enemies":"Lagavulin","floor":7.0,"turns":8.0},{"damage":5.0,"enemies":"2 Fungi Beasts","floor":8.0,"turns":4.0},{"damage":15,"enemies":"Lots of Slimes","floor":10,"turns":5},{"damage":0,"enemies":"3 Sentries","floor":14,"turns":3},{"damage":49,"enemies":"The Guardian","floor":16,"turns":9}],"seed_played":"6844582373496745014","potions_obtained":[{"floor":1.0,"key":"Fire Potion"},{"floor":2.0,"key":"Reflective Coating"},{"floor":4.0,"key":"blueLaboratory:NullPotion"},{"floor":10,"key":"ColorlessPotion"}],"is_trial":false,"path_per_floor":["M","M","?","M","?","R","E","M","T","M","R","?","?","E","R","B"],"character_chosen":"THE_CURSED","items_purchased":[],"campfire_rested":1,"item_purchase_floors":[],"current_hp_per_floor":[75,75,75,75,75,75,57,52,52,37,59,48,48,48,48,0,0],"gold":335,"neow_bonus":"THREE_ENEMY_KILL","is_daily":false,"chose_seed":false,"campfire_upgraded":2,"win_rate":0.0,"timestamp":1608961238,"path_taken":["M","?","?","M","?","R","E","?","T","M","R","?","?","E","R","BOSS"],"items_purchased_type":[],"build_version":"2020-12-22","purchased_purges":0,"victory":false,"max_hp_per_floor":[75,75,75,75,75,75,75,75,75,75,75,75,75,75,75,75,75],"relic_stats":{"Dream Catcher":1,"counters":[8,32],"PreservedInsect":30,"Art of War":[0],"obtain_stats":[{"TheCursedMod:BlackMagic101":0,"Dream Catcher":7,"NeowsBlessing":0,"PreservedInsect":9,"Art of War":14,"hubris:Towel":3},{"TheCursedMod:BlackMagic101":0,"Dream Catcher":4,"NeowsBlessing":0,"PreservedInsect":5,"Art of War":7,"hubris:Towel":2},{"TheCursedMod:BlackMagic101":0,"Dream Catcher":11,"NeowsBlessing":0,"PreservedInsect":15,"Art of War":23,"hubris:Towel":2}]},"card_choices":[{"not_picked":["TheCursedMod:RavingStaff","TheCursedMod:RapidMovement"],"picked":"TheCursedMod:CursedBoomerang","floor":1.0},{"not_picked":["TheCursedMod:AbyssShockwave","TheCursedMod:FuryStrike","TheCursedMod:VitalStrike"],"picked":"SKIP","floor":2.0},{"not_picked":["TheCursedMod:WearCloak","TheCursedMod:RavingStaff"],"picked":"TheCursedMod:CircleOfAbyss","floor":4.0},{"not_picked":["TheCursedMod:SoulCrush","TheCursedMod:VitalStrike"],"picked":"TheCursedMod:HellsGateOpen","floor":7.0},{"not_picked":["TheCursedMod:CircleOfCorruption","TheCursedMod:CursedBlade"],"picked":"TheCursedMod:Grudge","floor":8.0},{"not_picked":["TheCursedMod:SmokeScreen","TheCursedMod:CircleOfCorruption"],"picked":"TheCursedMod:Neurasthenia","floor":10},{"not_picked":["TheCursedMod:Wield","TheCursedMod:CursedMace"],"picked":"TheCursedMod:CircleOfAmplification","floor":11},{"not_picked":["TheCursedMod:Torture","TheCursedMod:FleshFromBone"],"picked":"TheCursedMod:CursedBlade","floor":14}],"player_experience":921087,"relics_obtained":[{"floor":7.0,"key":"Dream Catcher"},{"floor":9,"key":"PreservedInsect"},{"floor":14,"key":"Art of War"}],"event_choices":[{"cards_removed":["TheCursedMod:Defend_TheCursed"],"damage_healed":0.0,"max_hp_gain":0.0,"max_hp_loss":0.0,"gold_gain":0.0,"event_name":"Purifier","player_choice":"Purged","floor":5.0,"gold_loss":0.0,"damage_taken":0.0},{"damage_healed":0,"gold_gain":75,"player_choice":"Gather Gold","damage_taken":11,"max_hp_gain":0,"max_hp_loss":0,"event_name":"World of Goop","floor":12,"gold_loss":0},{"damage_healed":0,"gold_gain":0,"player_choice":"Bought 0 Potions","damage_taken":0,"max_hp_gain":0,"max_hp_loss":0,"event_name":"The Woman in Blue","floor":13,"gold_loss":0}],"is_beta":false,"boss_relics":[],"items_purged_floors":[],"is_endless":false,"potions_floor_spawned":[1,2,4,10],"killed_by":"The Guardian","ascension_level":1}}