{"host":"4myia77ydcdhvoxj","time":1608981905,"event":{"mods":["2.2 Compatiblity","BaseMod","Better Third Choice","Colored Powertips","Downfall","Minty Spire (QoL Compilation)","Replay The Spire","Spicy Shops","StSLib"],"gold_per_floor":[99,110,120,138,152,152,152,187,187,220,220,220,233,30,30,57,71,169,169,44,57,74,85,98,48,94,153,153,103,2,2,2,2,13,115,115,120,138,138,150,167,217,266,141,157,186,186,186,136,38,58,58],"floor_reached":53,"playtime":6310,"items_purged":["Languid"],"score":764,"play_id":"57bc5cfc-21fe-4702-a6e9-61d38a525efe","local_time":"20201226202505","is_ascension_mode":true,"campfire_choices":[{"floor":1,"key":"RECALL"},{"floor":12,"key":"REST"},{"data":"Magnetism","floor":25,"key":"SMITH"},{"data":"Slimebound:ProtectTheBoss","floor":25,"key":"SMITH"},{"floor":29,"key":"REST"},{"data":"Slimebound:HauntingLick","floor":44,"key":"SMITH"},{"data":"Slimebound:ProtectTheBoss","floor":44,"key":"SMITH"},{"data":"Slimebound:SplitMire","floor":49,"key":"SMITH"},{"data":"Slimebound:SplitLeeching","floor":49,"key":"SMITH"}],"circlet_count":0,"master_deck":["Slimebound:Strike_Slimebound","Slimebound:Strike_Slimebound","Slimebound:Strike_Slimebound","Slimebound:Defend_Slimebound","Slimebound:Defend_Slimebound","Slimebound:Defend_Slimebound","Slimebound:Defend_Slimebound","Slimebound:Split","Slimebound:CorrosiveSpit","expansioncontent:BronzeBeam","Slimebound:GoopSpray","Slimebound:SplitBruiser","Slimebound:Gluttony","Slimebound:HauntingLick+1","Slimebound:Replication+1","Slimebound:Repurpose","Slimebound:SplitAcid+1","Magnetism+1","Slimebound:ViciousTackle","Slimebound:SplitMire+1","Slimebound:SlimeSlap","Slimebound:SplitLeeching+1","Slimebound:DivideAndConquer+1","Slimebound:SplitBruiser+1","Slimebound:ProtectTheBoss+1","Slimebound:ProtectTheBoss+1","Slimebound:SplitMire","Slimebound:GoopSpray","Slimebound:MassRepurpose","Slimebound:LeadByExample+1","Slimebound:WasteNot+1","Slimebound:LevelUp+1","Slimebound:MegaLick+1","Apotheosis+1","Slimebound:AcidTongue+1","Slimebound:SplitLeeching+1","Slimebound:SamplingLick+1","Slimebound:SlimeTap+1","Slimebound:GrowthPunch+1","Slimebound:LeechingTouch+1","Slimebound:HungryTackle+1","Slimebound:SplitBruiser","Slimebound:RollThrough+1","Slimebound:DisruptingSlam+1","Slimebound:FirmFortitude"],"relics":["Slimebound:AbsorbEndCombat","Turnip","Replay:Arrowhead","StoneCalendar","Slimebound:GreedOozeRelic","Ornamental Fan","Black Star","downfall:HeartBlessingRed","Blue Candle","Counterbalance","Golden Egg","Slimebound:MaxSlimesRelic","Honey Jar","Ring of Fangs","ReplayTheSpireMod:CursedCoin","Orrery","Thread and Needle","ReplayTheSpireMod:TigerMarble","downfall:HeartBlessingBlue","Gremlin Horn","Singing Bowl"],"acts_visited":["TheCity","TheBeyond"],"potions_floor_usage":[10,18,18,23,35,35,40,40,46,52],"damage_taken":[{"damage":9,"enemies":"Small Slimes","floor":2,"turns":4},{"damage":6,"enemies":"2 Louse","floor":3,"turns":2},{"damage":11,"enemies":"Jaw Worm","floor":4,"turns":2},{"damage":22,"enemies":"2 Fungi Beasts","floor":5,"turns":4},{"damage":23,"enemies":"Lagavulin","floor":8,"turns":7},{"damage":45,"enemies":"3 Sentries","floor":10,"turns":7},{"damage":20,"enemies":"Exordium Thugs","floor":13,"turns":4},{"damage":8,"enemies":"downfall:FleeingMerchant","floor":14,"turns":4},{"damage":4,"enemies":"Lagavulin","floor":16,"turns":3},{"damage":18,"enemies":"Red Slaver","floor":17,"turns":4},{"damage":50,"enemies":"downfall:Watcher","floor":18,"turns":7},{"damage":29,"enemies":"Chosen","floor":21,"turns":3},{"damage":22,"enemies":"3 Byrds","floor":22,"turns":3},{"damage":39,"enemies":"3 Cultists","floor":23,"turns":5},{"damage":28,"enemies":"Snake Plant","floor":24,"turns":4},{"damage":14,"enemies":"downfall:FleeingMerchant","floor":30,"turns":4},{"damage":33,"enemies":"Snecko","floor":34,"turns":5},{"damage":41,"enemies":"downfall:Defect","floor":35,"turns":6},{"damage":45,"enemies":"3 Shapes","floor":38,"turns":5},{"damage":30,"enemies":"downfall:FleeingMerchant","floor":40,"turns":4},{"damage":26,"enemies":"3 Darklings","floor":41,"turns":4},{"damage":16,"enemies":"Mind Bloom Boss Battle","floor":42,"turns":4},{"damage":37,"enemies":"4 Shapes","floor":45,"turns":4},{"damage":36,"enemies":"Nemesis","floor":46,"turns":7},{"damage":22,"enemies":"Writhing Mass","floor":51,"turns":5},{"damage":48,"enemies":"downfall:Silent","floor":52,"turns":8}],"seed_played":"-6164764315901964204","potions_obtained":[{"floor":2,"key":"Elixir"},{"floor":10,"key":"EssenceOfSteel"},{"floor":17,"key":"Adrenaline Potion"},{"floor":18,"key":"Slimebound:SlimedPotion"},{"floor":22,"key":"LiquidBronze"},{"floor":33,"key":"CultistPotion"},{"floor":34,"key":"Strength Potion"},{"floor":35,"key":"LiquidMemories"},{"floor":38,"key":"Death Potion"},{"floor":42,"key":"Adrenaline Potion"}],"is_trial":false,"path_per_floor":["R","M","M","M","M","PTL","PTL","E","T","E","?","R","M","$","?","E","M","B",null,"R","M","M","M","M","R","T","?","?","R","$","?","T","?","M","B",null,"R","M","?","$","M","?","T","R","M","E","?","?","R","$","M","B",null],"character_chosen":"SLIMEBOUND","items_purchased":["Magnetism","Counterbalance","ReplayTheSpireMod:CursedCoin","Apotheosis","Slimebound:AcidTongue+1","Orrery","Explosive Potion"],"campfire_rested":2,"item_purchase_floors":[14,30,40,40,40,40,50],"current_hp_per_floor":[60,59,60,53,39,39,39,44,44,15,15,33,29,43,43,51,49,44,60,60,56,50,45,31,31,31,7,7,25,31,31,31,31,20,25,60,60,43,43,47,47,60,60,70,70,70,70,70,70,70,70,63],"gold":58,"neow_bonus":"RANDOM_COLORLESS","is_daily":false,"chose_seed":false,"campfire_upgraded":6,"win_rate":0.0,"timestamp":1608981905,"path_taken":["R","M","M","M","M","PTL","PTL","E","T","E","?","R","M","$","?","E","M","BOSS","R","M","M","M","M","R","T","?","?","R","$","?","?","?","M","BOSS","R","M","?","$","M","?","T","R","M","E","?","?","R","?","M","BOSS"],"items_purchased_type":["Card","Relic","Relic","Card","Card","Relic","Potion"],"build_version":"2020-12-22","purchased_purges":1,"victory":true,"max_hp_per_floor":[60,60,60,60,60,60,60,60,60,60,60,60,60,60,60,60,60,60,60,60,60,60,60,60,60,60,60,60,60,60,60,60,60,60,60,60,60,60,60,60,60,60,60,70,70,70,70,70,70,70,70,70],"card_choices":[{"not_picked":["expansioncontent:DonusPower","expansioncontent:YouAreMine"],"picked":"expansioncontent:BronzeBeam","floor":0},{"not_picked":["Slimebound:ComboTackle","Slimebound:FinishingTackle"],"picked":"Slimebound:GoopSpray","floor":2},{"not_picked":["Slimebound:SplitAcid","Slimebound:FlameTackle"],"picked":"Slimebound:Recollect","floor":3},{"not_picked":["Slimebound:Chomp","Slimebound:SplitMire"],"picked":"Slimebound:SplitBruiser","floor":4},{"not_picked":["Slimebound:ComboTackle","Slimebound:LeechingTouch"],"picked":"Slimebound:SplitAcid","floor":5},{"not_picked":["Slimebound:ItLooksTasty","Slimebound:RollThrough"],"picked":"Slimebound:Gluttony","floor":8},{"not_picked":["Slimebound:Grow","Slimebound:PressTheAttack"],"picked":"Slimebound:HauntingLick","floor":10},{"not_picked":["Slimebound:SplitMire","Slimebound:MassRepurpose"],"picked":"Slimebound:Repurpose","floor":13},{"not_picked":["Slimebound:ComboTackle","Slimebound:PressTheAttack"],"picked":"Slimebound:SplitAcid","floor":14},{"not_picked":["Slimebound:TongueLash","Slimebound:FinishingTackle"],"picked":"Slimebound:ViciousTackle","floor":16},{"not_picked":["Slimebound:FlameTackle","Slimebound:ComboTackle"],"picked":"Slimebound:SplitMire","floor":17},{"not_picked":["Slimebound:CheckThePlaybook","Slimebound:DouseInSlime"],"picked":"Slimebound:SlimeSlap","floor":18},{"not_picked":["Slimebound:SplitAcid","Slimebound:ViciousTackle+1"],"picked":"Slimebound:SplitLeeching","floor":21},{"not_picked":["Slimebound:PressTheAttack","Slimebound:LeechEnergy"],"picked":"Slimebound:DivideAndConquer+1","floor":22},{"not_picked":["Slimebound:ComboTackle","Slimebound:Replication"],"picked":"Slimebound:SplitBruiser+1","floor":23},{"not_picked":["Slimebound:FinishingTackle+1","Slimebound:GrowthPunch"],"picked":"Slimebound:ProtectTheBoss","floor":24},{"not_picked":["Slimebound:ViciousTackle","Slimebound:Schlurp+1"],"picked":"Slimebound:ProtectTheBoss","floor":27},{"not_picked":["Slimebound:BestDefense","Slimebound:SlimeBarrage"],"picked":"Slimebound:MassRepurpose","floor":30},{"not_picked":["Slimebound:SlimeBarrage+1","Slimebound:GrowthPunch"],"picked":"Slimebound:LeadByExample+1","floor":34},{"not_picked":["Slimebound:SlimeSlap","Slimebound:MassFeed"],"picked":"Slimebound:WasteNot","floor":35},{"not_picked":["Slimebound:SamplingLick","Slimebound:FormOfPuddle+1","Slimebound:RollThrough"],"picked":"Slimebound:LevelUp+1","floor":38},{"not_picked":["Slimebound:ItLooksTasty+1","Slimebound:SlimeSpikes+1","Slimebound:PressTheAttack+1"],"picked":"Slimebound:MegaLick+1","floor":40},{"not_picked":["Slimebound:SlimeSpikes","Slimebound:FinishingTackle+1","Slimebound:LeechEnergy"],"picked":"Slimebound:SplitLeeching+1","floor":40},{"not_picked":["Slimebound:ForwardTackle","Slimebound:LeechEnergy","Slimebound:SplitMire+1"],"picked":"Slimebound:SamplingLick","floor":40},{"not_picked":["Slimebound:LeechingTouch","Slimebound:Replication+1","Slimebound:LevelUp"],"picked":"Slimebound:SlimeTap+1","floor":40},{"not_picked":["Slimebound:PressTheAttack+1","Slimebound:SplitAcid+1","Slimebound:DouseInSlime"],"picked":"Slimebound:GrowthPunch+1","floor":40},{"not_picked":["Slimebound:MassFeed","Slimebound:WasteNot","Slimebound:ForwardTackle+1"],"picked":"Slimebound:LeechingTouch+1","floor":40},{"not_picked":["Slimebound:GrowthPunch","Slimebound:GoopTackle","Slimebound:SamplingLick"],"picked":"Slimebound:HungryTackle+1","floor":41},{"not_picked":["Slimebound:GoopSpray","Slimebound:GoopTackle","Slimebound:FlameTackle"],"picked":"Slimebound:SplitBruiser","floor":42},{"not_picked":["Slimebound:BestDefense+1","Slimebound:FinishingTackle","Slimebound:PressTheAttack"],"picked":"Slimebound:RollThrough+1","floor":45},{"not_picked":["Slimebound:Schlurp+1","Slimebound:AcidTongue+1","Slimebound:SplitLeeching"],"picked":"Slimebound:DisruptingSlam+1","floor":46},{"not_picked":["Slimebound:AcidTongue+1","Slimebound:ItLooksTasty","Slimebound:LeechingTouch"],"picked":"Slimebound:FirmFortitude","floor":51}],"player_experience":438646,"relics_obtained":[{"floor":8,"key":"Turnip"},{"floor":9,"key":"Replay:Arrowhead"},{"floor":10,"key":"StoneCalendar"},{"floor":16,"key":"Ornamental Fan"},{"floor":27,"key":"Blue Candle"},{"floor":32,"key":"Slimebound:MaxSlimesRelic"},{"floor":39,"key":"Ring of Fangs"},{"floor":42,"key":"Thread and Needle"},{"floor":43,"key":"ReplayTheSpireMod:TigerMarble"},{"floor":46,"key":"Gremlin Horn"},{"floor":46,"key":"Singing Bowl"}],"event_choices":[{"damage_healed":0,"gold_gain":0,"cards_transformed":["Slimebound:Tackle","Slimebound:SplitAcid"],"player_choice":"Became Test Subject","damage_taken":0,"max_hp_gain":0,"max_hp_loss":0,"event_name":"Drug Dealer","floor":28,"gold_loss":0,"cards_obtained":["Slimebound:SplitMire","Slimebound:GoopSpray"]},{"damage_healed":0,"gold_gain":0,"player_choice":"Ignored","damage_taken":0,"max_hp_gain":0,"max_hp_loss":0,"event_name":"Mysterious Sphere","floor":47,"gold_loss":0}],"is_beta":false,"boss_relics":[{"not_picked":["Fusion Hammer","Cursed Key"],"picked":"Black Star"},{"not_picked":["Snecko Eye","Painkiller Herb"],"picked":"Honey Jar"}],"items_purged_floors":[40],"is_endless":false,"potions_floor_spawned":[2,10,17,18,22,34,35,38,42],"ascension_level":1}}