{"host":"a1entr2f04zjuino","time":1608941193,"event":{"mods":["Act Like it!","BaseMod","BetterRewards","Conspire","Hero for Fun","Hubris","Mimic Mod","Minty Spire (QoL Compilation)","Pale of the Ancients","StSLib","The Factory","The Judge","The Servant 0.9.4"],"gold_per_floor":[110,123,76,93,18,34,34,34,34,52,65,65,65,76,76,181,181,196,196,228,244,244,244,244,264,264,282,293,305,319,234,234,339,339,355,92,92,102,102,102,114,114,141,161,188,188,188,188,188,188,188,188,188],"floor_reached":52,"playtime":7973,"items_purged":[],"score":941,"play_id":"d61b789f-0f36-4764-9275-481d3cb5f955","local_time":"20201226010633","is_ascension_mode":false,"campfire_choices":[{"floor":8,"key":"REST"},{"floor":13,"key":"REST"},{"floor":15,"key":"REST"},{"data":"conspire:Banana","floor":23,"key":"SMITH"},{"data":"Unruled","floor":32,"key":"SMITH"},{"floor":40,"key":"REST"},{"data":"Luminosity","floor":42,"key":"SMITH"},{"data":"SurpressingFire","floor":49,"key":"SMITH"}],"circlet_count":0,"master_deck":["Strike_S","Strike_S","Strike_S","Strike_S","Defend_S","Defend_S","Defend_S","Defend_S","KidneyShot","Exchange","conspire:Banana+1","SilverBlades","Revamp","MoonPhase","Unruled","DoubleEdge","SilverBlades","Misdirection","Hightail+1","Alleviate+1","SurpressingFire+1","ForgedInTime+1","CurseOfTheBell","Unruled+1","SilverBlades+1","GearUp+1","Rearm+1","Ricochet","Contraction+1","ReturningBlade","TimeWarp","Duplication+1","InstantArmor+1","Apotheosis+1","DualDimension+1","FanOfKnives+1","Luminosity+1","ShatteredReality+1","Rewind+1","Dramatic Entrance","Writhe"],"relics":["Uniform","Kunai","hubris:Icosahedron","Toxic Egg 2","Strawberry","Calling Bell","Centennial Puzzle","Mercury Hourglass","Bird Faced Urn","PocketWatch","Meat on the Bone","Broom","conspire:SlowCooker","hubris:Towel","Vajra","hubris:MysteriousPyramids","hubris:DisguiseKit","paleoftheancients:Timepiece","Ice Cream","CultistMask"],"acts_visited":["Exordium","TheCity","TheBeyond","paleoftheancients:PaleOfTheAncients"],"potions_floor_usage":[16,16,33,45,50,50],"damage_taken":[{"damage":2,"enemies":"Small Slimes","floor":1,"turns":6},{"damage":11,"enemies":"2 Louse","floor":2,"turns":3},{"damage":9,"enemies":"Jaw Worm","floor":4,"turns":4},{"damage":10,"enemies":"Exordium Wildlife","floor":6,"turns":6},{"damage":6,"enemies":"conspire:2 RoseBushes","floor":10,"turns":5},{"damage":0,"enemies":"3 Louse","floor":11,"turns":1},{"damage":2,"enemies":"Blue Slaver","floor":14,"turns":4},{"damage":41,"enemies":"Slime Boss","floor":16,"turns":12},{"damage":0,"enemies":"Chosen","floor":18,"turns":4},{"damage":0,"enemies":"Spheric Guardian","floor":20,"turns":23},{"damage":5,"enemies":"Spheric Guardian","floor":21,"turns":6},{"damage":10,"enemies":"Cultist and Chosen","floor":25,"turns":7},{"damage":7,"enemies":"Shelled Parasite and Fungi","floor":27,"turns":6},{"damage":9,"enemies":"3 Cultists","floor":28,"turns":4},{"damage":0,"enemies":"Snake Plant","floor":29,"turns":4},{"damage":0,"enemies":"conspire:HollyBat","floor":30,"turns":11},{"damage":34,"enemies":"Collector","floor":33,"turns":17},{"damage":19,"enemies":"Orb Walker","floor":35,"turns":5},{"damage":16,"enemies":"3 Darklings","floor":38,"turns":8},{"damage":0,"enemies":"Maw","floor":41,"turns":13},{"damage":25,"enemies":"Sphere and 2 Shapes","floor":44,"turns":3},{"damage":8,"enemies":"Nemesis","floor":45,"turns":9},{"damage":71,"enemies":"Donu and Deca","floor":50,"turns":15},{"damage":142,"enemies":"Donu and Deca","floor":51,"turns":7},{"damage":94,"enemies":"Donu and Deca","floor":52,"turns":8}],"seed_played":"-6034582374657308388","potions_obtained":[{"floor":1,"key":"DuplicationPotion"},{"floor":4,"key":"AttackPotion"},{"floor":11,"key":"DuplicationPotion"},{"floor":25,"key":"Weak Potion"},{"floor":27,"key":"Dexterity Potion"},{"floor":30,"key":"Strength Potion"},{"floor":33,"key":"EssenceOfSteel"},{"floor":38,"key":"Block Potion"}],"is_trial":false,"path_per_floor":["M","M","$","M","$","M","?","R","T","M","M","?","R","M","R","B",null,"M","?","MIM","M","?","R","?","M","T","M","M","M","M","?","R","B",null,"M","$","?","M","?","R","M","R","T","M","E","?","?","T","R","B","M","M"],"character_chosen":"THE_SERVANT","items_purchased":["conspire:Banana","Kunai","SilverBlades","Spin","SilverBlades","Apotheosis+1","DualDimension+1"],"campfire_rested":4,"item_purchase_floors":[0,0,0,3,5,36,36],"current_hp_per_floor":[64,54,54,46,46,37,37,57,57,52,52,26,49,48,71,31,79,79,64,73,79,79,79,79,79,79,84,85,93,96,96,96,71,98,89,89,89,85,85,102,104,104,104,81,87,87,106,106,106,108,74,0,0],"gold":188,"neow_bonus":"","is_daily":false,"chose_seed":false,"campfire_upgraded":4,"win_rate":0.0,"timestamp":1608941193,"path_taken":["M","M","$","M","$","M","?","R","T","M","M","?","R","M","R","BOSS","M","?","?","M","?","R","?","M","T","?","?","M","M","?","R","BOSS","M","$","?","M","?","R","M","R","T","M","E","?","?","?","R","BOSS","M","M"],"items_purchased_type":["Card","Relic","Card","Card","Card","Card","Card"],"build_version":"2020-12-22","purchased_purges":0,"victory":false,"max_hp_per_floor":[66,67,67,68,68,69,69,69,69,70,70,77,77,78,78,79,79,79,84,85,86,86,86,86,88,88,90,92,94,96,96,96,98,98,100,100,100,102,102,102,104,104,104,104,106,106,106,106,106,108,110,112,112],"card_choices":[{"not_picked":["TimeWarp","Collapse"],"picked":"MoonPhase","floor":1},{"not_picked":["Advance","Potential"],"picked":"Unruled","floor":2},{"not_picked":["FanOfKnives","Unruled"],"picked":"DoubleEdge","floor":4},{"not_picked":["Manipulate","TimeWarp"],"picked":"Misdirection","floor":6},{"not_picked":["Spin","ShatteredReality"],"picked":"Hightail+1","floor":10},{"not_picked":["ShatteredReality","Moonlight"],"picked":"Alleviate+1","floor":11},{"not_picked":["ShatteredReality","BottledTime+1"],"picked":"SurpressingFire","floor":14},{"not_picked":["MurderousAura","Initiator"],"picked":"ForgedInTime+1","floor":16},{"not_picked":["TimeWarp","ShiftingGears+1"],"picked":"Unruled","floor":18},{"not_picked":["SurpressingFire","Unruled+1"],"picked":"SilverBlades+1","floor":20},{"not_picked":["Replace+1","FastForward+1"],"picked":"GearUp+1","floor":21},{"not_picked":["Foresight","Starlight"],"picked":"Rearm+1","floor":25},{"not_picked":["Unruled","FastForward+1"],"picked":"Ricochet","floor":27},{"not_picked":["FanOfKnives","Solidify+1"],"picked":"Contraction+1","floor":28},{"not_picked":["TimeWarp","StarChef"],"picked":"ReturningBlade","floor":29},{"not_picked":["Revamp+1","BottledTime+1"],"picked":"TimeWarp","floor":30},{"not_picked":["FloweringNight","Initiator"],"picked":"Duplication+1","floor":33},{"not_picked":["Starlight+1","Replace+1"],"picked":"InstantArmor+1","floor":35},{"not_picked":["Luminosity+1","Rewind+1"],"picked":"FanOfKnives+1","floor":38},{"not_picked":["DoubleEdge","Potential"],"picked":"Luminosity","floor":41},{"not_picked":["Duplication+1","Rearm+1"],"picked":"ShatteredReality+1","floor":44},{"not_picked":["Rearm+1","Potential"],"picked":"Rewind+1","floor":45},{"not_picked":["Blind+1","Impatience+1"],"picked":"Dramatic Entrance","floor":46}],"player_experience":265592,"relics_obtained":[{"floor":9,"key":"Toxic Egg 2"},{"floor":17,"key":"Centennial Puzzle"},{"floor":17,"key":"Mercury Hourglass"},{"floor":17,"key":"Bird Faced Urn"},{"floor":20,"key":"PocketWatch"},{"floor":26,"key":"Meat on the Bone"},{"floor":43,"key":"Vajra"},{"floor":45,"key":"hubris:MysteriousPyramids"},{"floor":48,"key":"hubris:DisguiseKit"}],"event_choices":[{"damage_healed":0,"gold_gain":0,"player_choice":"Success","damage_taken":33,"relics_obtained":["Strawberry"],"max_hp_gain":0,"max_hp_loss":0,"event_name":"Scrap Ooze","floor":12,"gold_loss":0},{"damage_healed":0,"gold_gain":0,"player_choice":"Shed Blood","damage_taken":20,"max_hp_gain":5,"max_hp_loss":0,"event_name":"Forgotten Altar","floor":19,"gold_loss":0},{"damage_healed":0,"gold_gain":0,"player_choice":"Ignored","damage_taken":0,"max_hp_gain":0,"max_hp_loss":0,"event_name":"Beggar","floor":22,"gold_loss":0},{"damage_healed":0,"gold_gain":0,"player_choice":"Ignored","damage_taken":0,"max_hp_gain":0,"max_hp_loss":0,"event_name":"Cursed Tome","floor":24,"gold_loss":0},{"damage_healed":0,"gold_gain":0,"player_choice":"Obtained Relic","damage_taken":0,"relics_obtained":["Broom"],"max_hp_gain":0,"max_hp_loss":0,"event_name":"Addict","floor":31,"gold_loss":85},{"cards_removed":["Spin"],"damage_healed":0,"gold_gain":0,"player_choice":"Removed Attack","damage_taken":0,"max_hp_gain":0,"max_hp_loss":0,"event_name":"Falling","floor":37,"gold_loss":0},{"damage_healed":0,"gold_gain":0,"player_choice":"Memory 1","damage_taken":0,"max_hp_gain":0,"max_hp_loss":0,"event_name":"SensoryStone","floor":46,"gold_loss":0},{"damage_healed":27,"gold_gain":0,"player_choice":"Writhe","damage_taken":0,"max_hp_gain":0,"max_hp_loss":0,"event_name":"Winding Halls","floor":47,"gold_loss":0,"cards_obtained":["Writhe"]}],"is_beta":false,"boss_relics":[{"not_picked":["Astrolabe","Ectoplasm"],"picked":"Calling Bell"},{"not_picked":["Fusion Hammer","Philosopher\u0027s Stone"],"picked":"conspire:SlowCooker"}],"items_purged_floors":[],"is_endless":false,"potions_floor_spawned":[1,4,11,25,27,30,33,38,41],"killed_by":"Donu and Deca","ascension_level":0}}