{"host":"ssbj2e5691x5ub3h","time":1608954509,"event":{"mods":["BaseMod","Duelist Mod","Minty Spire (QoL Compilation)","StSLib"],"gold_per_floor":[138,138,156,156,166,166,186,220,220,231,244,263,263,319,319,418,418,435,446,446,463,476,502,502,512,436,453,486,519,531,531,531,635,635,649,649,662,674,688,688,688,719,801,801,815,815,831,842,842,842,842],"floor_reached":50,"playtime":2955,"items_purged":[],"score":861,"play_id":"f8e6885b-6830-4194-a1c0-d395a634b073","local_time":"20201226014829","is_ascension_mode":true,"campfire_choices":[{"data":"theDuelist:Yami","floor":6,"key":"SMITH"},{"data":"theDuelist:DarkHorizon","floor":13,"key":"SMITH"},{"data":"theDuelist:BlueDragonSummoner","floor":15,"key":"SMITH"},{"floor":24,"key":"REST"},{"floor":32,"key":"REST"},{"data":"theDuelist:RainbowMagician","floor":40,"key":"SMITH"},{"floor":46,"key":"REST"},{"data":"theDuelist:SwordsBurning","floor":49,"key":"SMITH"}],"circlet_count":0,"master_deck":["theDuelist:CastleWalls","theDuelist:CastleWalls","theDuelist:DarkMagician","theDuelist:MysticalElf","theDuelist:MysticalElf","theDuelist:NeoMagic","theDuelist:NeoMagic+1","theDuelist:Sparks","theDuelist:Sparks","theDuelist:BlueDragonSummoner+1","theDuelist:Yami+1","theDuelist:InjectionFairy","theDuelist:DarkHorizon+1","theDuelist:Illusionist","theDuelist:GeminiElf","theDuelist:FairyBox","theDuelist:RainbowMagician+1","theDuelist:ApprenticeIllusionMagician","theDuelist:GateGuardian","theDuelist:InjectionFairy","theDuelist:BlizzardPrincess","theDuelist:BookSecret","theDuelist:BookSecret","theDuelist:DarkMagician","theDuelist:WhiteMagicalHat+1","theDuelist:BookSecret","theDuelist:SkilledDarkMagician","theDuelist:Yami","theDuelist:SpiritHarp+1","theDuelist:IcyCrevasse","theDuelist:SwordsBurning+1","theDuelist:GoblinSecret+1","theDuelist:ThousandEyesRestrict+1","theDuelist:InfernoFireBlast","theDuelist:ThousandEyesIdol+1","theDuelist:GravekeeperCurse","theDuelist:WitchBlackRose+1","theDuelist:Yami+1","theDuelist:SwordsRevealing"],"relics":["theDuelist:MillenniumPuzzle","theDuelist:CardPoolRelic","theDuelist:CardPoolBasicRelic","theDuelist:BoosterPackPoolRelic","theDuelist:CardPoolAddRelic","theDuelist:CardPoolMinusRelic","theDuelist:CardPoolSaveRelic","theDuelist:CardPoolOptionsRelic","Dream Catcher","theDuelist:DuelistOrichalcum","theDuelist:MonsterEggRelic","Snecko Eye","Bottled Tornado","theDuelist:MillenniumPrayerbook","FossilizedHelix","Red Mask","Runic Dome","Charon\u0027s Ashes","Mummified Hand","theDuelist:BoosterBetterBoostersRelic","theDuelist:MillenniumArmor"],"acts_visited":["Exordium","TheCity","TheBeyond"],"potions_floor_usage":[8,14,28,33,47,50],"damage_taken":[{"damage":0,"enemies":"2 Louse","floor":1,"turns":2},{"damage":0,"enemies":"Jaw Worm","floor":3,"turns":6},{"damage":0,"enemies":"Cultist","floor":5,"turns":4},{"damage":0,"enemies":"Large Slime","floor":7,"turns":6},{"damage":4,"enemies":"3 Sentries","floor":8,"turns":7},{"damage":0,"enemies":"3 Louse","floor":10,"turns":5},{"damage":9,"enemies":"Red Slaver","floor":11,"turns":4},{"damage":0,"enemies":"Large Slime","floor":12,"turns":4},{"damage":0,"enemies":"Gremlin Nob","floor":14,"turns":3},{"damage":0,"enemies":"The Guardian","floor":16,"turns":6},{"damage":0,"enemies":"Spheric Guardian","floor":18,"turns":3},{"damage":25,"enemies":"2 Thieves","floor":19,"turns":4},{"damage":17,"enemies":"Centurion and Healer","floor":21,"turns":4},{"damage":10,"enemies":"Snecko","floor":22,"turns":4},{"damage":12,"enemies":"Book of Stabbing","floor":23,"turns":6},{"damage":0,"enemies":"Shelled Parasite and Fungi","floor":25,"turns":2},{"damage":0,"enemies":"3 Cultists","floor":27,"turns":4},{"damage":25,"enemies":"Slavers","floor":28,"turns":3},{"damage":16,"enemies":"Masked Bandits","floor":29,"turns":4},{"damage":0,"enemies":"Snecko","floor":30,"turns":3},{"damage":28,"enemies":"Champ","floor":33,"turns":10},{"damage":0,"enemies":"3 Shapes","floor":35,"turns":3},{"damage":0,"enemies":"3 Darklings","floor":37,"turns":4},{"damage":0,"enemies":"Writhing Mass","floor":38,"turns":3},{"damage":9,"enemies":"Sphere and 2 Shapes","floor":39,"turns":3},{"damage":0,"enemies":"Nemesis","floor":42,"turns":5},{"damage":0,"enemies":"Maw","floor":45,"turns":5},{"damage":0,"enemies":"Transient","floor":47,"turns":5},{"damage":0,"enemies":"4 Shapes","floor":48,"turns":3},{"damage":54,"enemies":"Awakened One","floor":50,"turns":5}],"seed_played":"-4826310429541314234","potions_obtained":[{"floor":3,"key":"LiquidMemories"},{"floor":4,"key":"theDuelist:TributeBottle"},{"floor":4,"key":"EssenceOfSteel"},{"floor":11,"key":"theDuelist:ElectricBrew"},{"floor":14,"key":"theDuelist:StunPotion"},{"floor":21,"key":"CultistPotion"},{"floor":28,"key":"theDuelist:DebuffFuryPotion"},{"floor":38,"key":"theDuelist:WaterBottle"}],"is_trial":false,"path_per_floor":["M","?","M","?","M","R","M","E","T","M","M","M","R","?","R","B",null,"M","M","?","M","M","E","R","M","T","M","E","?","M","?","R","B",null,"M","?","M","M","M","R","T","E","T","?","M","R","M","M","R","B"],"character_chosen":"THE_DUELIST","items_purchased":[],"campfire_rested":3,"item_purchase_floors":[],"current_hp_per_floor":[72,72,72,72,72,72,80,80,80,80,71,77,77,74,74,71,71,68,43,43,41,36,34,50,53,53,50,31,15,27,27,42,18,44,48,52,52,52,43,43,43,47,47,47,47,52,52,52,52,0,0],"gold":842,"neow_bonus":"UPGRADE_CARD","is_daily":false,"chose_seed":false,"campfire_upgraded":5,"win_rate":0.0,"timestamp":1608954509,"path_taken":["M","?","M","?","M","R","M","E","T","M","M","?","R","?","R","BOSS","M","M","?","M","M","E","R","M","T","?","E","?","M","?","R","BOSS","M","?","M","M","?","R","?","E","T","?","M","R","M","M","R","BOSS"],"items_purchased_type":[],"build_version":"2020-12-22","purchased_purges":0,"victory":false,"max_hp_per_floor":[80,80,80,80,80,80,80,80,80,80,80,77,77,74,74,71,71,68,65,65,62,59,56,56,53,53,50,52,52,52,52,52,52,52,52,52,52,52,52,52,52,52,52,52,52,52,52,52,52,52,52],"card_choices":[{"not_picked":["theDuelist:SilentDoom","theDuelist:CallAtlanteans","theDuelist:StatueAnguishPattern","theDuelist:SangaEarth"],"picked":"theDuelist:BlueDragonSummoner","floor":1},{"not_picked":["theDuelist:SpellShatteringArrow","theDuelist:BookSecret","theDuelist:WonderWand","theDuelist:GoblinSecret"],"picked":"theDuelist:Yami","floor":3},{"not_picked":["theDuelist:SpellShatteringArrow","theDuelist:NeoMagic","theDuelist:DarkMagician","theDuelist:LegendaryFlameLord"],"picked":"theDuelist:InjectionFairy","floor":5},{"not_picked":["theDuelist:GuardianAngel","theDuelist:CharcoalInpachi","theDuelist:DoomShaman","theDuelist:SangaEarth"],"picked":"theDuelist:DarkHorizon","floor":7},{"not_picked":["theDuelist:BlizzardWarrior","theDuelist:DarkMagician","theDuelist:FlyingSaucer","theDuelist:CrystalWingDragon"],"picked":"theDuelist:Illusionist","floor":8},{"not_picked":["theDuelist:DarkMagician","theDuelist:SpiritHarp","theDuelist:Illusionist","theDuelist:SpellShatteringArrow"],"picked":"theDuelist:GeminiElf","floor":10},{"not_picked":["theDuelist:DarkMagician","theDuelist:AncientElf","theDuelist:BlizzardWarrior","theDuelist:StatueAnguishPattern"],"picked":"theDuelist:FairyBox","floor":11},{"not_picked":["theDuelist:SilentDoom","theDuelist:LegendaryFlameLord","theDuelist:MythicalBeast","theDuelist:GuardianAngel"],"picked":"theDuelist:RainbowMagician","floor":12},{"not_picked":["theDuelist:FogKing","theDuelist:DarkMagicianGirl","theDuelist:SpiritHarp","theDuelist:Graverobber"],"picked":"theDuelist:ApprenticeIllusionMagician","floor":14},{"not_picked":["theDuelist:RainbowMagician","theDuelist:IceQueen","theDuelist:SwordsBurning","theDuelist:SangaWater"],"picked":"theDuelist:GateGuardian","floor":16},{"not_picked":["theDuelist:SangaThunder","theDuelist:NeoMagic","theDuelist:DarkMagician","theDuelist:ApprenticeIllusionMagician"],"picked":"theDuelist:InjectionFairy","floor":18},{"not_picked":["theDuelist:Relinquished","theDuelist:NeoMagic+1","theDuelist:InjectionFairy","theDuelist:AncientElf+1"],"picked":"theDuelist:BlizzardPrincess","floor":19},{"not_picked":["theDuelist:RainbowMagician","theDuelist:AlienTelepath","theDuelist:CrystalWingDragon+1","theDuelist:SwordsBurning"],"picked":"theDuelist:BookSecret","floor":21},{"not_picked":["theDuelist:SpellShatteringArrow","theDuelist:SilentDoom","theDuelist:OnslaughtFireKings","theDuelist:DiffusionWaveMotion"],"picked":"theDuelist:BookSecret","floor":22},{"not_picked":["theDuelist:SangaThunder","theDuelist:NeoMagic","theDuelist:InjectionFairy+1","theDuelist:GuardianAngel+1"],"picked":"theDuelist:DarkMagician","floor":23},{"not_picked":["theDuelist:ThousandEyesIdol","theDuelist:VoidExpansion"],"picked":"theDuelist:WhiteMagicalHat+1","floor":24},{"not_picked":["theDuelist:CosmicHorrorGangiel+1","theDuelist:SangaThunder","theDuelist:GiantTrunade","theDuelist:CosmoBrain"],"picked":"theDuelist:BookSecret","floor":25},{"not_picked":["theDuelist:NeoMagic","theDuelist:LordD","theDuelist:SangaEarth","theDuelist:MythicalBeast+1"],"picked":"theDuelist:SkilledDarkMagician","floor":27},{"not_picked":["theDuelist:WhiteHowling","theDuelist:MagiciansRobe+1","theDuelist:GoblinSecret","theDuelist:StatueAnguishPattern"],"picked":"theDuelist:Yami","floor":28},{"not_picked":["theDuelist:CosmicHorrorGangiel","theDuelist:SangaThunder","theDuelist:WhiteMagicalHat","theDuelist:Mudballman"],"picked":"theDuelist:SpiritHarp+1","floor":29},{"not_picked":["theDuelist:NeoMagic","theDuelist:DarkMagician","theDuelist:WhiteMagicalHat","theDuelist:MysticalElf","theDuelist:FlyingSaucer"],"picked":"SKIP","floor":30},{"not_picked":["theDuelist:DarkHorizon","theDuelist:WhiteMagicalHat+1"],"picked":"theDuelist:IcyCrevasse","floor":32},{"not_picked":["theDuelist:IrisEarthMother","theDuelist:QueenDragunDjinn","theDuelist:DarkPaladin","theDuelist:SangaWater"],"picked":"theDuelist:SwordsBurning","floor":33},{"not_picked":["theDuelist:MagiciansRod+1","theDuelist:TimeWizard+1","theDuelist:BadReaction"],"picked":"theDuelist:GoblinSecret+1","floor":35},{"not_picked":["theDuelist:SangaWater","theDuelist:CharcoalInpachi+2","theDuelist:RainbowMagician+1","theDuelist:FrontierWiseman"],"picked":"theDuelist:ThousandEyesRestrict+1","floor":37},{"not_picked":["theDuelist:GuardianAngel","theDuelist:BlizzardPrincess","theDuelist:CrystalWingDragon","theDuelist:InvitationDarkSleep"],"picked":"theDuelist:InfernoFireBlast","floor":38},{"not_picked":["theDuelist:BlizzardWarrior","theDuelist:SpiritHarp","theDuelist:FlyingSaucer+1","theDuelist:SpellShatteringArrow+1"],"picked":"theDuelist:ThousandEyesIdol+1","floor":39},{"not_picked":["HandOfGreed","Panacea","PanicButton","Trip+1"],"picked":"SKIP","floor":42},{"not_picked":["theDuelist:SangaThunder","theDuelist:InjectionFairy","theDuelist:CosmicHorrorGangiel+1","theDuelist:MythicalBeast+1","theDuelist:FogKing"],"picked":"SKIP","floor":45},{"not_picked":["theDuelist:DarkMagician","theDuelist:MysticalElf"],"picked":"theDuelist:WitchBlackRose+1","floor":46},{"not_picked":["theDuelist:SpellShatteringArrow","theDuelist:Illusionist","theDuelist:BlueDragonSummoner+1","theDuelist:OnslaughtFireKings+1"],"picked":"theDuelist:Yami+1","floor":47},{"not_picked":["theDuelist:RainbowDarkDragon+1","theDuelist:GrandSpellbookTower+1","theDuelist:DarkPaladin+1","theDuelist:SangaWater"],"picked":"theDuelist:SwordsRevealing","floor":48}],"player_experience":229927,"relics_obtained":[{"floor":8,"key":"Dream Catcher"},{"floor":9,"key":"theDuelist:DuelistOrichalcum"},{"floor":23,"key":"Bottled Tornado"},{"floor":26,"key":"theDuelist:MillenniumPrayerbook"},{"floor":28,"key":"FossilizedHelix"},{"floor":29,"key":"Red Mask"},{"floor":41,"key":"Charon\u0027s Ashes"},{"floor":42,"key":"Mummified Hand"},{"floor":43,"key":"theDuelist:BoosterBetterBoostersRelic"}],"event_choices":[{"damage_healed":0,"gold_gain":0,"player_choice":"Leave","duelist":true,"damage_taken":0,"max_hp_gain":0,"max_hp_loss":0,"event_name":"Tomb of the Nameless","floor":2,"gold_loss":0},{"damage_healed":0,"gold_gain":0,"player_choice":"Got Potions","damage_taken":0,"max_hp_gain":0,"max_hp_loss":0,"event_name":"Lab","floor":4,"gold_loss":0},{"damage_healed":0,"gold_gain":30,"player_choice":"Searched \u00273\u0027 times","damage_taken":0,"relics_obtained":["theDuelist:MonsterEggRelic"],"max_hp_gain":0,"max_hp_loss":0,"event_name":"Dead Adventurer","floor":14,"gold_loss":0},{"cards_removed":["theDuelist:Sparks"],"damage_healed":0,"gold_gain":0,"player_choice":"Offered Basic","damage_taken":0,"max_hp_gain":0,"max_hp_loss":0,"event_name":"Bonfire Elementals","floor":20,"gold_loss":0},{"damage_healed":0,"gold_gain":0,"player_choice":"Fought Bandits","damage_taken":0,"max_hp_gain":0,"max_hp_loss":0,"event_name":"Masked Bandits","floor":29,"gold_loss":0},{"damage_healed":0,"gold_gain":0,"player_choice":"Leave","duelist":true,"damage_taken":0,"max_hp_gain":0,"max_hp_loss":0,"event_name":"Battle City","floor":31,"gold_loss":0},{"damage_healed":4,"gold_gain":0,"player_choice":"Full Heal","damage_taken":0,"max_hp_gain":0,"max_hp_loss":0,"event_name":"Wheel of Change","floor":36,"gold_loss":0},{"damage_healed":0,"gold_gain":0,"player_choice":"Took item - Received: Millennium Armor","duelist":true,"damage_taken":0,"max_hp_gain":0,"max_hp_loss":0,"event_name":"Millennium Items","floor":44,"gold_loss":0}],"is_beta":false,"boss_relics":[{"not_picked":["theDuelist:ElectricKey","Runic Cube"],"picked":"Snecko Eye"},{"not_picked":["SlaversCollar","Coffee Dripper"],"picked":"Runic Dome"}],"items_purged_floors":[],"is_endless":false,"potions_floor_spawned":[3,7,11,14,21,22,25,27,28,38,39,45,47,48],"killed_by":"Awakened One","ascension_level":8}}