{"host":"dhyczjm99amxd3qx","time":1608999179,"event":{"mods":["BaseMod","Colored Map","Googly Eyes","Highlight Path","Minty Spire (QoL Compilation)","Quick Restart","StSLib"],"gold_per_floor":[113,113,38,38,58,102,102,145,157,194,206,262,274,299,311,453,465,491,489,526,211,126,160,160,160,184,184,184],"floor_reached":27,"playtime":1298,"items_purged":["Regret","Defend_R"],"score":274,"play_id":"183d045c-9c38-411a-a43a-153f906ba85a","local_time":"20201226111259","is_ascension_mode":false,"campfire_choices":[{"data":"Rage","floor":7,"key":"SMITH"},{"data":"Carnage","floor":11,"key":"SMITH"},{"floor":15,"key":"REST"},{"data":"Immolate","floor":25,"key":"SMITH"}],"circlet_count":0,"master_deck":["Defend_R","Defend_R","Bash","Headbutt","Rage+1","Carnage+1","Heavy Blade","Ghostly Armor","Immolate+1","Shrug It Off+1","Thunderclap","Whirlwind","Brutality+1","Bite","Bite","Bite","Bite","Bite"],"relics":["Burning Blood","Vajra","Golden Idol","Oddly Smooth Stone","MawBank","Letter Opener","Anchor","Black Star","TheAbacus","Nunchaku","Frozen Egg 2","Mummified Hand","Lantern"],"acts_visited":["Exordium","TheCity"],"potions_floor_usage":[8,12,12,23,23],"damage_taken":[{"damage":5,"enemies":"Jaw Worm","floor":1,"turns":5},{"damage":4,"enemies":"2 Louse","floor":5,"turns":4},{"damage":31,"enemies":"Lagavulin","floor":6,"turns":5},{"damage":23,"enemies":"3 Sentries","floor":8,"turns":9},{"damage":0,"enemies":"Small Slimes","floor":10,"turns":3},{"damage":15,"enemies":"Lagavulin","floor":12,"turns":4},{"damage":0,"enemies":"Red Slaver","floor":14,"turns":3},{"damage":17,"enemies":"Slime Boss","floor":16,"turns":7},{"damage":0,"enemies":"Chosen","floor":18,"turns":3},{"damage":0,"enemies":"2 Thieves","floor":19,"turns":4},{"damage":22,"enemies":"Snake Plant","floor":20,"turns":3},{"damage":55,"enemies":"Book of Stabbing","floor":23,"turns":10},{"damage":32,"enemies":"Shelled Parasite and Fungi","floor":27,"turns":5}],"seed_played":"612710869516837884","potions_obtained":[{"floor":1,"key":"LiquidBronze"},{"floor":6,"key":"FearPotion"},{"floor":10,"key":"LiquidBronze"},{"floor":16,"key":"SpeedPotion"},{"floor":20,"key":"HeartOfIron"},{"floor":23,"key":"EssenceOfSteel"}],"is_trial":false,"path_per_floor":["M","?","$","?","M","E","R","E","T","M","R","E","?","M","R","B",null,"M","M","M","$","?","E","?","R","T","M"],"character_chosen":"IRONCLAD","items_purchased":["Whirlwind","TheAbacus"],"campfire_rested":1,"item_purchase_floors":[21,21],"current_hp_per_floor":[88,88,88,66,68,43,43,26,26,32,32,23,16,22,48,37,88,88,88,72,72,72,23,23,23,23,0,0],"gold":184,"neow_bonus":"TEN_PERCENT_HP_BONUS","is_daily":false,"chose_seed":false,"campfire_upgraded":3,"win_rate":0.0,"timestamp":1608999179,"path_taken":["M","?","$","?","?","E","R","E","T","M","R","E","?","M","R","BOSS","M","M","M","$","?","E","?","R","T","M"],"items_purchased_type":["Card","Relic"],"build_version":"2020-12-22","purchased_purges":2,"victory":false,"max_hp_per_floor":[88,88,88,88,88,88,88,88,88,88,88,88,88,88,88,88,88,88,88,88,88,88,88,61,61,61,61,61],"card_choices":[{"not_picked":["Intimidate","Armaments","Headbutt"],"picked":"SKIP","floor":1},{"not_picked":["Havoc","Reckless Charge"],"picked":"Headbutt","floor":5},{"not_picked":["Rampage","Body Slam"],"picked":"Rage","floor":6},{"not_picked":["Clothesline","Seeing Red"],"picked":"Carnage","floor":8},{"not_picked":["Burning Pact","Evolve"],"picked":"Heavy Blade","floor":10},{"not_picked":["Searing Blow","Evolve"],"picked":"Ghostly Armor","floor":12},{"not_picked":["Headbutt","Fire Breathing","Second Wind"],"picked":"SKIP","floor":14},{"not_picked":["Berserk","Impervious"],"picked":"Immolate","floor":16},{"not_picked":["Warcry","Perfected Strike"],"picked":"Shrug It Off+1","floor":18},{"not_picked":["Body Slam","Havoc"],"picked":"Thunderclap","floor":19},{"not_picked":["Cleave+1","Body Slam","Shrug It Off"],"picked":"SKIP","floor":20},{"not_picked":["Headbutt","Blood for Blood"],"picked":"Brutality+1","floor":23}],"player_experience":43803,"relics_obtained":[{"floor":6,"key":"Oddly Smooth Stone"},{"floor":8,"key":"MawBank"},{"floor":9,"key":"Letter Opener"},{"floor":12,"key":"Anchor"},{"floor":23,"key":"Frozen Egg 2"},{"floor":23,"key":"Mummified Hand"},{"floor":26,"key":"Lantern"}],"event_choices":[{"damage_healed":0,"gold_gain":0,"player_choice":"Box","damage_taken":0,"relics_obtained":["Vajra"],"max_hp_gain":0,"max_hp_loss":0,"event_name":"Big Fish","floor":2,"gold_loss":0,"cards_obtained":["Regret"]},{"damage_healed":0,"gold_gain":0,"player_choice":"Take Damage","damage_taken":22,"relics_obtained":["Golden Idol"],"max_hp_gain":0,"max_hp_loss":0,"event_name":"Golden Idol","floor":4,"gold_loss":0},{"cards_removed":["Defend_R"],"damage_healed":0,"gold_gain":0,"player_choice":"Card Removal","damage_taken":7,"max_hp_gain":0,"max_hp_loss":0,"event_name":"Golden Wing","floor":13,"gold_loss":0},{"damage_healed":0,"gold_gain":0,"player_choice":"Obtained Relic","damage_taken":0,"relics_obtained":["Nunchaku"],"max_hp_gain":0,"max_hp_loss":0,"event_name":"Addict","floor":22,"gold_loss":85},{"damage_healed":0,"gold_gain":0,"player_choice":"Became a vampire","damage_taken":0,"max_hp_gain":0,"max_hp_loss":27,"event_name":"Vampires","floor":24,"gold_loss":0,"cards_obtained":["Bite","Bite","Bite","Bite","Bite"]}],"is_beta":false,"boss_relics":[{"not_picked":["Tiny House","Runic Cube"],"picked":"Black Star"}],"items_purged_floors":[3,21],"is_endless":false,"potions_floor_spawned":[1,6,10,16,20,23],"killed_by":"Shelled Parasite and Fungi","ascension_level":0}}