{"host":"7z347kdhnquy3q4q","time":1608989699,"event":{"mods":["Act Like it!","Aspiration","BaseMod","Downfall","Hubris","Infinite Spire","Minty Spire (QoL Compilation)","MostiFishMod","Permanent Neow","Potionbrewer","Replay The Spire","Robot Space Explorer","Spicy Shops","StSLib","Wandering Minibosses","vexMod"],"gold_per_floor":[99,99,118,393,405,405,430,45,495,522,522,535,460,473,484,583,583,583,598,14,14,32,46,92,36,66,90,134,154,79,79,89,202,202,127,147,172,847,616,616,640,640,640,640,667,693,728,814,855,877,877,946,192,192,248],"floor_reached":56,"playtime":3457,"items_purged":["Shame","Pride","Slimebound:Icky","RobotSpaceExplorer:Defend","RobotSpaceExplorer:Strike","Parasite"],"score":2169,"play_id":"55645a91-61da-4f7b-a6e0-a036a7552b4d","local_time":"20201226073459","is_ascension_mode":true,"campfire_choices":[{"data":"MostiFishMod:JungleRules","floor":1,"key":"SMITH"},{"floor":11,"key":"RECALL"},{"floor":13,"key":"REST"},{"floor":18,"key":"DIG"},{"data":"Jack Of All Trades","floor":30,"key":"SMITH"},{"data":"RobotSpaceExplorer:PowerCollector","floor":35,"key":"SMITH"},{"data":"RobotSpaceExplorer:FreezeRay","floor":40,"key":"SMITH"},{"data":"expansioncontent:YouAreMine","floor":44,"key":"SMITH"},{"data":"RobotSpaceExplorer:Accelerator","floor":54,"key":"SMITH"}],"circlet_count":0,"master_deck":["AscendersBane","RobotSpaceExplorer:Defend","RobotSpaceExplorer:Scan","RobotSpaceExplorer:MiniLasers","MostiFishMod:JungleRules+1","RobotSpaceExplorer:MiniDrones","RobotSpaceExplorer:StunGrenade","RobotSpaceExplorer:Blitz","RobotSpaceExplorer:MiniDrones","RobotSpaceExplorer:MiniBoosters+1","RobotSpaceExplorer:FreezeRay+1","RobotSpaceExplorer:ScrapMissile","RobotSpaceExplorer:LuckyStrike","RobotSpaceExplorer:ShockMissile","RobotSpaceExplorer:GlueShot","Jack Of All Trades+1","RobotSpaceExplorer:PowerCollector+1","RobotSpaceExplorer:ShockMissile","RobotSpaceExplorer:MiniDrones","RobotSpaceExplorer:MetalStrike","RobotSpaceExplorer:Explosion","RobotSpaceExplorer:GlueSpray+1","RobotSpaceExplorer:TrailblazerForm","RobotSpaceExplorer:FreezeRay","RobotSpaceExplorer:Blaster","RobotSpaceExplorer:StunGrenade","RobotSpaceExplorer:FrostMissile+1","infinitespire:Punishment","RobotSpaceExplorer:Blaster","RobotSpaceExplorer:Discharger","expansioncontent:YouAreMine+1","RobotSpaceExplorer:BigMissile+1","RobotSpaceExplorer:Accelerator+1","RobotSpaceExplorer:StunGrenade"],"relics":["RobotSpaceExplorer:RoboCore","DaveBox","DianDianMeat","Smiling Mask","hubris:EmptyBottle","Tiny Chest","infinitespire:Broken Mirror","downfall:HeartBlessingRed","ChiXiaoBlade","PreservedInsect","Guardian:PocketSentry","CeramicFish","infinitespire:Lucky Rock","hubris:MysteriousPyramids","downfall:HeartBlessingGreen","Darkstone Periapt","aspiration:TomeofQuesting","ExusiaiGun","downfall:HeartBlessingBlue","vexMod:RockOfEvil","Replay:Towering Pillar of Hats","Orichalcum","Replay:Bottled Snecko","ReplayFunnel","infinitespire:PuzzleCube","Replay:Bandana","Mango","aspiration:HiddenCompartment","ChiLing","Chi","Ling","MetatronsCube","Bottled Tornado"],"acts_visited":["Exordium","TheCity","TheBeyond","TheEnding"],"potions_floor_usage":[10,14,19,19,23,23,23,25,26,27,27,28,37,37,55,55],"damage_taken":[{"damage":11,"enemies":"Small Slimes","floor":3,"turns":3},{"damage":3,"enemies":"2 Louse","floor":5,"turns":4},{"damage":0,"enemies":"Cultist","floor":6,"turns":1},{"damage":0,"enemies":"downfall:FleeingMerchant","floor":8,"turns":4},{"damage":21,"enemies":"3 Sentries","floor":10,"turns":6},{"damage":0,"enemies":"Blue Slaver","floor":12,"turns":2},{"damage":3,"enemies":"Exordium Thugs","floor":14,"turns":3},{"damage":14,"enemies":"Exordium Wildlife","floor":15,"turns":3},{"damage":71,"enemies":"downfall:Defect","floor":16,"turns":11},{"damage":0,"enemies":"Spheric Guardian","floor":19,"turns":2},{"damage":2,"enemies":"downfall:FleeingMerchant","floor":20,"turns":4},{"damage":0,"enemies":"3 Byrds","floor":22,"turns":3},{"damage":14,"enemies":"Centurion and Healer","floor":23,"turns":7},{"damage":5,"enemies":"downfall:FleeingMerchant","floor":25,"turns":4},{"damage":24,"enemies":"Slavers","floor":26,"turns":5},{"damage":4,"enemies":"Cultist and Chosen","floor":27,"turns":7},{"damage":0,"enemies":"Gremlin Leader","floor":28,"turns":3},{"damage":12,"enemies":"Chosen and Byrds","floor":29,"turns":6},{"damage":16,"enemies":"3 Cultists","floor":32,"turns":5},{"damage":62,"enemies":"downfall:Ironclad","floor":33,"turns":5},{"damage":20,"enemies":"3 Shapes","floor":36,"turns":1},{"damage":0,"enemies":"Orb Walker","floor":37,"turns":1},{"damage":0,"enemies":"downfall:FleeingMerchant","floor":39,"turns":1},{"damage":0,"enemies":"Spire Growth","floor":45,"turns":2},{"damage":9,"enemies":"Nemesis","floor":47,"turns":3},{"damage":0,"enemies":"Mind Bloom Boss Battle","floor":48,"turns":1},{"damage":0,"enemies":"Sphere and 2 Shapes","floor":49,"turns":2},{"damage":0,"enemies":"downfall:Watcher","floor":50,"turns":2},{"damage":0,"enemies":"downfall:CharBossMerchant","floor":52,"turns":1},{"damage":2,"enemies":"downfall:NeowBoss","floor":55,"turns":11}],"seed_played":"8800076466439056129","potions_obtained":[{"floor":10,"key":"Fire Potion"},{"floor":15,"key":"potionbrewer:MidasPotion"},{"floor":16,"key":"Energy Potion"},{"floor":21,"key":"Toxic Potion"},{"floor":22,"key":"SpeedPotion"},{"floor":23,"key":"potionbrewer:NoxiousPotion"},{"floor":26,"key":"hexamod:EctoCoolerPotion"},{"floor":27,"key":"LifebloodPotion"},{"floor":36,"key":"Energy Potion"},{"floor":52,"key":"potionbrewer:StunPotion"}],"is_trial":false,"path_per_floor":["R","?","M","?","M","M","T","$","?","E","R","M","R","M","M","B",null,"R","M","$","?","M","M","T","$","E","M","E","M","R","T","M","B",null,"R","M","M","AVR","?","R","T","?","?","R","M","T","E","?","M","B",null,"E","$","R","B",null],"character_chosen":"RobotSpaceExplorer","items_purchased":["RobotSpaceExplorer:MiniBoosters+1","hubris:EmptyBottle","Tiny Chest","Energy Potion","Guardian:PocketSentry","Jack Of All Trades","RobotSpaceExplorer:PowerCollector","RobotSpaceExplorer:ShockMissile","RobotSpaceExplorer:Discharger","Orichalcum","Replay:Bottled Snecko","expansioncontent:YouAreMine","ChiLing","MetatronsCube","Bottled Tornado"],"campfire_rested":1,"item_purchase_floors":[8,8,8,8,20,20,20,20,39,39,39,39,53,53,53],"current_hp_per_floor":[69,69,60,63,64,69,69,90,120,111,111,124,159,170,171,116,182,182,199,297,297,320,330,330,350,326,348,375,399,399,399,383,351,465,475,485,516,319,421,421,421,421,421,421,457,457,485,499,537,537,544,544,588,588,586],"gold":248,"neow_bonus":"RANDOM_COLORLESS_2","is_daily":false,"chose_seed":false,"campfire_upgraded":6,"win_rate":0.0,"timestamp":1608989699,"path_taken":["R","?","M","?","?","M","T","$","?","E","R","M","R","M","M","BOSS","R","M","$","?","M","M","T","?","E","M","E","M","R","?","M","BOSS","R","M","M","AVR","?","R","T","?","?","R","M","?","E","?","M","BOSS","E","$","R","BOSS"],"items_purchased_type":["Card","Relic","Relic","Potion","Relic","Card","Card","Card","Card","Relic","Relic","Card","Relic","Relic","Relic"],"build_version":"2020-12-22","purchased_purges":6,"victory":true,"max_hp_per_floor":[69,69,71,74,78,83,83,104,134,146,146,159,159,173,188,204,204,204,221,321,321,344,368,368,393,393,419,446,474,474,474,474,503,503,513,543,574,319,421,421,421,421,421,421,457,457,494,508,546,546,546,546,588,588,588],"card_choices":[{"not_picked":["vexMod:StairwayStrike","Chrysalis"],"picked":"MostiFishMod:JungleRules","floor":0},{"not_picked":["RobotSpaceExplorer:SurgingStrike","RobotSpaceExplorer:GlueShot"],"picked":"RobotSpaceExplorer:MiniDrones","floor":3},{"not_picked":["RobotSpaceExplorer:TurboDodge","RobotSpaceExplorer:ImprovisedAttack"],"picked":"RobotSpaceExplorer:StunGrenade","floor":5},{"not_picked":["RobotSpaceExplorer:Ammunition","RobotSpaceExplorer:SlimeMissile"],"picked":"RobotSpaceExplorer:Blitz","floor":6},{"not_picked":["RobotSpaceExplorer:Probe","RobotSpaceExplorer:Jetpack"],"picked":"RobotSpaceExplorer:MiniDrones","floor":8},{"not_picked":["RobotSpaceExplorer:FreezingShield","RobotSpaceExplorer:Electroshield"],"picked":"RobotSpaceExplorer:FreezeRay","floor":10},{"not_picked":["RobotSpaceExplorer:GlueShot","RobotSpaceExplorer:IronShell"],"picked":"RobotSpaceExplorer:Wormhole","floor":12},{"not_picked":["RobotSpaceExplorer:SurgingStrike","RobotSpaceExplorer:ImprovisedAttack"],"picked":"RobotSpaceExplorer:ScrapMissile","floor":14},{"not_picked":["RobotSpaceExplorer:ImprovisedAttack","RobotSpaceExplorer:Jetpack"],"picked":"RobotSpaceExplorer:LuckyStrike","floor":15},{"not_picked":["RobotSpaceExplorer:BlastShield","RobotSpaceExplorer:Accelerator"],"picked":"RobotSpaceExplorer:ShockMissile","floor":16},{"not_picked":["RobotSpaceExplorer:FranticSearch","RobotSpaceExplorer:MiniDrones"],"picked":"RobotSpaceExplorer:GlueShot","floor":19},{"not_picked":["RobotSpaceExplorer:Probe","RobotSpaceExplorer:Pulsar"],"picked":"RobotSpaceExplorer:GlueShot","floor":20},{"not_picked":["RobotSpaceExplorer:SlimeMissile","RobotSpaceExplorer:SurgingStrike+1"],"picked":"RobotSpaceExplorer:MiniDrones","floor":22},{"not_picked":["RobotSpaceExplorer:SurgingStrike","RobotSpaceExplorer:IronShell"],"picked":"RobotSpaceExplorer:MetalStrike","floor":23},{"not_picked":["RobotSpaceExplorer:Fix","RobotSpaceExplorer:SurgingShield"],"picked":"RobotSpaceExplorer:Explosion","floor":25},{"not_picked":["RobotSpaceExplorer:DoubleBlock","RobotSpaceExplorer:MiniDrones","RobotSpaceExplorer:ShockKick"],"picked":"SKIP","floor":26},{"not_picked":["RobotSpaceExplorer:Pulsar","RobotSpaceExplorer:MakeshiftVolley"],"picked":"RobotSpaceExplorer:GlueSpray+1","floor":27},{"not_picked":["RobotSpaceExplorer:SelfCleaning","RobotSpaceExplorer:JunkDive"],"picked":"RobotSpaceExplorer:TrailblazerForm","floor":28},{"not_picked":["RobotSpaceExplorer:Probe","RobotSpaceExplorer:ShovelStrike"],"picked":"RobotSpaceExplorer:FreezeRay","floor":29},{"not_picked":["RobotSpaceExplorer:SlimeMissile","RobotSpaceExplorer:SurgingShield","RobotSpaceExplorer:SwiftStep"],"picked":"SKIP","floor":32},{"not_picked":["RobotSpaceExplorer:Comet","RobotSpaceExplorer:Explosion"],"picked":"RobotSpaceExplorer:Blaster","floor":33},{"not_picked":["RobotSpaceExplorer:ShovelStrike+1","RobotSpaceExplorer:Pulsar"],"picked":"RobotSpaceExplorer:StunGrenade","floor":36},{"not_picked":["RobotSpaceExplorer:FranticSearch","RobotSpaceExplorer:SlimeMissile"],"picked":"RobotSpaceExplorer:FrostMissile+1","floor":37},{"not_picked":["RobotSpaceExplorer:Blitz","RobotSpaceExplorer:FranticSearch"],"picked":"RobotSpaceExplorer:Blaster","floor":39},{"not_picked":["RobotSpaceExplorer:ShockKick","RobotSpaceExplorer:FranticSearch"],"picked":"RobotSpaceExplorer:BigMissile+1","floor":45},{"not_picked":["RobotSpaceExplorer:SelfCleaning","RobotSpaceExplorer:PowerCollector"],"picked":"RobotSpaceExplorer:Accelerator","floor":47},{"not_picked":["RobotSpaceExplorer:BigMissile","RobotSpaceExplorer:FranticSearch+1"],"picked":"RobotSpaceExplorer:StunGrenade","floor":49},{"not_picked":["RobotSpaceExplorer:Reload","RobotSpaceExplorer:MetalStrike","RobotSpaceExplorer:ExhaustFan"],"picked":"SKIP","floor":52}],"player_experience":1918235,"relics_obtained":[{"floor":7,"key":"Smiling Mask"},{"floor":10,"key":"infinitespire:Broken Mirror"},{"floor":18,"key":"PreservedInsect"},{"floor":24,"key":"CeramicFish"},{"floor":26,"key":"infinitespire:Lucky Rock"},{"floor":28,"key":"hubris:MysteriousPyramids"},{"floor":32,"key":"Darkstone Periapt"},{"floor":33,"key":"aspiration:TomeofQuesting"},{"floor":41,"key":"ReplayFunnel"},{"floor":46,"key":"infinitespire:PuzzleCube"},{"floor":47,"key":"Replay:Bandana"},{"floor":48,"key":"Mango"},{"floor":52,"key":"aspiration:HiddenCompartment"}],"event_choices":[{"cards_removed":["RobotSpaceExplorer:GlueShot"],"damage_healed":0,"gold_gain":0,"player_choice":"Removed Skill","damage_taken":0,"max_hp_gain":0,"max_hp_loss":0,"event_name":"Falling","floor":43,"gold_loss":0}],"is_beta":false,"boss_relics":[{"not_picked":["SynthV:MejaisSoulstealer","aspiration:SecretTechniqueScroll"],"picked":"ChiXiaoBlade"},{"not_picked":["Replay:Ancient Bell","vexMod:MysteryBossChallenge"],"picked":"ExusiaiGun"}],"items_purged_floors":[8,20,25,38,39,53],"is_endless":false,"potions_floor_spawned":[10,15,16,22,23,26,27,36,52],"ascension_level":12}}