{"host":"brlhu57vzmgrzvkq","time":1608959206,"event":{"mods":["AchievementEnabler","BaseMod","Colored Map","Downfall","Hermit","Minty Spire (QoL Compilation)","StSLib","SuperFastMode","The Cursed","The Servant 0.9.4"],"gold_per_floor":[111,111,122,133,133,158,158,192,192,192,223,223,223,241,241,338,338,349,359,359,379,396,396,396,396],"floor_reached":24,"playtime":639,"items_purged":[],"score":248,"play_id":"edfb320f-27cf-4e91-b888-587db20a1b3d","local_time":"20201225220646","is_ascension_mode":true,"campfire_choices":[{"data":"Uppercut","floor":7.0,"key":"SMITH"},{"floor":10.0,"key":"REST"},{"data":"Metallicize","floor":12.0,"key":"SMITH"},{"data":"Inflame","floor":15.0,"key":"SMITH"},{"data":"Cleave","floor":23,"key":"SMITH"}],"circlet_count":0,"master_deck":["Strike_R","Strike_R","Strike_R","Strike_R","Defend_R","Defend_R+1","Defend_R","Defend_R","Bash","Perfected Strike","Metallicize+1","Armaments+1","Uppercut+1","Shrug It Off","Inflame+1","Demon Form","Cleave+1","Ghostly Armor+1","Cleave+1"],"relics":["Burning Blood","NeowsBlessing","Tiny Chest","Mango","Ornamental Fan","Potion Belt","Mark of Pain"],"acts_visited":["Exordium","TheCity"],"potions_floor_usage":[22,24,24],"damage_taken":[{"damage":0.0,"enemies":"Small Slimes","floor":1.0,"turns":1.0},{"damage":0.0,"enemies":"Cultist","floor":3.0,"turns":1.0},{"damage":0.0,"enemies":"Jaw Worm","floor":4.0,"turns":1.0},{"damage":55.0,"enemies":"Lagavulin","floor":6.0,"turns":7.0},{"damage":17.0,"enemies":"3 Sentries","floor":8.0,"turns":10.0},{"damage":22.0,"enemies":"Gremlin Nob","floor":11.0,"turns":5.0},{"damage":6.0,"enemies":"Looter","floor":14.0,"turns":4.0},{"damage":19.0,"enemies":"The Guardian","floor":16.0,"turns":18.0},{"damage":20,"enemies":"2 Thieves","floor":18,"turns":5},{"damage":19,"enemies":"Spheric Guardian","floor":19,"turns":5},{"damage":33,"enemies":"Centurion and Healer","floor":21,"turns":6},{"damage":9,"enemies":"Snecko","floor":22,"turns":6},{"damage":40,"enemies":"Slavers","floor":24,"turns":3}],"seed_played":"6954918766306923047","potions_obtained":[{"floor":1.0,"key":"Dexterity Potion"},{"floor":3.0,"key":"FearPotion"},{"floor":6.0,"key":"FearPotion"},{"floor":14.0,"key":"GamblersBrew"},{"floor":16.0,"key":"Weak Potion"},{"floor":18,"key":"Dexterity Potion"},{"floor":20,"key":"LiquidBronze"},{"floor":20,"key":"Strength Potion"}],"is_trial":false,"path_per_floor":["M","?","M","M","?","E","R","E","T","R","E","R","?","M","R","B",null,"M","M","?","M","M","R","E"],"character_chosen":"IRONCLAD","items_purchased":[],"campfire_rested":1,"item_purchase_floors":[],"current_hp_per_floor":[80,80,80,80,73,24,24,27,27,55,39,39,20,20,20,7,94,80,67,67,40,37,37,0,0],"gold":396,"neow_bonus":"THREE_ENEMY_KILL","is_daily":false,"chose_seed":false,"campfire_upgraded":4,"win_rate":0.0,"timestamp":1608959206,"path_taken":["M","?","?","M","?","E","R","E","T","R","E","R","?","M","R","BOSS","M","M","?","?","M","R","E"],"items_purchased_type":[],"build_version":"2020-12-22","purchased_purges":0,"victory":false,"max_hp_per_floor":[80,80,80,80,80,80,80,94,94,94,94,94,94,94,94,94,94,94,94,94,94,94,94,94,94],"card_choices":[{"not_picked":["Evolve","Dropkick","Heavy Blade"],"picked":"SKIP","floor":1.0},{"not_picked":["Body Slam","Evolve"],"picked":"Metallicize","floor":3.0},{"not_picked":["Twin Strike","Sentinel"],"picked":"Armaments","floor":4.0},{"not_picked":["Dual Wield","Combust"],"picked":"Uppercut","floor":6.0},{"not_picked":["Anger","Hemokinesis"],"picked":"Shrug It Off","floor":8.0},{"not_picked":["Wild Strike","Rampage","Headbutt"],"picked":"SKIP","floor":11.0},{"not_picked":["Flex","Pommel Strike"],"picked":"Inflame","floor":14.0},{"not_picked":["Corruption","Brutality"],"picked":"Demon Form","floor":16.0},{"not_picked":["Anger","Flex"],"picked":"Cleave","floor":18},{"not_picked":["Uppercut","Pommel Strike","Feel No Pain"],"picked":"SKIP","floor":19},{"not_picked":["Shockwave+1","Rampage"],"picked":"Ghostly Armor+1","floor":21},{"not_picked":["Battle Trance","Rampage"],"picked":"Cleave+1","floor":22}],"player_experience":80417,"relics_obtained":[{"floor":6.0,"key":"Tiny Chest"},{"floor":8.0,"key":"Mango"},{"floor":9.0,"key":"Ornamental Fan"},{"floor":11.0,"key":"Potion Belt"}],"event_choices":[{"damage_healed":0.0,"max_hp_gain":0.0,"max_hp_loss":0.0,"gold_gain":0.0,"event_name":"Match and Keep!","player_choice":"1 cards matched","floor":2.0,"gold_loss":0.0,"damage_taken":0.0,"cards_obtained":["Perfected Strike"]},{"cards_removed":["Strike_R"],"damage_healed":0.0,"max_hp_gain":0.0,"max_hp_loss":0.0,"gold_gain":0.0,"event_name":"Golden Wing","player_choice":"Card Removal","floor":5.0,"gold_loss":0.0,"damage_taken":7.0},{"damage_healed":0.0,"max_hp_gain":0.0,"max_hp_loss":0.0,"gold_gain":0.0,"event_name":"Shining Light","player_choice":"Entered Light","floor":13.0,"gold_loss":0.0,"damage_taken":19.0,"cards_upgraded":["Armaments","Defend_R"]},{"damage_healed":0,"gold_gain":0,"player_choice":"Got Potions","damage_taken":0,"max_hp_gain":0,"max_hp_loss":0,"event_name":"Lab","floor":20,"gold_loss":0}],"is_beta":false,"boss_relics":[{"not_picked":["Velvet Choker","Runic Dome"],"picked":"Mark of Pain"}],"items_purged_floors":[],"is_endless":false,"potions_floor_spawned":[1,3,6,14,16,18],"killed_by":"Slavers","ascension_level":3}}