{"host":"wg33yb1rgt3nbe17","time":1608980827,"event":{"mods":["AchievementEnabler","BaseMod","Colored Map","Minty Spire (QoL Compilation)","Permanent Neow","Relic Stats","StSLib"],"gold_per_floor":[17,37,37,37,56,56,56],"floor_reached":6,"playtime":231,"items_purged":[],"score":68,"play_id":"fda5f422-8202-4850-bf09-47d21b869ba8","local_time":"20201226060707","is_ascension_mode":true,"campfire_choices":[],"circlet_count":0,"master_deck":["AscendersBane","Strike_R","Strike_R","Strike_R","Strike_R","Strike_R","Defend_R","Defend_R","Defend_R","Defend_R","Bash","Clash","Rupture","Shockwave"],"relics":["Burning Blood","Ice Cream","White Beast Statue"],"acts_visited":["Exordium"],"potions_floor_usage":[6],"damage_taken":[{"damage":6,"enemies":"Cultist","floor":1,"turns":3},{"damage":7,"enemies":"Small Slimes","floor":2,"turns":3},{"damage":4,"enemies":"Jaw Worm","floor":5,"turns":4},{"damage":64,"enemies":"3 Sentries","floor":6,"turns":12}],"seed_played":"-8550274380700267327","potions_obtained":[{"floor":5,"key":"Weak Potion"}],"is_trial":false,"path_per_floor":["M","M","?","?","M","E"],"character_chosen":"IRONCLAD","items_purchased":[],"campfire_rested":0,"item_purchase_floors":[],"current_hp_per_floor":[68,67,67,62,64,0,0],"gold":56,"neow_bonus":"ONE_RARE_RELIC","is_daily":false,"chose_seed":false,"campfire_upgraded":0,"win_rate":0.0,"timestamp":1608980827,"path_taken":["M","?","?","?","M","E"],"items_purchased_type":[],"build_version":"2020-12-22","purchased_purges":0,"victory":false,"max_hp_per_floor":[75,75,75,75,75,75,75],"relic_stats":{"counters":[4,22],"obtain_stats":[{"Ice Cream":0,"Burning Blood":0,"White Beast Statue":4},{"Ice Cream":0,"Burning Blood":0,"White Beast Statue":2},{"Ice Cream":0,"Burning Blood":0,"White Beast Statue":6}],"Burning Blood":18},"card_choices":[{"not_picked":["Clothesline","Rampage"],"picked":"Clash","floor":1},{"not_picked":["Reckless Charge","Shrug It Off"],"picked":"Rupture","floor":2},{"not_picked":["Shrug It Off","Ghostly Armor"],"picked":"Shockwave","floor":5}],"player_experience":543969,"relics_obtained":[],"event_choices":[{"damage_healed":0,"gold_gain":0,"player_choice":"Ignored","damage_taken":0,"max_hp_gain":0,"max_hp_loss":0,"event_name":"Liars Game","floor":3,"gold_loss":0},{"damage_healed":0,"gold_gain":0,"player_choice":"Success","damage_taken":5,"relics_obtained":["White Beast Statue"],"max_hp_gain":0,"max_hp_loss":0,"event_name":"Scrap Ooze","floor":4,"gold_loss":0}],"is_beta":false,"boss_relics":[],"items_purged_floors":[],"is_endless":false,"potions_floor_spawned":[5],"killed_by":"3 Sentries","ascension_level":18}}