{"host":"u0f5uy314yz7olfc","time":1608970222,"event":{"mods":["AchievementEnabler","Aspiration","BaseMod","Better Altar","Better Match","Better Note","Better Sensory Stone","Better Skull","Better Third Choice","BetterRewards","Block Reminder","Colored Map","Colored Powertips","DeckTracker","Dota2Spire","Emptier Cage","Gold Saver","Highlight Path","Hubris","Infinite Spire","Marked Mod","Mimic Mod","Minty Spire (QoL Compilation)","Permanent Neow","Quick Restart","Rare Cards Sparkle","Relic Sorter","Shop Mod","StSLib","The Bladedancer","The Blue Laboratory","Watcher Patcher"],"gold_per_floor":[451,47,47,47,65,95,108,119,145,145,145,161,173,185,185,282,282,298,298,298,208,218,218,218,231,258,258,14,14,14,48,48,146,146,156,116,128,29,46,46,79,79,79,105,105,105,124,124,124,124,124,124,5,39,39,39],"floor_reached":55,"playtime":3821,"items_purged":[],"score":993,"play_id":"a1123321-937f-477c-85b7-5b79268834d7","local_time":"20201226151022","is_ascension_mode":false,"campfire_choices":[{"floor":10.0,"key":"RECALL"},{"floor":15.0,"key":"REST"},{"data":"Seeing Red","floor":23.0,"key":"SMITH"},{"floor":30.0,"key":"REST"},{"floor":32.0,"key":"REST"},{"floor":40.0,"key":"REST"},{"floor":42.0,"key":"REST"},{"floor":49.0,"key":"REST"},{"data":"Panache","floor":52.0,"key":"SMITH"}],"circlet_count":0,"master_deck":["Eruption","Vigilance","PathToVictory","FearNoEvil","MarkedMod:Acupuncture","MarkedMod:PinPointDefense","PathToVictory","Seeing Red+1","FlyingSleeves","MarkedMod:GracefulMovements","infinitespire:Execution","infinitespire:Oblivion","infinitespire:UltimateForm","infinitespire:Gouge","hubris:Fate","FollowUp","EmptyBody","Prostrate","Wish+1","FlyingSleeves+1","PathToVictory+1","Envenom","Study","Mind Blast","PathToVictory","EmptyBody","Decay","Creative AI","Wish","Seeing Red","EmptyBody","Stack","Vengeance","Clash","Stack","FearNoEvil+1","CutThroughFate+1","LikeWater","FollowUp+1","Prostrate+1","Panache+1","Intimidate+1","DeusExMachina","Impatience+1"],"relics":["PureWater","Dota2Spire:Bloodstone","FaceOfCleric","Dota2Spire:AssaultCuirass","aspiration:Lifesprig","HolyWater","Damaru","hubris:ScarierMask","Akabeko","MerchantsRug","Omamori","Happy Flower","Nunchaku","Dota2Spire:MonkeyKingBar","hubris:GrandSneckoEye","hubris:SlimyHat"],"acts_visited":["TheCity","TheBeyond","TheEnding"],"potions_floor_usage":[55],"damage_taken":[{"damage":0.0,"enemies":"Cultist","floor":1.0,"turns":2.0},{"damage":0.0,"enemies":"2 Louse","floor":5.0,"turns":4.0},{"damage":31.0,"enemies":"3 Sentries","floor":6.0,"turns":7.0},{"damage":0.0,"enemies":"Small Slimes","floor":7.0,"turns":3.0},{"damage":16.0,"enemies":"Looter","floor":8.0,"turns":3.0},{"damage":34.0,"enemies":"Exordium Wildlife","floor":12.0,"turns":4.0},{"damage":16.0,"enemies":"Large Slime","floor":13.0,"turns":4.0},{"damage":0.0,"enemies":"2 Fungi Beasts","floor":14.0,"turns":3.0},{"damage":18.0,"enemies":"Slime Boss","floor":16.0,"turns":8.0},{"damage":13.0,"enemies":"Shell Parasite","floor":18.0,"turns":5.0},{"damage":0.0,"enemies":"Spheric Guardian","floor":22.0,"turns":2.0},{"damage":0.0,"enemies":"3 Cultists","floor":25.0,"turns":3.0},{"damage":19.0,"enemies":"Nightmare","floor":31.0,"turns":7.0},{"damage":35.0,"enemies":"Champ","floor":33.0,"turns":8.0},{"damage":37.0,"enemies":"3 Darklings","floor":35.0,"turns":6.0},{"damage":7.0,"enemies":"Orb Walker","floor":37.0,"turns":3.0},{"damage":8.0,"enemies":"Sphere and 2 Shapes","floor":39.0,"turns":3.0},{"damage":57.0,"enemies":"Nemesis","floor":41.0,"turns":7.0},{"damage":18.0,"enemies":"Giant Head","floor":44.0,"turns":7.0},{"damage":10.0,"enemies":"4 Shapes","floor":47.0,"turns":2.0},{"damage":55.0,"enemies":"infinitespire:MassOfShapes","floor":50.0,"turns":8.0},{"damage":50.0,"enemies":"Shield and Spear","floor":54.0,"turns":4.0},{"damage":66,"enemies":"The Heart","floor":55,"turns":3}],"seed_played":"4600643432593638437","potions_obtained":[{"floor":1.0,"key":"blueLaboratory:ForbiddenFruitJuice"},{"floor":6.0,"key":"Fruit Juice"},{"floor":8.0,"key":"Ancient Potion"},{"floor":13.0,"key":"DistilledChaos"},{"floor":18.0,"key":"SneckoOil"},{"floor":25.0,"key":"blueLaboratory:SavagePotion"},{"floor":36.0,"key":"blueLaboratory:MidnightOil"},{"floor":36.0,"key":"Weak Potion"},{"floor":36.0,"key":"blueLaboratory:FaithlessPotion"},{"floor":41.0,"key":"Ancient Potion"},{"floor":47.0,"key":"BottledMiracle"},{"floor":54.0,"key":"AttackPotion"}],"is_trial":false,"path_per_floor":["M","$","?","?","M","E","M","M","T","R","AVR","M","M","M","R","B",null,"M","AVR","?","?","M","R","?","M","T","?","$","?","R","NM","R","B",null,"M","?","M","$","M","R","E","R","T","E","?","?","M","AVR","R","B",null,"R","$","E","B"],"character_chosen":"WATCHER","items_purchased":["PathToVictory","MarkedMod:Acupuncture","MarkedMod:PinPointDefense","Dota2Spire:AssaultCuirass","MerchantsRug","Mind Blast","PathToVictory","EmptyBody","Happy Flower","LikeWater","DeusExMachina"],"campfire_rested":6,"item_purchase_floors":[0,2,2,2,28,28,28,28,38,38,53],"current_hp_per_floor":[72,72,72,72,73,48,49,68,68,68,68,35,20,36,58,41,75,72,72,72,72,73,73,73,78,78,78,78,78,78,69,79,48,80,47,47,47,47,40,64,14,39,39,22,22,85,76,76,86,38,87,87,87,38,0,0],"gold":39,"neow_bonus":"","is_daily":false,"chose_seed":false,"campfire_upgraded":2,"win_rate":0.0,"timestamp":1608970222,"path_taken":["M","$","?","?","M","E","?","M","T","R","AVR","M","M","M","R","BOSS","M","AVR","?","?","M","R","?","M","T","?","$","?","R","NM","R","BOSS","M","?","?","$","M","R","E","R","T","E","?","?","M","AVR","R","BOSS","R","$","E","BOSS"],"items_purchased_type":["Card","Card","Card","Relic","Relic","Card","Card","Card","Relic","Card","Card"],"build_version":"2020-12-22","purchased_purges":0,"victory":false,"max_hp_per_floor":[72,72,72,72,73,79,80,71,71,71,71,72,73,74,74,75,75,76,76,76,76,77,77,77,78,78,78,78,78,78,79,79,80,80,81,81,82,82,83,83,84,84,84,85,85,85,86,86,86,87,87,87,87,88,88,88],"card_choices":[{"not_picked":["Clash","FlyingSleeves"],"picked":"FearNoEvil","floor":1.0},{"not_picked":["FollowUp","SashWhip"],"picked":"PathToVictory","floor":5.0},{"not_picked":["Warcry","FollowUp"],"picked":"Seeing Red","floor":6.0},{"not_picked":["EmptyFist","Scrape"],"picked":"FlyingSleeves","floor":7.0},{"not_picked":["Searing Blow","BootSequence"],"picked":"MarkedMod:GracefulMovements","floor":8.0},{"not_picked":["Intimidate","Impatience"],"picked":"FollowUp","floor":12.0},{"not_picked":["EmptyFist","Tantrum"],"picked":"EmptyBody","floor":13.0},{"not_picked":["Clash","Warcry"],"picked":"Prostrate","floor":14.0},{"not_picked":["Tools of the Trade","Wraith Form v2"],"picked":"Wish","floor":16.0},{"not_picked":["Reckless Charge","Tactician"],"picked":"FlyingSleeves+1","floor":18.0},{"not_picked":["SashWhip","CutThroughFate"],"picked":"PathToVictory+1","floor":22.0},{"not_picked":["FlyingSleeves","SashWhip"],"picked":"Envenom","floor":25.0},{"not_picked":["Stack","Indignation"],"picked":"Creative AI","floor":31.0},{"not_picked":["Machine Learning","Doppelganger"],"picked":"Wish","floor":33.0},{"not_picked":["Clash+1","InnerPeace+1"],"picked":"FearNoEvil+1","floor":35.0},{"not_picked":["Meditate","Stack"],"picked":"CutThroughFate+1","floor":37.0},{"not_picked":["FlyingSleeves","Scrape+1"],"picked":"FollowUp+1","floor":39.0},{"not_picked":["Devotion","PathToVictory"],"picked":"Prostrate+1","floor":41.0},{"not_picked":["ConjureBlade","EmptyFist+1"],"picked":"Panache","floor":44.0},{"not_picked":["MarkedMod:Acupuncture","Underhanded Strike"],"picked":"Intimidate+1","floor":47.0},{"not_picked":["Nirvana","ConjureBlade"],"picked":"Impatience+1","floor":54.0}],"player_experience":307587,"relics_obtained":[{"floor":6.0,"key":"aspiration:Lifesprig"},{"floor":26.0,"key":"hubris:ToyBattleship"},{"floor":31.0,"key":"Omamori"},{"floor":41.0,"key":"Nunchaku"},{"floor":43.0,"key":"Dota2Spire:MonkeyKingBar"},{"floor":44.0,"key":"Centennial Puzzle"},{"floor":54.0,"key":"hubris:SlimyHat"}],"event_choices":[{"damage_healed":0.0,"max_hp_gain":0.0,"max_hp_loss":0.0,"gold_gain":0.0,"event_name":"FaceTrader","player_choice":"Trade","floor":4.0,"gold_loss":0.0,"damage_taken":0.0,"relics_obtained":["FaceOfCleric"]},{"damage_healed":0.0,"max_hp_gain":0.0,"max_hp_loss":0.0,"gold_gain":0.0,"cards_transformed":["Strike_P"],"event_name":"Transmorgrifier","player_choice":"Transformed","floor":20.0,"gold_loss":0.0,"damage_taken":0.0,"cards_obtained":["ConjureBlade"]},{"cards_removed":["ConjureBlade"],"damage_healed":0.0,"max_hp_gain":0.0,"max_hp_loss":0.0,"gold_gain":0.0,"event_name":"Designer","player_choice":"Upgrade and Remove","floor":21.0,"gold_loss":90.0,"damage_taken":0.0,"cards_upgraded":["Strike_P"]},{"damage_healed":0.0,"max_hp_gain":0.0,"max_hp_loss":0.0,"gold_gain":0.0,"event_name":"Accursed Blacksmith","player_choice":"Forge","floor":24.0,"gold_loss":0.0,"damage_taken":0.0,"cards_upgraded":["Wish"]},{"damage_healed":0.0,"max_hp_gain":0.0,"max_hp_loss":0.0,"gold_gain":0.0,"cards_transformed":["Strike_P"],"event_name":"Transmorgrifier","player_choice":"Transformed","floor":27.0,"gold_loss":0.0,"damage_taken":0.0,"cards_obtained":["Study"]},{"damage_healed":0.0,"max_hp_gain":0.0,"max_hp_loss":0.0,"gold_gain":0.0,"event_name":"Wheel of Change","player_choice":"Cursed","floor":29.0,"gold_loss":0.0,"damage_taken":0.0,"cards_obtained":["Decay"]},{"damage_healed":0.0,"max_hp_gain":0.0,"max_hp_loss":0.0,"gold_gain":0.0,"event_name":"The Woman in Blue","player_choice":"Bought 3 Potions","floor":36.0,"gold_loss":0.0,"damage_taken":0.0},{"damage_healed":0.0,"max_hp_gain":0.0,"max_hp_loss":0.0,"gold_gain":0.0,"event_name":"Tomb of Lord Red Mask","player_choice":"Ignored","floor":45.0,"gold_loss":0.0,"damage_taken":0.0},{"damage_healed":63.0,"max_hp_gain":0.0,"max_hp_loss":0.0,"gold_gain":0.0,"event_name":"MindBloom","player_choice":"Heal","floor":46.0,"gold_loss":0.0,"damage_taken":0.0,"cards_obtained":["Doubt"]}],"is_beta":false,"boss_relics":[{"not_picked":["aspiration:RunicSpoon","Sozu"],"picked":"Dota2Spire:Bloodstone"},{"not_picked":["aspiration:SecretTechniqueScroll","infinitespire:Cupcake"],"picked":"Pandora\u0027s Box"}],"items_purged_floors":[],"is_endless":false,"potions_floor_spawned":[1,6,8,13,18,25,41,47,54],"killed_by":"The Heart","ascension_level":0}}