{"host":"ya062ahhhuj9au1o","time":1608956995,"event":{"mods":["BaseMod","Better Third Choice","Filter the Spire","Hermit","Minty Spire (QoL Compilation)","Random Character Button","Robot Space Explorer","Somnambulant","StSLib","The Bug Knight","The Cursed","The Servant 0.9.4"],"gold_per_floor":[115,40,40,50,69,69,80,80,80,113,130,130,130,107,107,107,107],"floor_reached":16,"playtime":747,"items_purged":["Defend_S"],"score":170,"play_id":"5fc175fb-b04c-43c8-8851-c0d840cccf3b","local_time":"20201225232955","is_ascension_mode":true,"campfire_choices":[{"data":"DoubleEdge","floor":6.0,"key":"SMITH"},{"data":"KidneyShot","floor":8,"key":"SMITH"},{"floor":12,"key":"REST"},{"data":"Defend_S","floor":15,"key":"SMITH"}],"circlet_count":0,"master_deck":["AscendersBane","Strike_S","Strike_S","Strike_S","Defend_S+1","Defend_S","KidneyShot+1","Exchange","DoubleEdge+1","BottledTime","Reset","Reset","Sabotage","Foresight","Parasite"],"relics":["Uniform","PaperSwan","Mummified Hand"],"acts_visited":["Exordium"],"potions_floor_usage":[7,11],"damage_taken":[{"damage":0.0,"enemies":"Small Slimes","floor":1.0,"turns":4.0},{"damage":7.0,"enemies":"Jaw Worm","floor":4.0,"turns":4.0},{"damage":0.0,"enemies":"2 Louse","floor":5.0,"turns":2.0},{"damage":4,"enemies":"Blue Slaver","floor":7,"turns":2},{"damage":34,"enemies":"3 Sentries","floor":10,"turns":9},{"damage":7,"enemies":"Exordium Thugs","floor":11,"turns":4},{"damage":7,"enemies":"The Guardian","floor":16,"turns":5}],"seed_played":"699882931494101905","potions_obtained":[{"floor":1.0,"key":"Energy Potion"},{"floor":10,"key":"SkillPotion"},{"floor":11,"key":"Weak Potion"}],"is_trial":false,"path_per_floor":["M","$","?","M","M","R","M","R","T","E","M","R","?","?","R","B"],"character_chosen":"THE_SERVANT","items_purchased":[],"campfire_rested":1,"item_purchase_floors":[],"current_hp_per_floor":[54,54,54,47,47,47,43,43,43,9,2,18,31,31,31,24,24],"gold":107,"neow_bonus":"REMOVE_TWO","is_daily":false,"chose_seed":false,"campfire_upgraded":3,"win_rate":0.0,"timestamp":1608956995,"path_taken":["M","$","?","M","M","R","M","R","T","E","M","R","?","?","R","BOSS"],"items_purchased_type":[],"build_version":"2020-12-22","purchased_purges":1,"victory":false,"max_hp_per_floor":[54,54,54,54,54,54,54,54,54,54,54,54,54,54,54,54,54],"card_choices":[{"not_picked":["Collapse","Unruled"],"picked":"DoubleEdge","floor":1.0},{"not_picked":["Replace","TimeWarp"],"picked":"BottledTime","floor":4.0},{"not_picked":["FastForward","Rearm"],"picked":"Reset","floor":5.0},{"not_picked":["Alleviate","Potential"],"picked":"Reset","floor":7},{"not_picked":["WasteNot","ForgedInTime"],"picked":"Sabotage","floor":10},{"not_picked":["Replace","Revamp"],"picked":"Foresight","floor":11}],"player_experience":1671613,"relics_obtained":[{"floor":9,"key":"PaperSwan"},{"floor":10,"key":"Mummified Hand"}],"event_choices":[{"damage_healed":0.0,"max_hp_gain":0.0,"max_hp_loss":0.0,"gold_gain":0.0,"event_name":"betterThird:BetterSerpent","player_choice":"Ignored","floor":3.0,"gold_loss":0.0,"damage_taken":40.0},{"damage_healed":13,"gold_gain":0,"player_choice":"Healed and dodged fight","damage_taken":0,"max_hp_gain":0,"max_hp_loss":0,"event_name":"Mushrooms","floor":13,"gold_loss":0,"cards_obtained":["Parasite"]},{"damage_healed":0,"gold_gain":0,"player_choice":"Left","damage_taken":0,"max_hp_gain":0,"max_hp_loss":0,"event_name":"betterThird:BetterGoop","floor":14,"gold_loss":23}],"is_beta":false,"boss_relics":[],"items_purged_floors":[2],"is_endless":false,"potions_floor_spawned":[1,10,11],"killed_by":"The Guardian","ascension_level":14}}