{"host":"p9jk0mlyvhgdzcz4","time":1608955547,"event":{"mods":["BaseMod","Colored Map","Minty Spire (QoL Compilation)","Quick Restart","SuperFastMode"],"gold_per_floor":[112,112,131,131,131,131,174,174,200,200,221,257,257,328,328,448,448,472,472,492,517,517,557,572,572,572,591,516,516,285,306,306,429,429,443,457,457,202,162,178,31,31,112,112,112,446,469,0,0,0,0],"floor_reached":50,"playtime":2736,"items_purged":["Endless Agony","Setup"],"score":601,"play_id":"38e8ff8a-bce7-4479-bc76-0ce7c3948335","local_time":"20201225220547","is_ascension_mode":false,"campfire_choices":[{"floor":6,"key":"RECALL"},{"data":"Neutralize","floor":8,"key":"SMITH"},{"data":"Noxious Fumes","floor":10,"key":"SMITH"},{"floor":13,"key":"REST"},{"data":"Survivor","floor":15,"key":"SMITH"},{"data":"Catalyst","floor":25,"key":"SMITH"},{"floor":29,"key":"REST"},{"data":"Noxious Fumes","floor":32,"key":"SMITH"},{"floor":42,"key":"REST"},{"data":"Blur","floor":45,"key":"SMITH"},{"floor":49,"key":"REST"}],"circlet_count":0,"master_deck":["Survivor+1","Neutralize+1","Noxious Fumes+1","Bullet Time","Blur+1","Quick Slash","Venomology","Outmaneuver","Leg Sweep+1","Tools of the Trade","Catalyst+1","Noxious Fumes+1","Caltrops","Envenom","Madness","Madness","Catalyst+1","Corpse Explosion","Cloak And Dagger+1"],"relics":["Ring of the Snake","NeowsBlessing","Golden Idol","Meat on the Bone","Pantograph","MealTicket","Kunai","Pandora\u0027s Box","CultistMask","Lizard Tail","Dream Catcher","Bronze Scales","Black Star","DollysMirror","Letter Opener","Old Coin","Snake Skull","Red Mask"],"acts_visited":["Exordium","TheCity","TheBeyond"],"potions_floor_usage":[16,18,20,23,23,23,31,33,35,36,40,44,47,47,50,50],"damage_taken":[{"damage":0,"enemies":"Jaw Worm","floor":1,"turns":1},{"damage":0,"enemies":"Small Slimes","floor":3,"turns":1},{"damage":0,"enemies":"Gremlin Nob","floor":7,"turns":1},{"damage":0,"enemies":"2 Louse","floor":11,"turns":3},{"damage":33,"enemies":"3 Sentries","floor":12,"turns":9},{"damage":51,"enemies":"Slime Boss","floor":16,"turns":14},{"damage":0,"enemies":"Spheric Guardian","floor":18,"turns":6},{"damage":3,"enemies":"Chosen","floor":20,"turns":6},{"damage":2,"enemies":"Snecko","floor":21,"turns":8},{"damage":54,"enemies":"Slavers","floor":23,"turns":5},{"damage":6,"enemies":"Centurion and Healer","floor":24,"turns":8},{"damage":8,"enemies":"Snake Plant","floor":27,"turns":5},{"damage":12,"enemies":"Shelled Parasite and Fungi","floor":31,"turns":5},{"damage":22,"enemies":"Automaton","floor":33,"turns":10},{"damage":13,"enemies":"Orb Walker","floor":35,"turns":5},{"damage":3,"enemies":"3 Shapes","floor":36,"turns":5},{"damage":18,"enemies":"Jaw Worm Horde","floor":40,"turns":5},{"damage":13,"enemies":"Reptomancer","floor":44,"turns":2},{"damage":3,"enemies":"Nemesis","floor":46,"turns":5},{"damage":2,"enemies":"Writhing Mass","floor":47,"turns":5},{"damage":110,"enemies":"Awakened One","floor":50,"turns":13}],"seed_played":"1565388625610707517","potions_obtained":[{"floor":1,"key":"SpeedPotion"},{"floor":7,"key":"BlessingOfTheForge"},{"floor":11,"key":"Weak Potion"},{"floor":16,"key":"CunningPotion"},{"floor":40,"key":"DuplicationPotion"},{"floor":47,"key":"SkillPotion"}],"is_trial":false,"path_per_floor":["M","?","M","?","$","R","E","R","T","R","M","E","R","T","R","B",null,"M","?","M","M","?","E","M","R","T","M","?","R","$","M","R","B",null,"M","M","?","$","?","M","$","R","T","E","R","E","M","?","R","B"],"character_chosen":"THE_SILENT","items_purchased":["Bronze Scales","DollysMirror","Corpse Explosion"],"campfire_rested":4,"item_purchase_floors":[30,38,41],"current_hp_per_floor":[70,53,53,50,50,50,50,50,50,50,50,29,50,50,50,31,70,70,70,67,65,65,23,29,29,29,33,33,54,69,57,57,48,70,57,54,45,60,60,42,57,70,70,57,57,54,52,52,70,0,0],"gold":0,"neow_bonus":"THREE_ENEMY_KILL","is_daily":false,"chose_seed":false,"campfire_upgraded":6,"win_rate":0.0,"timestamp":1608955547,"path_taken":["M","?","M","?","?","R","E","R","T","R","M","E","R","?","R","BOSS","M","?","M","M","?","E","?","R","T","?","?","R","?","M","R","BOSS","M","M","?","$","?","M","$","R","T","E","R","E","?","?","R","BOSS"],"items_purchased_type":["Relic","Relic","Card"],"build_version":"2020-12-22","purchased_purges":2,"victory":false,"max_hp_per_floor":[70,70,70,70,70,70,70,70,70,70,70,70,70,70,70,70,70,70,70,70,70,70,70,70,70,70,70,70,70,70,70,70,70,70,70,70,70,70,70,70,70,70,70,70,70,70,70,70,70,70,70],"card_choices":[{"not_picked":["Terror","Acrobatics","Underhanded Strike"],"picked":"SKIP","floor":1},{"not_picked":["All Out Attack","Blade Dance"],"picked":"Noxious Fumes","floor":3},{"not_picked":["Malaise","Underhanded Strike","Distraction"],"picked":"SKIP","floor":7},{"not_picked":["Distraction","Well Laid Plans","Flying Knee"],"picked":"SKIP","floor":11},{"not_picked":["Dagger Throw","Well Laid Plans","Tactician"],"picked":"SKIP","floor":12},{"not_picked":["Doppelganger","Glass Knife"],"picked":"Bullet Time","floor":16},{"not_picked":["Flying Knee","Choke","Backflip+1"],"picked":"SKIP","floor":18},{"not_picked":["Blade Dance","Dodge and Roll"],"picked":"Catalyst","floor":20},{"not_picked":["Backflip","Finisher"],"picked":"Noxious Fumes","floor":21},{"not_picked":["Escape Plan","Concentrate+1","Quick Slash"],"picked":"SKIP","floor":23},{"not_picked":["Terror","Sucker Punch+1","Heel Hook+1"],"picked":"SKIP","floor":24},{"not_picked":["Predator","Acrobatics","Blade Dance"],"picked":"SKIP","floor":27},{"not_picked":["Heel Hook","Setup+1"],"picked":"Caltrops","floor":29},{"not_picked":["Prepared","All Out Attack","Dagger Spray+1"],"picked":"SKIP","floor":31},{"not_picked":["Storm of Steel","Night Terror"],"picked":"Envenom","floor":33},{"not_picked":["Calculated Gamble","Underhanded Strike","Backflip"],"picked":"SKIP","floor":35},{"not_picked":["Escape Plan+1","Dodge and Roll","Backflip"],"picked":"SKIP","floor":36},{"not_picked":["PiercingWail+1","Bane","A Thousand Cuts"],"picked":"SKIP","floor":40},{"not_picked":["Quick Slash","Dodge and Roll","Acrobatics+1"],"picked":"SKIP","floor":46},{"not_picked":["Escape Plan","Terror","Deflect+1"],"picked":"SKIP","floor":47},{"not_picked":["Dagger Throw","Dagger Spray+1"],"picked":"Cloak And Dagger+1","floor":49}],"player_experience":15012,"relics_obtained":[{"floor":7,"key":"Pantograph"},{"floor":12,"key":"MealTicket"},{"floor":14,"key":"Kunai"},{"floor":23,"key":"Lizard Tail"},{"floor":26,"key":"Dream Catcher"},{"floor":43,"key":"Letter Opener"},{"floor":46,"key":"Old Coin"},{"floor":46,"key":"Snake Skull"}],"event_choices":[{"damage_healed":0,"gold_gain":0,"player_choice":"Take Damage","damage_taken":17,"relics_obtained":["Golden Idol"],"max_hp_gain":0,"max_hp_loss":0,"event_name":"Golden Idol","floor":2,"gold_loss":0},{"damage_healed":0,"gold_gain":0,"player_choice":"Success","damage_taken":3,"relics_obtained":["Meat on the Bone"],"max_hp_gain":0,"max_hp_loss":0,"event_name":"Scrap Ooze","floor":4,"gold_loss":0},{"cards_removed":["Tools of the Trade"],"damage_healed":0,"gold_gain":0,"player_choice":"Elegance","damage_taken":0,"max_hp_gain":0,"max_hp_loss":0,"event_name":"Back to Basics","floor":19,"gold_loss":0},{"damage_healed":0,"gold_gain":0,"player_choice":"Trade","damage_taken":0,"relics_obtained":["CultistMask"],"max_hp_gain":0,"max_hp_loss":0,"event_name":"FaceTrader","floor":22,"gold_loss":0},{"cards_removed":["Accuracy"],"damage_healed":0,"gold_gain":0,"player_choice":"Gave Gold","damage_taken":0,"max_hp_gain":0,"max_hp_loss":0,"event_name":"Beggar","floor":28,"gold_loss":75},{"damage_healed":0,"gold_gain":0,"player_choice":"Embrace Madness","damage_taken":9,"max_hp_gain":0,"max_hp_loss":0,"event_name":"Winding Halls","floor":37,"gold_loss":0,"cards_obtained":["Madness","Madness"]},{"damage_healed":0,"gold_gain":0,"player_choice":"Upgrade","damage_taken":0,"max_hp_gain":0,"max_hp_loss":0,"event_name":"Designer","floor":39,"gold_loss":40,"cards_upgraded":["Leg Sweep"]},{"damage_healed":0,"gold_gain":0,"player_choice":"Paid","damage_taken":0,"relics_obtained":["Red Mask"],"max_hp_gain":0,"max_hp_loss":0,"event_name":"Tomb of Lord Red Mask","floor":48,"gold_loss":469}],"is_beta":false,"boss_relics":[{"not_picked":["Runic Dome","Cursed Key"],"picked":"Pandora\u0027s Box"},{"not_picked":["Coffee Dripper","Sozu"],"picked":"Black Star"}],"items_purged_floors":[30,38],"is_endless":false,"potions_floor_spawned":[1,7,11,16,20,21,27,33,35,40,47],"killed_by":"Awakened One","ascension_level":0}}