{"host":"f5h077e5av00giy4","time":1608958301,"event":{"mods":["Act Like it!","Aspiration","BaseMod","Colored Powertips","Conspire","Decade(王小明)","Hermit","Hunter 猎人","KinomotoSakuraMod(木之本樱)","Koishi","KomeijiMod","Marisa（F雨　魔理沙）","Minty Spire (QoL Compilation)","MostiFishMod","Pale of the Ancients","Quick Restart","Reimu（博丽灵梦）","Relic Stats","Remilia（蕾米莉亚）","Replay The Spire","RumiaBox-露米娅的神秘盒子","Shop Mod","Spicy Shops","StSLib","TestMod","The Alterego","The Gatherer","The Mystic","The Poker Player","The Runesmith","The Servant 0.9.4","TheWitcher","Yakumo Yukari mod","Youmu（魂魄妖梦）","Yuyuko","noobMod","vexMod","【功能Mod】聪明的最终Boss","【遗物卡牌】REMEMod","篝火指南"],"gold_per_floor":[117,117,117,131,131,163,10009,10044,10044,10056,10085,8535,8554,8581,7171,7245,7245,7257,7291,7306,7315,7334,7373,7399,6728,6773,5615,5640,5702,5726,5748,5220,5305,5305,5332,5350,5456,5456,5480,5480,5480,5517,5517,5540,5540,4175,4215,4245,4245,4245,4245,4272,4299,4323,4332,3388,3432,2976,2976,2976,3320],"floor_reached":62,"playtime":3894,"items_purged":[],"score":3717,"play_id":"92f52af5-30be-4b7e-b6c9-a335e6442dc2","local_time":"20201226125141","is_ascension_mode":true,"campfire_choices":[{"floor":49.0,"key":"RECALL"}],"circlet_count":0,"master_deck":["Strike_R","Strike_R","Strike_R","Strike_R","Strike_R","Defend_R","Defend_R","Defend_R","Defend_R","Bash+1","Runesmith:MetallurgicalResearch","Twin Strike","Sever Soul","Inflame","Armaments","Replay:Undeath\u0027s Touch","REME_Scribble","christmas-Famine","conspire:Charge","Replay:Undeath\u0027s Touch+1","MostiFishMod:CullingBlade+1","Pommel Strike+1","Cleave+1","MostiFishMod:PerfectStrikeMKII+1","Body Slam+1","christmas-Plague","ReplayTheSpireMod:Strike From Hell+1","Thunderclap+2","MostiFishMod:UltimateDefense+1","Life Link","testmod-SelfRegulatingSystem","Dual Wield","MostiFishMod:FlyOverUtopia+1","testmod-Recap+1","Corruption+1","ReplayTheSpireMod:Corrosion Curse","Dark Embrace","Bloodletting","Rupture+1","MostiFishMod:WingOfPhoenix+1","Shrug It Off","ReplayTheSpireMod:Corrosion Curse","REME_PuzzleBox+1","Barricade+1","Metallicize+1","REME_FearOfPain+1","Heavy Blade+1","REME_BattleFury+1","Berserk+1","Perfected Strike+1","Madness","Madness","Berserk+1","MostiFishMod:RacingGame+1","ReplayTheSpireMod:Stacked+1","Heavy Blade+1","MostiFishMod:OrdinaryWorld+1","testmod-Recap+1","Perfected Strike+1","Rupture+1","Heavy Blade+1","MostiFishMod:Kaleido+1","Reaper+1"],"relics":["Burning Blood","ice","DaveBox","testmod-TestBox","REME_ComplimentaryCards","testmod-GiftOfSatan","DiscerningMonocle","SynthV:TestCard","Chameleon Ring","Molten Egg 2","SnafuTest:CatRelic","Akabeko","testmod-Hope","testmod-AssaultLearning","testmod-ArcanaOfDestiny","ReplayTheSpireMod:Ninjato","MerchantsRug","testmod-Antiphasic","testmod-Muramasa","Replay:Accelerometer","BrkXgEgg","Boot","Snack Pack","TheAbacus","RhineSuit","Red Mask","Divine Protection","Runesmith:Locket","Frozen Egg 2","CeramicFish","MoreBug","REME_PuzzleBoxRelic","Potion Belt","Medical Kit","Tiny Chest","ReplayTheSpireMod:TigerMarble","vexMod:Spyglass","MagicDraw3","Calipers","Replay:Bronze Core","SnafuTest:BearRelic","Bag of Preparation","testmod-Nyarlathotep","OrangePellets","MetatronsCube","conspire:Dentures","Pet Ghost","Regal Pillow","ShirouKen","aspiration:Lifesprig","conspire:DeflatedDodgeball","Omamori","Sling","Dodecahedron","ImprovedEquipment","Red Skull","BirthdayGift-Tetrahedron","aspiration:SeaSaltIceCream","MawBank","Replay:Baseball","testmod-Maize","PureWhite:ReiMu","DollysMirror","paleoftheancients:Timepiece","paleoftheancients:KeyRelic","CultistMask","paleoftheancients:SoulOfTheIroncluck","paleoftheancients:BlurryLens","BirthdayGift-Icosahedron","testmod-TheFather","Lantern","Chemical X","conspire:InfiniteJournal","MagicDraw1","vexMod:PaidLearning","testmod-CasingShield","ClockworkSouvenir","MagicDraw4","testmod-TurbochargingSystem","Iron Hammer","Cauldron","Whetstone","SynthV","Letter Opener","aspiration:FrozenJewel"],"acts_visited":["Exordium","TheCity","TheBeyond","paleoftheancients:PaleOfTheAncients"],"potions_floor_usage":[51],"damage_taken":[{"damage":14.0,"enemies":"Jaw Worm","floor":1.0,"turns":3.0},{"damage":12.0,"enemies":"Small Slimes","floor":4.0,"turns":3.0},{"damage":37.0,"enemies":"Lagavulin","floor":6.0,"turns":5.0},{"damage":2.0,"enemies":"Cultist","floor":7.0,"turns":2.0},{"damage":8.0,"enemies":"Gremlin Nob","floor":8.0,"turns":3.0},{"damage":0.0,"enemies":"Red Slaver","floor":10.0,"turns":1.0},{"damage":5.0,"enemies":"Lagavulin","floor":11.0,"turns":3.0},{"damage":0.0,"enemies":"Looter","floor":13.0,"turns":1.0},{"damage":0.0,"enemies":"Gremlin Nob","floor":14.0,"turns":1.0},{"damage":21.0,"enemies":"The Guardian","floor":16.0,"turns":3.0},{"damage":0.0,"enemies":"Chosen","floor":18.0,"turns":1.0},{"damage":2.0,"enemies":"Masked Bandits","floor":19.0,"turns":1.0},{"damage":4.0,"enemies":"conspire:FuzzyDice","floor":20.0,"turns":1.0},{"damage":0.0,"enemies":"Centurion and Healer","floor":22.0,"turns":1.0},{"damage":0.0,"enemies":"REME_1_Revenger","floor":23.0,"turns":2.0},{"damage":0.0,"enemies":"conspire:HollyBat","floor":24.0,"turns":6.0},{"damage":0.0,"enemies":"Shelled Parasite and Fungi","floor":28.0,"turns":1.0},{"damage":0.0,"enemies":"Slavers","floor":29.0,"turns":2.0},{"damage":0.0,"enemies":"Snecko","floor":30.0,"turns":2.0},{"damage":0.0,"enemies":"3 Cultists","floor":31.0,"turns":2.0},{"damage":17.0,"enemies":"Collector","floor":33.0,"turns":6.0},{"damage":0.0,"enemies":"Orb Walker","floor":35.0,"turns":2.0},{"damage":0.0,"enemies":"R_Hoarder","floor":42.0,"turns":2.0},{"damage":8.0,"enemies":"3 Shapes","floor":44.0,"turns":1.0},{"damage":0.0,"enemies":"Giant Head","floor":47.0,"turns":1.0},{"damage":78.0,"enemies":"Time Eater","floor":50.0,"turns":19.0},{"damage":16,"enemies":"Donu and Deca","floor":51,"turns":5},{"damage":3,"enemies":"Donu and Deca","floor":52,"turns":2},{"damage":0,"enemies":"Donu and Deca","floor":53,"turns":1},{"damage":0,"enemies":"paleoftheancients:BASlime2","floor":54,"turns":1},{"damage":0,"enemies":"paleoftheancients:BASlime2","floor":57,"turns":1},{"damage":1,"enemies":"paleoftheancients:N","floor":61,"turns":2}],"seed_played":"-776215841134422528","potions_obtained":[{"floor":6.0,"key":"Venom Potion"},{"floor":8.0,"key":"Doom Potion"},{"floor":13.0,"key":"Explosive Potion"},{"floor":16.0,"key":"Block Potion"},{"floor":29.0,"key":"GrandPatriotsElixir:ReiMu"},{"floor":30.0,"key":"Block Potion"},{"floor":31.0,"key":"Fruit Juice"},{"floor":33.0,"key":"ZuzhouPotion:ReiMu"},{"floor":54,"key":"LifebloodPotion"}],"is_trial":false,"path_per_floor":["M","?","?","M","$","E","M","E","T","M","E","R","M","E","R","B",null,"M","?","M","$","M","E","M","R","T","R","M","E","M","M","R","B",null,"M","?","$","T","T","T","T","E","T","M","$","R","E","$","R","B","B","M","M","M","$","R","M","R","$","?","B",null],"character_chosen":"IRONCLAD","items_purchased":["Molten Egg 2","Orrery","testmod-ArcanaOfDestiny","ReplayTheSpireMod:Ninjato","vexMod:TimeEaterHat","MerchantsRug","testmod-Antiphasic","testmod-Muramasa","testmod-SelfRegulatingSystem","BrkXgEgg","Boot","Snack Pack","aspiration:HummingbirdHeart","TheAbacus","testmod-Recap+1","Divine Protection","Runesmith:Locket","Frozen Egg 2","CeramicFish","Rupture+1","REME_PuzzleBoxRelic","Potion Belt","Medical Kit","Tiny Chest","ReplayTheSpireMod:TigerMarble","vexMod:Spyglass","MagicDraw3","vexMod:FocusSash","REME_PuzzleBox+1","REME_BattleFury+1","Calipers","SnafuTest:BearRelic","Bag of Preparation","testmod-Nyarlathotep","OrangePellets","Berserk+1","MetatronsCube","Omamori","Sling","Dodecahedron","ImprovedEquipment","Red Skull","BirthdayGift-Tetrahedron","MostiFishMod:OrdinaryWorld+1","Replay:Baseball","testmod-Maize","PureWhite:ReiMu","DollysMirror","BirthdayGift-Icosahedron","testmod-TheFather","Lantern","Chemical X","conspire:InfiniteJournal","MostiFishMod:Kaleido+1","MagicDraw1","vexMod:PaidLearning","testmod-CasingShield","ClockworkSouvenir","MagicDraw4","testmod-TurbochargingSystem","Iron Hammer","Cauldron","Whetstone","SynthV","Letter Opener","aspiration:FrozenJewel"],"campfire_rested":0,"item_purchase_floors":[5,5,12,12,12,12,12,12,12,15,15,15,15,15,15,21,21,21,21,21,25,25,25,25,27,27,27,27,27,32,32,37,37,37,37,37,37,45,45,45,45,46,46,48,48,48,48,48,55,55,55,55,55,55,56,56,56,56,58,58,59,59,59,59,59,59],"current_hp_per_floor":[82,56,56,52,52,35,59,69,69,84,98,98,98,98,98,100,100,100,102,102,102,102,104,104,104,104,104,111,116,116,116,116,123,123,123,101,101,101,101,101,101,111,111,123,123,123,135,135,135,137,139,141,143,143,143,143,149,149,149,149,149],"gold":3320,"neow_bonus":"TEN_PERCENT_HP_BONUS","is_daily":false,"chose_seed":false,"campfire_upgraded":0,"win_rate":0.0,"timestamp":1608958301,"path_taken":["M","?","?","M","$","E","R","E","T","M","E","R","M","E","R","BOSS","M","?","M","$","M","E","M","R","T","R","M","E","M","M","R","BOSS","M","?","$","?","?","?","?","E","T","M","$","R","E","$","R","BOSS","BOSS","M","M","?","$","R","M","R","$","?","BOSS"],"items_purchased_type":["Relic","Relic","Relic","Relic","Relic","Relic","Relic","Relic","Card","Relic","Relic","Relic","Relic","Relic","Card","Relic","Relic","Relic","Relic","Card","Relic","Relic","Relic","Relic","Relic","Relic","Relic","Relic","Card","Card","Relic","Relic","Relic","Relic","Relic","Card","Relic","Relic","Relic","Relic","Relic","Relic","Relic","Card","Relic","Relic","Relic","Relic","Relic","Relic","Relic","Relic","Relic","Card","Relic","Relic","Relic","Relic","Relic","Relic","Relic","Relic","Relic","Relic","Relic","Relic"],"build_version":"2020-12-22","purchased_purges":0,"victory":true,"max_hp_per_floor":[82,82,82,84,84,86,88,88,88,93,98,98,98,98,98,100,100,100,102,102,102,102,104,104,104,104,104,111,116,116,116,116,123,123,123,123,123,123,123,123,123,123,123,132,132,132,135,135,135,137,139,141,143,143,143,143,149,149,149,149,149],"relic_stats":{"Regal Pillow":0,"counters":[32,87],"CeramicFish":225,"Bag of Preparation":[30],"Whetstone":["Thunderclap","Bash"],"Letter Opener":[19],"Boot":[698],"Medical Kit":[3],"MawBank":12,"Burning Blood":69,"OrangePellets":[18],"TheAbacus":[42],"Tiny Chest":0,"Chemical X":[1],"obtain_stats":[{"Replay:Accelerometer":14,"Divine Protection":21,"Calipers":32,"ShirouKen":41,"CeramicFish":21,"Runesmith:Locket":21,"ice":0,"BirthdayGift-Icosahedron":55,"Whetstone":59,"MagicDraw4":58,"Boot":15,"MagicDraw3":27,"Sling":45,"MagicDraw1":56,"DollysMirror":48,"Replay:Bronze Core":34,"Iron Hammer":59,"MoreBug":23,"SnafuTest:BearRelic":37,"conspire:Dentures":38,"MerchantsRug":12,"testmod-Maize":48,"paleoftheancients:KeyRelic":51,"testmod-TestBox":0,"Dodecahedron":45,"vexMod:TimeEaterHat":12,"vexMod:PaidLearning":56,"aspiration:SeaSaltIceCream":47,"Letter Opener":59,"Akabeko":8,"aspiration:FrozenJewel":59,"paleoftheancients:Timepiece":51,"OrangePellets":37,"Replay:Baseball":48,"testmod-GiftOfSatan":0,"Molten Egg 2":5,"CultistMask":51,"ReplayTheSpireMod:TigerMarble":27,"MetatronsCube":37,"paleoftheancients:SoulOfTheIroncluck":53,"Regal Pillow":40,"aspiration:Lifesprig":42,"Lantern":55,"DaveBox":0,"DiscerningMonocle":0,"SynthV":59,"RhineSuit":17,"Bag of Preparation":37,"testmod-Nyarlathotep":37,"vexMod:Spyglass":27,"Burning Blood":0,"Pet Ghost":39,"testmod-CasingShield":56,"conspire:InfiniteJournal":55,"ClockworkSouvenir":56,"Chameleon Ring":2,"TheAbacus":15,"Tiny Chest":25,"testmod-TheFather":55,"Red Mask":19,"Chemical X":55,"testmod-ArcanaOfDestiny":12,"Red Skull":46,"BirthdayGift-Tetrahedron":46,"Potion Belt":25,"testmod-Muramasa":12,"ReplayTheSpireMod:Ninjato":12,"paleoftheancients:BlurryLens":54,"ImprovedEquipment":45,"BrkXgEgg":15,"aspiration:HummingbirdHeart":15,"Omamori":45,"vexMod:FocusSash":27,"testmod-TurbochargingSystem":58,"Frozen Egg 2":21,"Medical Kit":25,"MawBank":47,"SnafuTest:CatRelic":6,"testmod-Antiphasic":12,"Cauldron":59,"PureWhite:ReiMu":48,"SynthV:TestCard":1,"testmod-AssaultLearning":11,"Orrery":5,"testmod-Hope":9,"Snack Pack":15,"REME_PuzzleBoxRelic":25,"conspire:DeflatedDodgeball":43,"REME_ComplimentaryCards":0},{"Replay:Accelerometer":9,"Divine Protection":13,"Calipers":20,"ShirouKen":22,"CeramicFish":13,"Runesmith:Locket":13,"ice":0,"BirthdayGift-Icosahedron":30,"Whetstone":31,"MagicDraw4":31,"Boot":9,"MagicDraw3":16,"Sling":24,"MagicDraw1":30,"DollysMirror":25,"Replay:Bronze Core":21,"Iron Hammer":31,"MoreBug":15,"SnafuTest:BearRelic":22,"conspire:Dentures":22,"MerchantsRug":7,"testmod-Maize":25,"paleoftheancients:KeyRelic":27,"testmod-TestBox":0,"Dodecahedron":24,"vexMod:TimeEaterHat":7,"vexMod:PaidLearning":30,"aspiration:SeaSaltIceCream":25,"Letter Opener":31,"Akabeko":5,"aspiration:FrozenJewel":31,"paleoftheancients:Timepiece":27,"OrangePellets":22,"Replay:Baseball":25,"testmod-GiftOfSatan":0,"Molten Egg 2":2,"CultistMask":27,"ReplayTheSpireMod:TigerMarble":16,"MetatronsCube":22,"paleoftheancients:SoulOfTheIroncluck":29,"Regal Pillow":22,"aspiration:Lifesprig":23,"Lantern":30,"DaveBox":0,"DiscerningMonocle":0,"SynthV":31,"RhineSuit":10,"Bag of Preparation":22,"testmod-Nyarlathotep":22,"vexMod:Spyglass":16,"Burning Blood":0,"Pet Ghost":22,"testmod-CasingShield":30,"conspire:InfiniteJournal":30,"ClockworkSouvenir":30,"Chameleon Ring":1,"TheAbacus":9,"Tiny Chest":16,"testmod-TheFather":30,"Red Mask":12,"Chemical X":30,"testmod-ArcanaOfDestiny":7,"Red Skull":24,"BirthdayGift-Tetrahedron":24,"Potion Belt":16,"testmod-Muramasa":7,"ReplayTheSpireMod:Ninjato":7,"paleoftheancients:BlurryLens":30,"ImprovedEquipment":24,"BrkXgEgg":9,"aspiration:HummingbirdHeart":9,"Omamori":24,"vexMod:FocusSash":16,"testmod-TurbochargingSystem":31,"Frozen Egg 2":13,"Medical Kit":16,"MawBank":25,"SnafuTest:CatRelic":3,"testmod-Antiphasic":7,"Cauldron":31,"PureWhite:ReiMu":25,"SynthV:TestCard":1,"testmod-AssaultLearning":7,"Orrery":2,"testmod-Hope":5,"Snack Pack":9,"REME_PuzzleBoxRelic":16,"conspire:DeflatedDodgeball":23,"REME_ComplimentaryCards":0},{"Replay:Accelerometer":22,"Divine Protection":28,"Calipers":44,"ShirouKen":52,"CeramicFish":28,"Runesmith:Locket":28,"ice":0,"BirthdayGift-Icosahedron":84,"Whetstone":85,"MagicDraw4":85,"Boot":22,"MagicDraw3":37,"Sling":55,"MagicDraw1":84,"DollysMirror":56,"Replay:Bronze Core":50,"Iron Hammer":85,"MoreBug":31,"SnafuTest:BearRelic":52,"conspire:Dentures":52,"MerchantsRug":20,"testmod-Maize":56,"paleoftheancients:KeyRelic":80,"testmod-TestBox":0,"Dodecahedron":55,"vexMod:TimeEaterHat":20,"vexMod:PaidLearning":84,"aspiration:SeaSaltIceCream":56,"Letter Opener":85,"Akabeko":16,"aspiration:FrozenJewel":85,"paleoftheancients:Timepiece":80,"OrangePellets":52,"Replay:Baseball":56,"testmod-GiftOfSatan":0,"Molten Egg 2":6,"CultistMask":80,"ReplayTheSpireMod:TigerMarble":37,"MetatronsCube":52,"paleoftheancients:SoulOfTheIroncluck":83,"Regal Pillow":52,"aspiration:Lifesprig":54,"Lantern":84,"DaveBox":0,"DiscerningMonocle":0,"SynthV":85,"RhineSuit":25,"Bag of Preparation":52,"testmod-Nyarlathotep":52,"vexMod:Spyglass":37,"Burning Blood":0,"Pet Ghost":52,"testmod-CasingShield":84,"conspire:InfiniteJournal":84,"ClockworkSouvenir":84,"Chameleon Ring":3,"TheAbacus":22,"Tiny Chest":37,"testmod-TheFather":84,"Red Mask":27,"Chemical X":84,"testmod-ArcanaOfDestiny":20,"Red Skull":55,"BirthdayGift-Tetrahedron":55,"Potion Belt":37,"testmod-Muramasa":20,"ReplayTheSpireMod:Ninjato":20,"paleoftheancients:BlurryLens":84,"ImprovedEquipment":55,"BrkXgEgg":22,"aspiration:HummingbirdHeart":22,"Omamori":55,"vexMod:FocusSash":37,"testmod-TurbochargingSystem":85,"Frozen Egg 2":28,"Medical Kit":37,"MawBank":56,"SnafuTest:CatRelic":11,"testmod-Antiphasic":20,"Cauldron":85,"PureWhite:ReiMu":56,"SynthV:TestCard":3,"testmod-AssaultLearning":20,"Orrery":6,"testmod-Hope":16,"Snack Pack":22,"REME_PuzzleBoxRelic":37,"conspire:DeflatedDodgeball":54,"REME_ComplimentaryCards":0}]},"card_choices":[{"not_picked":["Flex","Warcry"],"picked":"Twin Strike","floor":1.0},{"not_picked":["christmas-War","christmas-Plague","christmas-Death","christmas-War"],"picked":"christmas-Famine","floor":4.0},{"not_picked":["Havoc","Battle Trance","Heavy Blade","Wild Strike"],"picked":"conspire:Charge","floor":4.0},{"not_picked":["Rage","Metallicize","Clothesline+1","Heavy Blade+1"],"picked":"Replay:Undeath\u0027s Touch+1","floor":5.0},{"not_picked":["Hemokinesis+1","Armaments","Uppercut+1","Shrug It Off"],"picked":"MostiFishMod:CullingBlade+1","floor":5.0},{"not_picked":["REME_Scribble","Clothesline+1","ReplayTheSpireMod:Limb From Limb+1","Warcry"],"picked":"Pommel Strike+1","floor":5.0},{"not_picked":["REME_FearOfPain","Run Through+1","Clothesline+1","Iron Wave+1"],"picked":"Cleave+1","floor":5.0},{"not_picked":["Pummel+1","Pommel Strike+1","Iron Wave+1","REME_Cut"],"picked":"MostiFishMod:PerfectStrikeMKII+1","floor":5.0},{"not_picked":["Clothesline+1","Replay:Undeath\u0027s Touch+1","Clash+1","Twin Strike+1"],"picked":"Body Slam+1","floor":6.0},{"not_picked":["christmas-Death+1","christmas-Famine+1","christmas-War","christmas-Famine+1"],"picked":"christmas-Plague","floor":6.0},{"not_picked":["ReplayTheSpireMod:Corrosion Curse","REME_Scribble","Headbutt+1","Body Slam+1"],"picked":"ReplayTheSpireMod:Strike From Hell+1","floor":7.0},{"not_picked":["Twin Strike+1","Run Through+1","Flex","Cleave+1"],"picked":"Thunderclap+1","floor":8.0},{"not_picked":["Anger+1","Perfected Strike+1","Clash+1","Thunderclap+1"],"picked":"MostiFishMod:UltimateDefense","floor":10.0},{"not_picked":["Intimidate","MostiFishMod:TemporaryOutbreak","conspire:Purge","Warcry"],"picked":"Life Link","floor":11.0},{"not_picked":["Twin Strike+1","Pommel Strike+1","Havoc","Flex"],"picked":"Dual Wield","floor":13.0},{"not_picked":["Heavy Blade+1","Seeing Red","REME_Cut","Shrug It Off"],"picked":"MostiFishMod:FlyOverUtopia","floor":14.0},{"not_picked":["Demonic Infusion+1","Eclipse+1","MostiFishMod:DarkDeal+1","MostiFishMod:404NotFound+1"],"picked":"Corruption+1","floor":16.0},{"not_picked":["Life Link+1","Thunderclap+1","True Grit","Body Slam+1"],"picked":"ReplayTheSpireMod:Corrosion Curse","floor":18.0},{"not_picked":["Sword Boomerang+1","conspire:ExplosiveBarrier","Clash+1","Second Wind"],"picked":"Dark Embrace","floor":19.0},{"not_picked":["Twin Strike+1","ReplayTheSpireMod:Corrosion Curse","Armaments","ReplayTheSpireMod:Strike From Hell+1"],"picked":"Bloodletting","floor":20.0},{"not_picked":["Carnage+1","Rampage+1","Pommel Strike+1","Twin Strike+1"],"picked":"MostiFishMod:WingOfPhoenix+1","floor":22.0},{"not_picked":["True Grit","Cleave+1","Anger+1","Body Slam+1"],"picked":"Shrug It Off","floor":23.0},{"not_picked":["Perfected Strike+1","True Grit","Warcry+1","Thunderclap+1"],"picked":"ReplayTheSpireMod:Corrosion Curse","floor":24.0},{"not_picked":["Bloodletting","Sword Boomerang+1","Heavy Blade+1","ReplayTheSpireMod:Stacked"],"picked":"Barricade+1","floor":28.0},{"not_picked":["Thunderclap+1","True Grit","Warcry","Abandon"],"picked":"Metallicize+1","floor":29.0},{"not_picked":["Metallicize+1","Heavy Blade+1","True Grit","Iron Wave+1"],"picked":"REME_FearOfPain+1","floor":30.0},{"not_picked":["Clash+1","Run Through+1","Hemokinesis+1","Havoc"],"picked":"Heavy Blade+1","floor":31.0},{"not_picked":["Replay:Many Hands+1","MostiFishMod:404NotFound+1","REME_ACTH+1","MostiFishMod:Mania+1"],"picked":"Berserk+1","floor":33.0},{"not_picked":["Havoc","Headbutt+1","Sword Boomerang+1","Twin Strike+1"],"picked":"Perfected Strike+1","floor":35.0},{"not_picked":["Replay:Undeath\u0027s Touch+1","Body Slam+1","Spot Weakness+1","Run Through+1"],"picked":"MostiFishMod:RacingGame+1","floor":42.0},{"not_picked":["Shrug It Off","Wild Strike+1","ReplayTheSpireMod:Muscle Training","Thunderclap+1"],"picked":"ReplayTheSpireMod:Stacked+1","floor":44.0},{"not_picked":["Havoc+1","Iron Wave+1","Inflame+1","REME_FearOfPain+1"],"picked":"Heavy Blade+1","floor":47.0},{"not_picked":["Sword Boomerang+1","Flex","Clothesline+1","Armaments"],"picked":"Perfected Strike+1","floor":52},{"not_picked":["Cleave+1","ReplayTheSpireMod:Strike From Hell+1","Heavy Blade+1","Disarm+1"],"picked":"Rupture+1","floor":53},{"not_picked":["Headbutt+1","ReplayReversal","Abandon+1","Cleave+1"],"picked":"Heavy Blade+1","floor":54},{"not_picked":["Twin Strike+1","Clothesline+1","Run Through+1","Abandon"],"picked":"Reaper+1","floor":57}],"player_experience":259049,"relics_obtained":[{"floor":1.0,"key":"SynthV:TestCard"},{"floor":6.0,"key":"SnafuTest:CatRelic"},{"floor":8.0,"key":"Akabeko"},{"floor":9.0,"key":"testmod-Hope"},{"floor":11.0,"key":"testmod-AssaultLearning"},{"floor":14.0,"key":"Replay:Accelerometer"},{"floor":19.0,"key":"Red Mask"},{"floor":23.0,"key":"MoreBug"},{"floor":38.0,"key":"conspire:Dentures"},{"floor":39.0,"key":"Pet Ghost"},{"floor":40.0,"key":"Regal Pillow"},{"floor":41.0,"key":"ShirouKen"},{"floor":42.0,"key":"aspiration:Lifesprig"},{"floor":43.0,"key":"conspire:DeflatedDodgeball"},{"floor":47.0,"key":"aspiration:SeaSaltIceCream"},{"floor":53,"key":"paleoftheancients:SoulOfTheIroncluck"},{"floor":54,"key":"paleoftheancients:BlurryLens"},{"floor":57,"key":"paleoftheancients:SoulOfTheVixen"}],"event_choices":[{"damage_healed":0.0,"max_hp_gain":0.0,"max_hp_loss":0.0,"gold_gain":0.0,"event_name":"Scrap Ooze","player_choice":"Success","floor":2.0,"gold_loss":0.0,"damage_taken":26.0,"relics_obtained":["Chameleon Ring"]},{"damage_healed":0.0,"max_hp_gain":0.0,"max_hp_loss":0.0,"gold_gain":0.0,"event_name":"Masked Bandits","player_choice":"Fought Bandits","floor":19.0,"gold_loss":0.0,"damage_taken":0.0},{"damage_healed":0.0,"max_hp_gain":0.0,"max_hp_loss":0.0,"gold_gain":0.0,"event_name":"Winding Halls","player_choice":"Embrace Madness","floor":36.0,"gold_loss":0.0,"damage_taken":22.0,"cards_obtained":["Madness","Madness"]}],"is_beta":false,"boss_relics":[{"not_picked":["TimeKeys","aspiration:SecretTechniqueScroll"],"picked":"RhineSuit"},{"not_picked":["testmod-Recursion","Runesmith:UraniumAnvil"],"picked":"Replay:Bronze Core"}],"items_purged_floors":[],"is_endless":false,"potions_floor_spawned":[6,8,13,16,19,22,30,31,33,44,47,54,57],"ascension_level":20}}