{"host":"sxnl403xm2xmiyj1","time":1608963121,"event":{"mods":["AchievementEnabler","BaseMod","Colored Map","Keyboard Shortcuts","Minty Spire (QoL Compilation)","Quick Restart","StSLib","SuperFastMode"],"gold_per_floor":[115,126,138,156,156,156,182,182,182,216,5,32,47,66,66,171,171,181,192,205,205,130,130,158,158,158,158,8,21,49,65,65,164,164,180,280,4,22,41,41,51,51,51,51,86,86,5,31,31,31,31],"floor_reached":50,"playtime":1047,"items_purged":["Strike_G"],"score":750,"play_id":"29295275-d30b-4ad7-8325-a7a4e250e702","local_time":"20201226151201","is_ascension_mode":true,"campfire_choices":[{"data":"Blade Dance","floor":6.0,"key":"SMITH"},{"data":"Cloak And Dagger","floor":8.0,"key":"SMITH"},{"data":"Accuracy","floor":15.0,"key":"SMITH"},{"data":"A Thousand Cuts","floor":23.0,"key":"SMITH"},{"data":"Malaise","floor":25.0,"key":"SMITH"},{"data":"Blade Dance","floor":32.0,"key":"SMITH"},{"data":"Accuracy","floor":40.0,"key":"SMITH"},{"data":"A Thousand Cuts","floor":42.0,"key":"SMITH"},{"data":"Malaise","floor":44.0,"key":"SMITH"},{"floor":49.0,"key":"RECALL"}],"circlet_count":0,"master_deck":["Strike_G","Strike_G","Defend_G","Defend_G","Defend_G","Defend_G","Defend_G","Survivor","Neutralize","Backstab","Cloak And Dagger+1","Infinite Blades","Blade Dance+1","Cloak And Dagger","Cloak And Dagger","Accuracy+1","Blade Dance+1","Choke","A Thousand Cuts+1","Infinite Blades","Acrobatics","Malaise+1","Underhanded Strike","Expertise","Reflex","Escape Plan+1","Accuracy+1","Prepared","Malaise+1","Dagger Throw","Deflect+1","Underhanded Strike+1","A Thousand Cuts+1","Accuracy","Calculated Gamble+1"],"relics":["Ring of the Snake","FossilizedHelix","Mango","Ice Cream","Shovel","Calipers","Busted Crown","MealTicket","Singing Bowl","HoveringKite","White Beast Statue","Bottled Tornado","Boot"],"acts_visited":["Exordium","TheCity","TheBeyond"],"potions_floor_usage":[50,50],"damage_taken":[{"damage":0.0,"enemies":"2 Louse","floor":1.0,"turns":3.0},{"damage":0.0,"enemies":"Small Slimes","floor":2.0,"turns":2.0},{"damage":0.0,"enemies":"Jaw Worm","floor":3.0,"turns":2.0},{"damage":0.0,"enemies":"Exordium Wildlife","floor":4.0,"turns":4.0},{"damage":10.0,"enemies":"Lagavulin","floor":7.0,"turns":8.0},{"damage":5.0,"enemies":"3 Sentries","floor":10.0,"turns":8.0},{"damage":2.0,"enemies":"Gremlin Nob","floor":12.0,"turns":4.0},{"damage":0.0,"enemies":"3 Louse","floor":13.0,"turns":3.0},{"damage":0.0,"enemies":"Red Slaver","floor":14.0,"turns":3.0},{"damage":33.0,"enemies":"Hexaghost","floor":16.0,"turns":6.0},{"damage":0.0,"enemies":"Chosen","floor":18.0,"turns":4.0},{"damage":0.0,"enemies":"Spheric Guardian","floor":19.0,"turns":3.0},{"damage":3.0,"enemies":"Cultist and Chosen","floor":20.0,"turns":4.0},{"damage":6.0,"enemies":"Book of Stabbing","floor":24.0,"turns":5.0},{"damage":0.0,"enemies":"Chosen and Byrds","floor":29.0,"turns":4.0},{"damage":4.0,"enemies":"Gremlin Leader","floor":30.0,"turns":7.0},{"damage":0.0,"enemies":"Snecko","floor":31.0,"turns":5.0},{"damage":24.0,"enemies":"Collector","floor":33.0,"turns":5.0},{"damage":7.0,"enemies":"Orb Walker","floor":35.0,"turns":4.0},{"damage":0.0,"enemies":"3 Darklings","floor":38.0,"turns":4.0},{"damage":20.0,"enemies":"Spire Growth","floor":39.0,"turns":4.0},{"damage":22.0,"enemies":"Writhing Mass","floor":41.0,"turns":6.0},{"damage":12.0,"enemies":"Giant Head","floor":45.0,"turns":6.0},{"damage":27.0,"enemies":"Reptomancer","floor":48.0,"turns":6.0},{"damage":41,"enemies":"Donu and Deca","floor":50,"turns":5}],"seed_played":"-7332526129574968557","potions_obtained":[{"floor":1.0,"key":"DuplicationPotion"},{"floor":12.0,"key":"SpeedPotion"},{"floor":13.0,"key":"GamblersBrew"},{"floor":19.0,"key":"BlessingOfTheForge"},{"floor":30.0,"key":"SteroidPotion"},{"floor":38.0,"key":"CultistPotion"},{"floor":39.0,"key":"Poison Potion"},{"floor":45.0,"key":"FearPotion"}],"is_trial":false,"path_per_floor":["M","M","M","M","?","R","E","R","T","E","$","E","M","M","R","B",null,"M","M","M","?","?","R","E","R","T","?","$","M","E","M","R","B",null,"M","?","$","M","M","R","M","R","T","R","E","?","$","E","R","B"],"character_chosen":"THE_SILENT","items_purchased":["Accuracy","Blade Dance","Choke","Energy Potion","Reflex","Accuracy","Prepared","Malaise","Dagger Throw","Accuracy"],"campfire_rested":0,"item_purchase_floors":[11,11,11,11,28,37,37,37,37,47],"current_hp_per_floor":[49,49,49,49,54,54,58,58,58,53,53,51,51,51,51,18,71,71,71,68,68,68,68,62,62,62,62,77,77,75,75,75,53,83,78,78,93,93,73,73,51,51,51,51,41,41,56,29,29,0,0],"gold":31,"neow_bonus":"ONE_RARE_RELIC","is_daily":false,"chose_seed":false,"campfire_upgraded":9,"win_rate":0.0,"timestamp":1608963121,"path_taken":["M","M","M","M","?","R","E","R","T","E","$","E","M","M","R","BOSS","M","M","M","?","?","R","E","R","T","?","$","?","E","M","R","BOSS","M","?","$","?","M","R","M","R","T","R","E","?","?","E","R","BOSS"],"items_purchased_type":["Card","Card","Card","Potion","Card","Card","Card","Card","Card","Card"],"build_version":"2020-12-22","purchased_purges":1,"victory":false,"max_hp_per_floor":[70,70,70,70,75,75,89,89,89,89,89,89,89,89,89,89,89,89,89,89,89,89,89,89,89,89,89,89,89,91,91,91,93,93,95,95,95,95,95,95,95,95,95,95,97,97,97,97,97,97,97],"card_choices":[{"not_picked":["PiercingWail","Prepared"],"picked":"Backstab","floor":1.0},{"not_picked":["Outmaneuver","Underhanded Strike"],"picked":"Cloak And Dagger","floor":2.0},{"not_picked":["Prepared","Dodge and Roll"],"picked":"Infinite Blades","floor":3.0},{"not_picked":["Burst","Flying Knee"],"picked":"Blade Dance","floor":4.0},{"not_picked":["Quick Slash","Blur"],"picked":"Cloak And Dagger","floor":7.0},{"not_picked":["Poisoned Stab","PiercingWail"],"picked":"Cloak And Dagger","floor":10.0},{"not_picked":["Backstab","Caltrops"],"picked":"A Thousand Cuts","floor":12.0},{"not_picked":["Cloak And Dagger","Outmaneuver"],"picked":"Infinite Blades","floor":13.0},{"not_picked":["Eviscerate","PiercingWail"],"picked":"Acrobatics","floor":14.0},{"not_picked":["Burst","Night Terror"],"picked":"Malaise","floor":16.0},{"not_picked":[],"picked":"Eviscerate+1","floor":18.0},{"not_picked":[],"picked":"Underhanded Strike","floor":19.0},{"not_picked":["Expertise"],"picked":"SKIP","floor":20.0},{"not_picked":[],"picked":"Expertise","floor":20.0},{"not_picked":["Dagger Spray+1"],"picked":"SKIP","floor":24.0},{"not_picked":["Setup"],"picked":"SKIP","floor":29.0},{"not_picked":["Setup"],"picked":"Singing Bowl","floor":30.0},{"not_picked":[],"picked":"Escape Plan+1","floor":31.0},{"not_picked":["Corpse Explosion"],"picked":"Singing Bowl","floor":33.0},{"not_picked":["Outmaneuver"],"picked":"Singing Bowl","floor":35.0},{"not_picked":[],"picked":"Deflect+1","floor":38.0},{"not_picked":[],"picked":"Underhanded Strike+1","floor":39.0},{"not_picked":[],"picked":"A Thousand Cuts","floor":41.0},{"not_picked":["Slice"],"picked":"Singing Bowl","floor":45.0},{"not_picked":[],"picked":"Calculated Gamble+1","floor":48.0}],"player_experience":122294,"relics_obtained":[{"floor":7.0,"key":"Mango"},{"floor":9.0,"key":"Ice Cream"},{"floor":10.0,"key":"Shovel"},{"floor":12.0,"key":"Calipers"},{"floor":24.0,"key":"MealTicket"},{"floor":30.0,"key":"Singing Bowl"},{"floor":43.0,"key":"White Beast Statue"},{"floor":45.0,"key":"Bottled Tornado"},{"floor":48.0,"key":"Boot"}],"event_choices":[{"damage_healed":0.0,"max_hp_gain":5.0,"max_hp_loss":0.0,"gold_gain":0.0,"event_name":"Big Fish","player_choice":"Donut","floor":5.0,"gold_loss":0.0,"damage_taken":0.0},{"cards_removed":["Strike_G"],"damage_healed":0.0,"max_hp_gain":0.0,"max_hp_loss":0.0,"gold_gain":0.0,"event_name":"Back to Basics","player_choice":"Elegance","floor":21.0,"gold_loss":0.0,"damage_taken":0.0},{"cards_removed":["Strike_G"],"damage_healed":0.0,"max_hp_gain":0.0,"max_hp_loss":0.0,"gold_gain":0.0,"event_name":"Beggar","player_choice":"Gave Gold","floor":22.0,"gold_loss":75.0,"damage_taken":0.0},{"damage_healed":0.0,"max_hp_gain":0.0,"max_hp_loss":0.0,"gold_gain":0.0,"event_name":"Ghosts","player_choice":"Ignored","floor":27.0,"gold_loss":0.0,"damage_taken":0.0},{"damage_healed":0.0,"max_hp_gain":0.0,"max_hp_loss":0.0,"gold_gain":100.0,"event_name":"Golden Shrine","player_choice":"Pray","floor":36.0,"gold_loss":0.0,"damage_taken":0.0},{"cards_removed":["Eviscerate"],"damage_healed":0.0,"max_hp_gain":0.0,"max_hp_loss":0.0,"gold_gain":0.0,"event_name":"Falling","player_choice":"Removed Attack","floor":46.0,"gold_loss":0.0,"damage_taken":0.0}],"is_beta":false,"boss_relics":[{"not_picked":["Astrolabe","Cursed Key"],"picked":"Busted Crown"},{"not_picked":["Philosopher\u0027s Stone","SacredBark"],"picked":"HoveringKite"}],"items_purged_floors":[28],"is_endless":false,"potions_floor_spawned":[1,12,13,19,30,38,39,45,48],"killed_by":"Donu and Deca","ascension_level":5}}