{"host":"ocy7z4248lncoz2b","time":1608947354,"event":{"mods":["BaseMod","Beaked The Cultist","Bestiary","Better Match","Better Sensory Stone","Better Third Choice","BetterRewards","Clockwork Mod","Colored Map","Colored Powertips","Conspire","Curses Come First","Downfall","Friendly Minions","Gremlin Mod","Highlight Path","Hubris","Infinite Spire","Jorbs\u0027s Wanderer Trilogy","Marisa????????","Mimic Mod","Minty Spire (QoL Compilation)","READ ME - Guardian Mod","Rare Cards Sparkle","Replay The Spire","Shop Mod","Spicy Shops","Spikes Relics","StSLib","SuperFastMode","The Administrix","The Blue Laboratory","The Construct","The Jungle","The Servant 0.9.4","The Wild Card","WarShipGirlsR/????R mod"],"gold_per_floor":[113,113,56,70,70,97,97,113,113,133,153,153,153,8,8,112,112,124,112,127,180,180,180,206,206,206,206,226,226,257,278,278,282,282],"floor_reached":33,"playtime":1252,"items_purged":["Normality"],"score":310,"play_id":"012bc498-697b-4831-ad19-53f38492b420","local_time":"20201226104914","is_ascension_mode":false,"campfire_choices":[{"data":"Genetic Algorithm","floor":7.0,"key":"SMITH"},{"data":"Beam Cell","floor":13.0,"key":"SMITH"},{"data":"Gash","floor":15.0,"key":"SMITH"},{"data":"Go for the Eyes","floor":23.0,"key":"SMITH"},{"data":"Streamline","floor":25.0,"key":"SMITH"},{"data":"Glacier","floor":27.0,"key":"SMITH"}],"circlet_count":0,"master_deck":["Strike_B","Strike_B","Strike_B","Strike_B","Defend_B","Defend_B","Defend_B","Defend_B","Zap","Dualcast","Gash+1","ReplayTheSpireMod:System Scan","Go for the Eyes","Cold Snap","Go for the Eyes+1","Turbo","BootSequence","Genetic Algorithm+1","Beam Cell+1","Glacier+1","All For One","Streamline+1","BasicCrystalCard+1","Mirror Shield","ReplayGash","ReplayTheSpireMod:Repulse"],"relics":["Cracked Core","SnailShell","Orrery","Letter Opener","conspire:DeflatedDodgeball","SacredBark","MiniBlackHole","infinitespire:Lucky Rock","Mercury Hourglass","infinitespire:Midas Blood"],"acts_visited":["Exordium","TheCity"],"potions_floor_usage":[33,33],"damage_taken":[{"damage":0.0,"enemies":"Jaw Worm","floor":1.0,"turns":5.0},{"damage":0.0,"enemies":"Cultist","floor":4.0,"turns":4.0},{"damage":9.0,"enemies":"3 Sentries","floor":6.0,"turns":9.0},{"damage":0.0,"enemies":"2 Louse","floor":8.0,"turns":3.0},{"damage":1.0,"enemies":"Gremlin Gang","floor":10.0,"turns":5.0},{"damage":0.0,"enemies":"Red Slaver","floor":11.0,"turns":3.0},{"damage":24.0,"enemies":"The Guardian","floor":16.0,"turns":20.0},{"damage":23.0,"enemies":"conspire:FuzzyDice","floor":18.0,"turns":9.0},{"damage":0.0,"enemies":"2 Thieves","floor":19.0,"turns":4.0},{"damage":5.0,"enemies":"Shelled Parasite and Fungi","floor":20.0,"turns":9.0},{"damage":0.0,"enemies":"Gremlin Leader","floor":24.0,"turns":7.0},{"damage":0.0,"enemies":"Snake Plant","floor":28.0,"turns":5.0},{"damage":15.0,"enemies":"Nightmare","floor":30.0,"turns":8.0},{"damage":10.0,"enemies":"conspire:HollyBat","floor":31.0,"turns":10.0},{"damage":31,"enemies":"Automaton","floor":33,"turns":6}],"seed_played":"-1028408052334612654","potions_obtained":[{"floor":1.0,"key":"blueLaboratory:HummingbirdPotion"},{"floor":2.0,"key":"ColorlessPotion"},{"floor":2.0,"key":"EssenceOfDarkness"},{"floor":10.0,"key":"blueLaboratory:ImpenetrablePotion"},{"floor":28.0,"key":"FocusPotion"},{"floor":31.0,"key":"blueLaboratory:AbyssPotion"}],"is_trial":false,"path_per_floor":["M","?","$","M","$","E","R","M","T","M","M","?","R","$","R","B",null,"M","M","M","T","AVR","R","E","R","T","R","M","?","NM","M","R_BF","B"],"character_chosen":"DEFECT","items_purchased":["Orrery","Glacier"],"campfire_rested":0,"item_purchase_floors":[3,14],"current_hp_per_floor":[75,75,75,75,75,66,66,66,66,65,65,65,65,65,65,41,75,52,52,47,47,47,47,47,47,47,47,47,47,32,22,22,0,0],"gold":282,"neow_bonus":"RANDOM_COMMON_RELIC","is_daily":false,"chose_seed":false,"campfire_upgraded":6,"win_rate":0.0,"timestamp":1608947354,"path_taken":["M","?","$","M","?","E","R","M","T","M","M","?","R","$","R","BOSS","M","M","?","?","AVR","R","E","R","T","R","M","?","NM","M","R_BF","BOSS"],"items_purchased_type":["Relic","Card"],"build_version":"2020-12-22","purchased_purges":1,"victory":false,"max_hp_per_floor":[75,75,75,75,75,75,75,75,75,75,75,75,75,75,75,75,75,75,75,75,75,75,75,75,75,75,75,75,75,75,75,75,75,75],"card_choices":[{"not_picked":["Defragment","ReplaySort"],"picked":"Gash","floor":1.0},{"not_picked":["BasicCrystalCard","Rebound"],"picked":"ReplayTheSpireMod:System Scan","floor":3.0},{"not_picked":["Leap","Panic Button"],"picked":"Go for the Eyes","floor":3.0},{"not_picked":["Blizzard","Capacitor"],"picked":"Cold Snap","floor":3.0},{"not_picked":["Darkness","Barrage"],"picked":"Go for the Eyes","floor":3.0},{"not_picked":["BasicCrystalCard","Auto Shields"],"picked":"Turbo","floor":3.0},{"not_picked":["Capacitor","Panic Button"],"picked":"BootSequence","floor":4.0},{"not_picked":["Sweeping Beam","Leap"],"picked":"Genetic Algorithm","floor":6.0},{"not_picked":["Machine Learning","Compile Driver"],"picked":"Beam Cell","floor":8.0},{"not_picked":["ReplayTheSpireMod:System Scan","Sweeping Beam","Rip and Tear"],"picked":"SKIP","floor":10.0},{"not_picked":["Steam","Stack","Leap"],"picked":"SKIP","floor":11.0},{"not_picked":["Meteor Strike","Electrodynamics"],"picked":"All For One","floor":16.0},{"not_picked":["ReplayTheSpireMod:Reroute Power","Stack","Panic Button"],"picked":"SKIP","floor":18.0},{"not_picked":["Go for the Eyes","Steam+1","Hello World"],"picked":"SKIP","floor":19.0},{"not_picked":["Lockon+1","Stack"],"picked":"Streamline","floor":20.0},{"not_picked":["Barrage","Stack"],"picked":"BasicCrystalCard+1","floor":24.0},{"not_picked":["Panic Button","Cold Snap"],"picked":"Mirror Shield","floor":28.0},{"not_picked":["Aggregate+1","Stack","Sunder"],"picked":"SKIP","floor":30.0},{"not_picked":["Ball Lightning+1","Rainbow"],"picked":"ReplayGash","floor":31.0}],"player_experience":314528,"relics_obtained":[{"floor":6.0,"key":"Letter Opener"},{"floor":9.0,"key":"conspire:DeflatedDodgeball"},{"floor":21.0,"key":"MiniBlackHole"},{"floor":24.0,"key":"infinitespire:Lucky Rock"},{"floor":26.0,"key":"Mercury Hourglass"},{"floor":30.0,"key":"infinitespire:Midas Blood"}],"event_choices":[{"damage_healed":0.0,"max_hp_gain":0.0,"max_hp_loss":0.0,"gold_gain":0.0,"event_name":"Lab","player_choice":"Got Potions","floor":2.0,"gold_loss":0.0,"damage_taken":0.0},{"damage_healed":0.0,"max_hp_gain":0.0,"max_hp_loss":0.0,"gold_gain":0.0,"event_name":"The Woman in Blue","player_choice":"Bought 0 Potions","floor":12.0,"gold_loss":0.0,"damage_taken":0.0}],"is_beta":false,"boss_relics":[{"not_picked":["hubris:VirtuousBlindfold","Replay:Drink Me"],"picked":"SacredBark"}],"items_purged_floors":[14],"is_endless":false,"potions_floor_spawned":[1,4,10,19,28,31],"killed_by":"Automaton","ascension_level":0}}