{"host":"lvhfn8l5bvc4nolx","time":1608984834,"event":{"mods":["AchievementEnabler","BaseMod","Colored Map","Keyboard Shortcuts","Minty Spire (QoL Compilation)","Permanent Neow","Quick Restart","SuperFastMode"],"gold_per_floor":[118,84,103,120,62,62,87,87,111,111,139,139,156,198,198,308,380,400,424,424,437,460,460,480,508,508,533,163,205,224,107,107,212,212,237,296,314,343,33,76,91,91,100,100,100,123,123,160,160,160,160,160,10,48,48],"floor_reached":56,"playtime":1941,"items_purged":["Infernal Blade","Bash","Inflame","Regret"],"score":1894,"play_id":"6de59b00-2b4e-4d24-8851-8c4a0360ec42","local_time":"20201226211354","is_ascension_mode":true,"campfire_choices":[{"data":"Apotheosis","floor":6.0,"key":"SMITH"},{"floor":8.0,"key":"REST"},{"data":"Offering","floor":15.0,"key":"SMITH"},{"floor":23.0,"key":"REST"},{"floor":32.0,"key":"REST"},{"floor":42.0,"key":"RECALL"},{"data":"Limit Break","floor":44.0,"key":"SMITH"},{"data":"Burning Pact","floor":47,"key":"SMITH"},{"data":"Offering","floor":49,"key":"SMITH"},{"data":"Limit Break","floor":52,"key":"SMITH"}],"circlet_count":0,"master_deck":["Reaper","Whirlwind","Pommel Strike","Warcry","Apotheosis+1","Offering+1","Shrug It Off","Seeing Red","Double Tap","Hemokinesis+1","Hemokinesis","Impervious+1","Reckless Charge+1","Twin Strike","Limit Break+1","Limit Break+1","Dropkick","Armaments","Shrug It Off","Disarm+1","Flex","Burning Pact+1","Flex","Battle Trance+1","Burning Pact+1","Thunderclap","Pommel Strike+1","Shockwave","Madness","Madness","Reaper","Shrug It Off+1","Reaper","Sentinel+1","Offering+1","Sentinel+1"],"relics":["Burning Blood","Vajra","Art of War","Bag of Preparation","Charon\u0027s Ashes","Akabeko","CeramicFish","Pandora\u0027s Box","Nloth\u0027s Gift","Blood Vial","Paper Frog","Frozen Egg 2","Cursed Key","FossilizedHelix","Bottled Lightning","Toolbox","Eternal Feather","Anchor","Omamori","War Paint","Whetstone"],"acts_visited":["Exordium","TheCity","TheBeyond","TheEnding"],"potions_floor_usage":[55,55],"damage_taken":[{"damage":12.0,"enemies":"Jaw Worm","floor":1.0,"turns":2.0},{"damage":0.0,"enemies":"Cultist","floor":3.0,"turns":2.0},{"damage":10.0,"enemies":"Small Slimes","floor":4.0,"turns":2.0},{"damage":28.0,"enemies":"Gremlin Nob","floor":7.0,"turns":3.0},{"damage":35.0,"enemies":"Lagavulin","floor":11.0,"turns":4.0},{"damage":10.0,"enemies":"Exordium Wildlife","floor":13.0,"turns":3.0},{"damage":2.0,"enemies":"Gremlin Nob","floor":14.0,"turns":2.0},{"damage":10.0,"enemies":"Slime Boss","floor":16.0,"turns":4.0},{"damage":6.0,"enemies":"Spheric Guardian","floor":18.0,"turns":3.0},{"damage":16.0,"enemies":"Chosen","floor":19.0,"turns":3.0},{"damage":29.0,"enemies":"Centurion and Healer","floor":21.0,"turns":4.0},{"damage":10.0,"enemies":"Cultist and Chosen","floor":22.0,"turns":3.0},{"damage":26.0,"enemies":"Snecko","floor":24.0,"turns":4.0},{"damage":31.0,"enemies":"Slavers","floor":25.0,"turns":3.0},{"damage":10.0,"enemies":"Centurion and Healer","floor":27.0,"turns":5.0},{"damage":35.0,"enemies":"Book of Stabbing","floor":29.0,"turns":4.0},{"damage":48.0,"enemies":"Snake Plant","floor":30.0,"turns":3.0},{"damage":33.0,"enemies":"Collector","floor":33.0,"turns":5.0},{"damage":6.0,"enemies":"3 Darklings","floor":35.0,"turns":1.0},{"damage":10.0,"enemies":"Mind Bloom Boss Battle","floor":36.0,"turns":3.0},{"damage":39.0,"enemies":"3 Shapes","floor":38.0,"turns":2.0},{"damage":6.0,"enemies":"Giant Head","floor":40.0,"turns":2.0},{"damage":19.0,"enemies":"Spire Growth","floor":41.0,"turns":3.0},{"damage":19,"enemies":"3 Darklings","floor":46,"turns":2},{"damage":58,"enemies":"Nemesis","floor":48,"turns":5},{"damage":47,"enemies":"Awakened One","floor":50,"turns":4},{"damage":76,"enemies":"Shield and Spear","floor":54,"turns":3},{"damage":72,"enemies":"The Heart","floor":55,"turns":5}],"seed_played":"1851752215883843738","potions_obtained":[{"floor":3.0,"key":"SteroidPotion"},{"floor":4.0,"key":"LiquidBronze"},{"floor":11.0,"key":"Strength Potion"},{"floor":13.0,"key":"DistilledChaos"},{"floor":18.0,"key":"Energy Potion"},{"floor":22.0,"key":"ElixirPotion"},{"floor":25.0,"key":"DuplicationPotion"},{"floor":35.0,"key":"Regen Potion"}],"is_trial":false,"path_per_floor":["M","$","M","M","$","R","E","R","T","?","E","T","M","E","R","B",null,"M","M","?","M","M","R","M","E","T","M","$","E","M","$","R","B",null,"M","?","?","M","$","E","M","R","T","R","$","M","R","E","R","B",null,"R","$","E","B",null],"character_chosen":"IRONCLAD","items_purchased":["Vajra","Whirlwind","Pommel Strike","Apotheosis","Offering","Orrery","Paper Frog","Flex","Thunderclap","Shrug It Off","Toolbox","War Paint"],"campfire_rested":3,"item_purchase_floors":[2,2,2,5,5,5,28,28,31,39,39,53],"current_hp_per_floor":[66,66,72,68,68,68,46,67,67,67,38,38,62,66,66,72,72,72,62,62,39,47,68,63,72,72,72,72,43,17,17,38,13,57,59,57,48,39,39,72,59,72,72,72,72,59,72,64,72,72,72,72,72,72,72],"gold":48,"neow_bonus":"THREE_RARE_CARDS","is_daily":false,"chose_seed":false,"campfire_upgraded":6,"win_rate":0.0,"timestamp":1608984834,"path_taken":["M","$","M","M","$","R","E","R","T","?","E","?","?","E","R","BOSS","M","M","?","M","M","R","M","E","T","?","$","E","M","?","R","BOSS","M","?","?","M","$","E","M","R","T","R","?","M","R","E","R","BOSS","R","$","E","BOSS"],"items_purchased_type":["Relic","Card","Card","Card","Card","Relic","Relic","Card","Card","Card","Relic","Relic"],"build_version":"2020-12-22","purchased_purges":4,"victory":true,"max_hp_per_floor":[72,72,72,72,72,72,72,72,72,72,72,72,72,72,72,72,72,72,72,72,72,72,72,72,72,72,72,72,72,72,72,72,72,72,72,72,72,72,72,72,72,72,72,72,72,72,72,72,72,72,72,72,72,72,72],"card_choices":[{"not_picked":["Offering","Double Tap"],"picked":"Reaper","floor":0.0},{"not_picked":["Clothesline","Heavy Blade","Shockwave"],"picked":"SKIP","floor":1.0},{"not_picked":["Power Through","Wild Strike"],"picked":"Inflame","floor":3.0},{"not_picked":["Armaments","Iron Wave"],"picked":"Warcry","floor":4.0},{"not_picked":["Perfected Strike","Iron Wave"],"picked":"Shrug It Off","floor":5.0},{"not_picked":["Wild Strike","True Grit"],"picked":"Seeing Red","floor":5.0},{"not_picked":["Spot Weakness","Ghostly Armor"],"picked":"Double Tap","floor":5.0},{"not_picked":["Dropkick","Power Through","Body Slam"],"picked":"SKIP","floor":7.0},{"not_picked":["Hemokinesis","Carnage","Body Slam"],"picked":"SKIP","floor":11.0},{"not_picked":["Carnage","Body Slam"],"picked":"Hemokinesis","floor":11.0},{"not_picked":["Perfected Strike","Combust","Iron Wave"],"picked":"SKIP","floor":13.0},{"not_picked":["Armaments","Brutality"],"picked":"Hemokinesis","floor":14.0},{"not_picked":["Exhume","Bludgeon"],"picked":"Impervious","floor":16.0},{"not_picked":["Spot Weakness+1","Heavy Blade","Carnage"],"picked":"SKIP","floor":18.0},{"not_picked":["Iron Wave","Headbutt+1"],"picked":"Disarm+1","floor":19.0},{"not_picked":["Twin Strike","Wild Strike","Hemokinesis+1"],"picked":"SKIP","floor":21.0},{"not_picked":["Sword Boomerang","Battle Trance"],"picked":"Flex","floor":22.0},{"not_picked":["Twin Strike","Pummel","Thunderclap"],"picked":"SKIP","floor":24.0},{"not_picked":["Juggernaut","Uppercut+1","Anger"],"picked":"SKIP","floor":25.0},{"not_picked":["Dual Wield","Infernal Blade+1"],"picked":"Burning Pact","floor":27.0},{"not_picked":["Rupture+1","Havoc"],"picked":"Battle Trance+1","floor":29.0},{"not_picked":["Warcry","Fire Breathing+1"],"picked":"Burning Pact+1","floor":30.0},{"not_picked":["True Grit","Anger+1"],"picked":"Pommel Strike+1","floor":35.0},{"not_picked":["Sword Boomerang+1","Intimidate"],"picked":"Shockwave","floor":36.0},{"not_picked":["Thunderclap","Pommel Strike"],"picked":"Reaper","floor":38.0},{"not_picked":["Feed","Searing Blow+1"],"picked":"Reaper","floor":40.0},{"not_picked":["Anger+1","Spot Weakness+1","Demon Form+1"],"picked":"SKIP","floor":41.0},{"not_picked":["Dropkick","Pommel Strike+1"],"picked":"Sentinel+1","floor":46},{"not_picked":["Rupture+1","Sword Boomerang"],"picked":"Offering","floor":48},{"not_picked":["Battle Trance+1","Ghostly Armor"],"picked":"Sentinel+1","floor":54}],"player_experience":335573,"relics_obtained":[{"floor":7.0,"key":"Art of War"},{"floor":9.0,"key":"Bag of Preparation"},{"floor":11.0,"key":"Charon\u0027s Ashes"},{"floor":12.0,"key":"Akabeko"},{"floor":14.0,"key":"CeramicFish"},{"floor":25.0,"key":"Blood Vial"},{"floor":29.0,"key":"Frozen Egg 2"},{"floor":36.0,"key":"FossilizedHelix"},{"floor":40.0,"key":"Eternal Feather"},{"floor":43.0,"key":"Anchor"},{"floor":48,"key":"Omamori"},{"floor":54,"key":"Whetstone"}],"event_choices":[{"cards_removed":["Strike_R"],"damage_healed":0.0,"max_hp_gain":0.0,"max_hp_loss":0.0,"gold_gain":0.0,"event_name":"Living Wall","player_choice":"Forget","floor":10.0,"gold_loss":0.0,"damage_taken":0.0},{"damage_healed":0.0,"max_hp_gain":0.0,"max_hp_loss":0.0,"gold_gain":0.0,"event_name":"N\u0027loth","player_choice":"Traded Relic","floor":20.0,"relics_lost":["Orrery"],"gold_loss":0.0,"damage_taken":0.0,"relics_obtained":["Nloth\u0027s Gift"]},{"damage_healed":0.0,"max_hp_gain":0.0,"max_hp_loss":0.0,"gold_gain":0.0,"event_name":"MindBloom","player_choice":"Fight","floor":36.0,"gold_loss":0.0,"damage_taken":0.0},{"damage_healed":0.0,"max_hp_gain":0.0,"max_hp_loss":0.0,"gold_gain":0.0,"event_name":"Winding Halls","player_choice":"Embrace Madness","floor":37.0,"gold_loss":0.0,"damage_taken":9.0,"cards_obtained":["Madness","Madness"]}],"is_beta":false,"boss_relics":[{"not_picked":["Sozu","Empty Cage"],"picked":"Pandora\u0027s Box"},{"not_picked":["Black Blood","Velvet Choker"],"picked":"Cursed Key"}],"items_purged_floors":[28,31,39,45],"is_endless":false,"potions_floor_spawned":[3,4,11,13,18,22,25,27,33,35,36,46,54],"ascension_level":9}}