{"host":"cccop0r9ue4xv1s4","time":1608989478,"event":{"mods":["AchievementEnabler","BaseMod","Minty Spire (QoL Compilation)","Quick Restart","Shop Mod","StSLib","SuperFastMode","The Bug Knight","The Servant 0.9.4"],"gold_per_floor":[115,115,115,9999,10013,10047,10047,10047,10070,10070,10093,10123,10136,9476,9476,9607,9607,9607,9607,8860,8860,8860,8860,8860,8860,8860,8005,8005,8005,7213,7213,7213,7213,7213,7213,6473,6173,6173,6173,6173,6173,6173,6173,5554,5554,5554,5554,5554,5554,5554],"floor_reached":51,"playtime":3367,"items_purged":["HollowMod:NailStrikeStart","HollowMod:QuickDashStart","HollowMod:NailStrikeStart"],"score":851,"play_id":"f6a8e03f-685b-4307-ab18-e731a34a01f8","local_time":"20201226213118","is_ascension_mode":true,"campfire_choices":[{"data":"HollowMod:CycloneSlash","floor":7.0,"key":"SMITH"},{"data":"HollowMod:SoulEater","floor":10.0,"key":"SMITH"},{"data":"HollowMod:HeavyBlow","floor":15.0,"key":"SMITH"},{"data":"HollowMod:SlysStrikes","floor":25,"key":"SMITH"},{"data":"HollowMod:GrimmsGift","floor":32,"key":"SMITH"},{"data":"Mayhem","floor":40,"key":"SMITH"},{"data":"HollowMod:GoodIntentions","floor":42,"key":"SMITH"},{"data":"HollowMod:ElderbugsWisdom","floor":49,"key":"SMITH"}],"circlet_count":0,"master_deck":["HollowMod:NailStrikeStart","HollowMod:NailStrikeStart+1","HollowMod:QuickDashStart","HollowMod:QuickDashStart","HollowMod:QuickDashStart+1","HollowMod:FocusHealStart","HollowMod:PogoStrike","HollowMod:CycloneSlash+1","HollowMod:SoulEater+1","HollowMod:HuntersJournal","HollowMod:HeavyBlow+1","HollowMod:Hiveblood","HollowMod:SlysStrikes+1","HollowMod:GoodIntentions+1","Finesse","HollowMod:SoulShaman+1","HollowMod:SlysStrikes+1","HollowMod:GrimmsGift+1","Mayhem+1","HollowMod:SoulVessel","HollowMod:CornifersMapStart+1","HollowMod:SoulEater","HollowMod:NewLastStag+1","HollowMod:SoulEater+1","HollowMod:BaldurShell","HollowMod:SoulSplash+1","HollowMod:ElderbugsWisdom+1"],"relics":["HollowMod:VesselMask","NeowsBlessing","Golden Idol","Bag of Marbles","Calipers","NlothsMask","Odd Mushroom","Toolbox","Ancient Tea Set","Omamori","Ectoplasm","Sling","HollowMod:KingsBrand","White Beast Statue","Eternal Feather","HollowMod:LifeEnderRelic","Strange Spoon","Centennial Puzzle","Torii","Anchor","Singing Bowl","Art of War","DollysMirror","Philosopher\u0027s Stone","MerchantsRug","Potion Belt","Pear","Gambling Chip","Orichalcum","Nunchaku","War Paint","Question Card","Lee\u0027s Waffle"],"acts_visited":["Exordium","TheCity","TheBeyond"],"potions_floor_usage":[18,18,23,23,33,35,50,50,50,50,50],"damage_taken":[{"damage":0.0,"enemies":"Jaw Worm","floor":1.0,"turns":1.0},{"damage":0.0,"enemies":"Small Slimes","floor":5.0,"turns":1.0},{"damage":0.0,"enemies":"Gremlin Nob","floor":6.0,"turns":1.0},{"damage":0.0,"enemies":"Cultist","floor":11.0,"turns":4.0},{"damage":0.0,"enemies":"The Mushroom Lair","floor":12.0,"turns":2.0},{"damage":0.0,"enemies":"3 Louse","floor":13.0,"turns":1.0},{"damage":55.0,"enemies":"The Guardian","floor":16.0,"turns":10.0},{"damage":16,"enemies":"Spheric Guardian","floor":18,"turns":4},{"damage":5,"enemies":"3 Byrds","floor":19,"turns":4},{"damage":22,"enemies":"Snake Plant","floor":22,"turns":4},{"damage":18,"enemies":"Slavers","floor":23,"turns":6},{"damage":39,"enemies":"Cultist and Chosen","floor":28,"turns":6},{"damage":12,"enemies":"Shelled Parasite and Fungi","floor":31,"turns":4},{"damage":43,"enemies":"Automaton","floor":33,"turns":7},{"damage":7,"enemies":"Orb Walker","floor":35,"turns":4},{"damage":22,"enemies":"3 Darklings","floor":38,"turns":4},{"damage":14,"enemies":"Mind Bloom Boss Battle","floor":39,"turns":5},{"damage":23,"enemies":"Nemesis","floor":41,"turns":7},{"damage":21,"enemies":"Writhing Mass","floor":45,"turns":6},{"damage":28,"enemies":"4 Shapes","floor":47,"turns":4},{"damage":8,"enemies":"HollowMod:SlobberingHusk","floor":48,"turns":5},{"damage":28,"enemies":"Awakened One","floor":50,"turns":8}],"seed_played":"2098456845524624463","potions_obtained":[{"floor":6.0,"key":"Swift Potion"},{"floor":12.0,"key":"SpeedPotion"},{"floor":16.0,"key":"SkillPotion"},{"floor":18,"key":"Energy Potion"},{"floor":22,"key":"EssenceOfSteel"},{"floor":23,"key":"CultistPotion"},{"floor":31,"key":"Fruit Juice"},{"floor":33,"key":"AttackPotion"},{"floor":35,"key":"Dexterity Potion"},{"floor":39,"key":"CultistPotion"}],"is_trial":false,"path_per_floor":["M","?","?","?","M","E","R","?","T","R","M","?","M","$","R","B",null,"M","M","$","?","M","E","?","R","T","$","M","T","$","M","R","B",null,"M","$","?","M","?","R","E","R","T","$","M","?","M","M","R","B",null],"character_chosen":"THE_BUGKNIGHT","items_purchased":["Toolbox","Ancient Tea Set","Omamori","HollowMod:Hiveblood","PowerPotion","Sling","HollowMod:KingsBrand","White Beast Statue","Finesse","Strange Spoon","Centennial Puzzle","Torii","EssenceOfSteel","SkillPotion","Singing Bowl","Art of War","DollysMirror","HollowMod:GrimmsGift","Mayhem","MerchantsRug","Potion Belt","Pear","Strength Potion","SkillPotion","HollowMod:CornifersMapStart","HollowMod:SoulEater","War Paint","Question Card","Lee\u0027s Waffle","HollowMod:BaldurShell"],"campfire_rested":0,"item_purchase_floors":[14,14,14,14,14,20,20,20,20,27,27,27,27,27,30,30,30,30,30,36,36,36,36,36,36,36,44,44,44,44],"current_hp_per_floor":[75,57,42,42,42,42,42,42,42,42,48,54,54,54,54,24,75,68,69,69,75,59,47,47,56,56,56,67,67,67,64,75,64,77,83,93,93,78,81,93,96,98,98,105,107,107,88,86,101,97],"gold":5554,"neow_bonus":"THREE_ENEMY_KILL","is_daily":false,"chose_seed":false,"campfire_upgraded":8,"win_rate":0.0,"timestamp":1608989478,"path_taken":["M","?","?","?","?","E","R","?","T","R","?","?","M","$","R","BOSS","M","M","$","?","?","E","?","R","T","?","M","?","$","M","R","BOSS","M","$","?","M","?","R","E","R","T","$","?","?","M","M","R","BOSS"],"items_purchased_type":["Relic","Relic","Relic","Card","Potion","Relic","Relic","Relic","Card","Relic","Relic","Relic","Potion","Potion","Relic","Relic","Relic","Card","Card","Relic","Relic","Relic","Potion","Potion","Card","Card","Relic","Relic","Relic","Card"],"build_version":"2020-12-22","purchased_purges":3,"victory":true,"max_hp_per_floor":[75,75,75,75,75,75,75,75,75,75,75,75,75,75,75,75,75,75,75,75,75,75,75,75,75,75,75,75,75,75,75,75,77,77,84,94,94,96,96,96,98,98,98,105,107,107,107,107,107,107],"card_choices":[{"not_picked":["HollowMod:NewLittleFool","HollowMod:Grubsong","HollowMod:FallenFury"],"picked":"SKIP","floor":1.0},{"not_picked":["HollowMod:LifebloodCocoon","HollowMod:InfectedAttack"],"picked":"HollowMod:CycloneSlash","floor":5.0},{"not_picked":["HollowMod:MothsMistake","HollowMod:BrokenVessel"],"picked":"HollowMod:SoulEater","floor":6.0},{"not_picked":["HollowMod:BrokenVessel","HollowMod:LifebloodCocoon"],"picked":"HollowMod:HuntersJournal","floor":11.0},{"not_picked":["HollowMod:GoodIntentions","HollowMod:MonarchWings"],"picked":"HollowMod:HeavyBlow","floor":13.0},{"not_picked":["HollowMod:ZotesMagnificence","HollowMod:NewInfectedGuardian"],"picked":"HollowMod:SlysStrikes","floor":16.0},{"not_picked":["HollowMod:InfectedCysts","HollowMod:FastStrike","HollowMod:HeavyBlow"],"picked":"SKIP","floor":18},{"not_picked":["HollowMod:ShadowDash","HollowMod:Grubsong"],"picked":"HollowMod:GoodIntentions","floor":19},{"not_picked":["HollowMod:LifebloodCocoon","HollowMod:AbyssShriek","HollowMod:NewJinnsSoul"],"picked":"SKIP","floor":22},{"not_picked":["HollowMod:VengefulVoid","HollowMod:TaintedHusks"],"picked":"HollowMod:SoulShaman","floor":23},{"not_picked":["HollowMod:DescendingDark","HollowMod:WraithStrike","HollowMod:CrystalDash"],"picked":"SKIP","floor":28},{"not_picked":["HollowMod:FastStrike","HollowMod:DesolateDive"],"picked":"HollowMod:SoulVessel","floor":31},{"not_picked":["HollowMod:HornetsHelp","HollowMod:ElderbugsWisdom","HollowMod:LifebloodCore"],"picked":"Singing Bowl","floor":33},{"not_picked":["HollowMod:CycloneSlash","HollowMod:VengefulVoid+1","HollowMod:FallenFury"],"picked":"Singing Bowl","floor":35},{"not_picked":["HollowMod:BrokenVessel+1","HollowMod:LifebloodCocoon+1","HollowMod:QuirrelsAssistance+1"],"picked":"Singing Bowl","floor":38},{"not_picked":["HollowMod:ShadowDash","HollowMod:CrystalDash+1"],"picked":"HollowMod:SoulEater+1","floor":39},{"not_picked":["HollowMod:ChannelNail","HollowMod:DreamGate","HollowMod:CoiledNail"],"picked":"Singing Bowl","floor":41},{"not_picked":["HollowMod:Grubsong","HollowMod:CycloneSlash","HollowMod:DreamGate","HollowMod:MawleksShell"],"picked":"Singing Bowl","floor":45},{"not_picked":["HollowMod:SoulStrike","HollowMod:VengefulVoid","HollowMod:CornifersMapStart+1"],"picked":"HollowMod:SoulSplash+1","floor":47},{"not_picked":["HollowMod:CrystalDash+1","HollowMod:SharpenedShadows+1","HollowMod:ShadowDash+1"],"picked":"HollowMod:ElderbugsWisdom","floor":48}],"player_experience":279386,"relics_obtained":[{"floor":6.0,"key":"Calipers"},{"floor":12.0,"key":"Odd Mushroom"},{"floor":23,"key":"Eternal Feather"},{"floor":26,"key":"HollowMod:LifeEnderRelic"},{"floor":29,"key":"Anchor"},{"floor":39,"key":"Gambling Chip"},{"floor":41,"key":"Orichalcum"},{"floor":43,"key":"Nunchaku"}],"event_choices":[{"damage_healed":0.0,"max_hp_gain":0.0,"max_hp_loss":0.0,"gold_gain":0.0,"event_name":"Golden Idol","player_choice":"Take Damage","floor":2.0,"gold_loss":0.0,"damage_taken":18.0,"relics_obtained":["Golden Idol"]},{"damage_healed":0.0,"max_hp_gain":0.0,"max_hp_loss":0.0,"gold_gain":0.0,"event_name":"Shining Light","player_choice":"Entered Light","floor":3.0,"gold_loss":0.0,"damage_taken":15.0,"cards_upgraded":["HollowMod:NailStrikeStart","HollowMod:QuickDashStart"]},{"damage_healed":0.0,"max_hp_gain":0.0,"max_hp_loss":0.0,"gold_gain":0.0,"event_name":"WeMeetAgain","player_choice":"Paid Gold","floor":4.0,"gold_loss":106.0,"damage_taken":0.0,"relics_obtained":["Bag of Marbles"]},{"damage_healed":0.0,"max_hp_gain":0.0,"max_hp_loss":0.0,"gold_gain":0.0,"event_name":"FaceTrader","player_choice":"Trade","floor":8.0,"gold_loss":0.0,"damage_taken":0.0,"relics_obtained":["NlothsMask"]},{"damage_healed":0.0,"max_hp_gain":0.0,"max_hp_loss":0.0,"gold_gain":0.0,"event_name":"Mushrooms","player_choice":"Fought Mushrooms","floor":12.0,"gold_loss":0.0,"damage_taken":0.0},{"damage_healed":6,"gold_gain":0,"player_choice":"Full Heal","damage_taken":0,"max_hp_gain":0,"max_hp_loss":0,"event_name":"Wheel of Change","floor":21,"gold_loss":0},{"damage_healed":0,"gold_gain":0,"player_choice":"Forge","damage_taken":0,"max_hp_gain":0,"max_hp_loss":0,"event_name":"Accursed Blacksmith","floor":24,"gold_loss":0,"cards_upgraded":["HollowMod:SoulShaman"]},{"damage_healed":0,"gold_gain":0,"player_choice":"Fight","damage_taken":0,"max_hp_gain":0,"max_hp_loss":0,"event_name":"MindBloom","floor":39,"gold_loss":0},{"damage_healed":0,"gold_gain":0,"player_choice":"Ignored","damage_taken":0,"max_hp_gain":0,"max_hp_loss":0,"event_name":"Tomb of Lord Red Mask","floor":46,"gold_loss":0}],"is_beta":false,"boss_relics":[{"not_picked":["SlaversCollar","Snecko Eye"],"picked":"Ectoplasm"},{"not_picked":["Pandora\u0027s Box","Runic Dome"],"picked":"Philosopher\u0027s Stone"}],"items_purged_floors":[14,20,27],"is_endless":false,"potions_floor_spawned":[6,12,16,18,22,23,28,31,33,35,38,39,41,45,47,48],"ascension_level":1}}