{"host":"fdge35r6bp5kjb91","time":1608966792,"event":{"mods":["Act Like it!","BaseMod","Downfall","Gensokyo","Marisa£®ÏF”Í°°ƒß¿Ì…≥£©","Minty Spire (QoL Compilation)","Remilia£®¿Ÿ√◊¿Ú—«£©","StSLib","The Servant 0.9.4","Youmu£®ªÍ∆«—˝√Œ£©"],"gold_per_floor":[115,190,140,140,158,158,158,194,194,215,239,239,3,28,28,153,153,166,185,205,230,230,265,265,279,279,704,704,718,718,718,718,848,848,871,890,953,969,1039,1039,1039,1075,1075,1093,63,63,76,95,95,95],"floor_reached":51,"playtime":5414,"items_purged":["Strike_S"],"score":749,"play_id":"d4a3783c-180c-4280-a1ce-45cbfedb503d","local_time":"20201226151312","is_ascension_mode":false,"campfire_choices":[{"data":"KidneyShot","floor":6,"key":"SMITH"},{"floor":12,"key":"REST"},{"data":"Barrier","floor":15,"key":"SMITH"},{"data":"FlawlessForm","floor":28,"key":"SMITH"},{"data":"SurpressingFire","floor":30,"key":"SMITH"},{"data":"Slimebound:CheckThePlaybook","floor":32,"key":"SMITH"},{"floor":40,"key":"RECALL"},{"data":"expansioncontent:StudyTheSpire","floor":46,"key":"SMITH"},{"data":"Defy","floor":49,"key":"SMITH"}],"circlet_count":0,"master_deck":["Strike_S","Strike_S","Strike_S","Defend_S","Defend_S","Defend_S","KidneyShot+1","Exchange","Misdirection","Starlight","Barrier+1","Defy+1","SurpressingFire+1","Moonlight","Rearm","FlawlessForm+1","ReturningBlade","MurderousAura","Revamp+1","Starlight+1","MurderousAura","Defy+1","ForgedInTime","Slimebound:CheckThePlaybook+1","Dilation","Starlight+1","Rewind+1","SoulSculpture","Solidify","Contraction","expansioncontent:StudyTheSpire+1","StarChef","expansioncontent:AwakenDeath","SpecialFormula+1","Hightail+1","GearUp+1"],"relics":["SplendidAttire","Golden Idol","Pear","Shuriken","Tiny Chest","Coffee Dripper","Nloth\u0027s Gift","Gambling Chip","Ancient Tea Set","Old Coin","Mercury Hourglass","Prayer Wheel","Bottled Tornado","Regal Pillow","Omamori","HandDrill","Anchor","Centennial Puzzle"],"acts_visited":["Exordium","TheCity","TheBeyond"],"potions_floor_usage":[16,27,27,37,42,44,50,50],"damage_taken":[{"damage":3,"enemies":"Jaw Worm","floor":1,"turns":5},{"damage":0,"enemies":"Small Slimes","floor":5,"turns":4},{"damage":17,"enemies":"Gremlin Nob","floor":8,"turns":5},{"damage":0,"enemies":"2 Louse","floor":10,"turns":3},{"damage":0,"enemies":"Exordium Wildlife","floor":11,"turns":6},{"damage":7,"enemies":"Lots of Slimes","floor":14,"turns":8},{"damage":14,"enemies":"Slime Boss","floor":16,"turns":24},{"damage":3,"enemies":"Shell Parasite","floor":18,"turns":9},{"damage":0,"enemies":"Chosen","floor":19,"turns":6},{"damage":0,"enemies":"Centurion and Healer","floor":20,"turns":11},{"damage":0,"enemies":"Chosen and Byrds","floor":21,"turns":7},{"damage":23,"enemies":"Book of Stabbing","floor":23,"turns":8},{"damage":8,"enemies":"Shelled Parasite and Fungi","floor":25,"turns":7},{"damage":7,"enemies":"Colosseum Slavers","floor":27,"turns":4},{"damage":2,"enemies":"Colosseum Nobs","floor":27,"turns":5},{"damage":6,"enemies":"Snake Plant","floor":29,"turns":5},{"damage":5,"enemies":"Collector","floor":33,"turns":9},{"damage":0,"enemies":"Orb Walker","floor":35,"turns":4},{"damage":12,"enemies":"3 Darklings","floor":36,"turns":5},{"damage":0,"enemies":"Mind Bloom Boss Battle","floor":37,"turns":7},{"damage":0,"enemies":"Spire Growth","floor":38,"turns":6},{"damage":0,"enemies":"Nemesis","floor":42,"turns":7},{"damage":2,"enemies":"Jaw Worm Horde","floor":44,"turns":5},{"damage":0,"enemies":"Writhing Mass","floor":47,"turns":6},{"damage":16,"enemies":"Spire Growth","floor":48,"turns":4},{"damage":51,"enemies":"Donu and Deca","floor":50,"turns":12}],"seed_played":"5937057318526485295","potions_obtained":[{"floor":1,"key":"LiquidMemories"},{"floor":10,"key":"DuplicationPotion"},{"floor":16,"key":"CultistPotion"},{"floor":21,"key":"Energy Potion"},{"floor":27,"key":"Fire Potion"},{"floor":35,"key":"SkillPotion"},{"floor":38,"key":"EssenceOfSteel"},{"floor":48,"key":"FairyPotion"}],"is_trial":false,"path_per_floor":["M","?","?","?","M","R","?","E","T","M","M","R","$","M","R","B",null,"M","M","M","M","?","E","T","M","T","?","R","M","R","?","R","B",null,"M","M","?","M","T","R","?","E","T","M","$","R","M","M","R","B",null],"character_chosen":"THE_SERVANT","items_purchased":["Tiny Chest","Moonlight","HandDrill","Anchor","Centennial Puzzle","Contraction","Slimebound:ThreeZeroPotion","expansioncontent:StudyTheSpire","StarChef","AttackPotion","expansioncontent:AwakenDeath"],"campfire_rested":1,"item_purchase_floors":[13,13,45,45,45,45,45,45,45,45,45],"current_hp_per_floor":[68,57,57,40,40,40,22,15,15,15,15,39,39,32,32,18,81,78,78,78,78,78,55,55,47,47,38,38,32,32,32,32,27,73,73,61,61,61,61,61,61,61,61,59,59,59,59,51,51,13],"gold":95,"neow_bonus":"TEN_PERCENT_HP_BONUS","is_daily":false,"chose_seed":false,"campfire_upgraded":7,"win_rate":0.0,"timestamp":1608966792,"path_taken":["M","?","?","?","?","R","?","E","T","M","M","R","?","?","R","BOSS","M","M","?","M","?","E","?","M","T","?","R","M","R","?","R","BOSS","M","M","?","M","?","R","?","E","T","?","$","R","M","M","R","BOSS"],"items_purchased_type":["Relic","Card","Relic","Relic","Relic","Card","Potion","Card","Card","Potion","Card"],"build_version":"2020-12-22","purchased_purges":1,"victory":true,"max_hp_per_floor":[71,71,71,71,71,71,71,81,81,81,81,81,81,81,81,81,81,81,81,81,81,81,81,81,81,81,81,81,81,81,73,73,73,73,73,73,73,73,73,73,73,73,73,73,73,73,73,73,73,73],"card_choices":[{"not_picked":["BottledTime","Rearm"],"picked":"Misdirection","floor":1},{"not_picked":["Alleviate","Rearm"],"picked":"Starlight","floor":5},{"not_picked":["Rewind","ReturningBlade","RealityMarble"],"picked":"Barrier","floor":8},{"not_picked":["Spin","Unruled","TimeWarp"],"picked":"Defy","floor":10},{"not_picked":["FastForward","FlawlessForm","DoubleEdge"],"picked":"SurpressingFire","floor":11},{"not_picked":["Rewind","Collapse","Spin"],"picked":"Rearm","floor":14},{"not_picked":["LightFlow","Solidify","SoulSculpture"],"picked":"FlawlessForm","floor":16},{"not_picked":["Advance+1","Revamp","Potential"],"picked":"Ricochet","floor":18},{"not_picked":["Moonlight","Revamp","DoubleEdge"],"picked":"ReturningBlade","floor":19},{"not_picked":["ShatteredReality","ShiftingGears","RealityMarble"],"picked":"MurderousAura","floor":20},{"not_picked":["BestPractice","Potential","Spin"],"picked":"Revamp+1","floor":21},{"not_picked":["Unruled","MoonPhase"],"picked":"Starlight+1","floor":23},{"not_picked":["Revamp","Rewind"],"picked":"MurderousAura","floor":25},{"not_picked":["Potential","Moonlight"],"picked":"Defy+1","floor":27},{"not_picked":["FastForward","Alleviate"],"picked":"ForgedInTime","floor":29},{"not_picked":["PendulumOfEternity","FloweringNight"],"picked":"Dilation","floor":33},{"not_picked":["ShiftingGears","Starlight","Alleviate+1"],"picked":"SKIP","floor":35},{"not_picked":["Ricochet","Misdirection","Collapse+1"],"picked":"SKIP","floor":36},{"not_picked":["Foresight+1","FastForward"],"picked":"Starlight+1","floor":37},{"not_picked":["DualDimension+1","Misdirection"],"picked":"Rewind+1","floor":38},{"not_picked":["Foresight+1","Ricochet+1","Unruled"],"picked":"SKIP","floor":38},{"not_picked":["Deny","Unruled"],"picked":"SoulSculpture","floor":42},{"not_picked":["Sabotage","Alleviate"],"picked":"Solidify","floor":44},{"not_picked":["Foresight","Potential","MoonPhase"],"picked":"SKIP","floor":44},{"not_picked":["Rearm","DoubleEdge+1"],"picked":"SpecialFormula+1","floor":47},{"not_picked":["Ricochet","Gouge"],"picked":"Hightail+1","floor":47},{"not_picked":["Desolation","Luminosity"],"picked":"GearUp+1","floor":48},{"not_picked":["Revamp","Rewind","ShatteredReality+1"],"picked":"SKIP","floor":48}],"player_experience":57120,"relics_obtained":[{"floor":8,"key":"Pear"},{"floor":9,"key":"Shuriken"},{"floor":23,"key":"Gambling Chip"},{"floor":24,"key":"Ancient Tea Set"},{"floor":27,"key":"Old Coin"},{"floor":27,"key":"Mercury Hourglass"},{"floor":37,"key":"Prayer Wheel"},{"floor":39,"key":"Bottled Tornado"},{"floor":42,"key":"Regal Pillow"},{"floor":43,"key":"Omamori"}],"event_choices":[{"damage_healed":0,"gold_gain":75,"player_choice":"Gather Gold","damage_taken":11,"max_hp_gain":0,"max_hp_loss":0,"event_name":"World of Goop","floor":2,"gold_loss":0},{"cards_removed":["Defend_S"],"damage_healed":0,"gold_gain":0,"player_choice":"Card Removal","damage_taken":0,"max_hp_gain":0,"max_hp_loss":0,"event_name":"The Cleric","floor":3,"gold_loss":50},{"damage_healed":0,"gold_gain":0,"player_choice":"Take Damage","damage_taken":17,"relics_obtained":["Golden Idol"],"max_hp_gain":0,"max_hp_loss":0,"event_name":"Golden Idol","floor":4,"gold_loss":0},{"damage_healed":0,"gold_gain":0,"player_choice":"Success","damage_taken":18,"relics_obtained":["Question Card"],"max_hp_gain":0,"max_hp_loss":0,"event_name":"Scrap Ooze","floor":7,"gold_loss":0},{"damage_healed":0,"gold_gain":0,"player_choice":"Traded Relic","damage_taken":0,"relics_obtained":["Nloth\u0027s Gift"],"max_hp_gain":0,"max_hp_loss":0,"event_name":"N\u0027loth","floor":22,"relics_lost":["Question Card"],"gold_loss":0},{"damage_healed":0,"gold_gain":0,"player_choice":"Fight","damage_taken":0,"max_hp_gain":0,"max_hp_loss":0,"event_name":"Colosseum","floor":27,"gold_loss":0},{"damage_healed":0,"gold_gain":0,"player_choice":"Fought Nobs","damage_taken":0,"max_hp_gain":0,"max_hp_loss":0,"event_name":"Colosseum","floor":27,"gold_loss":0},{"damage_healed":0,"gold_gain":0,"player_choice":"Fight","damage_taken":0,"max_hp_gain":0,"max_hp_loss":0,"event_name":"MindBloom","floor":37,"gold_loss":0},{"cards_removed":["Ricochet"],"damage_healed":0,"gold_gain":0,"player_choice":"Removed Attack","damage_taken":0,"max_hp_gain":0,"max_hp_loss":0,"event_name":"Falling","floor":41,"gold_loss":0}],"is_beta":false,"boss_relics":[{"not_picked":["SacredBark","Runic Pyramid"],"picked":"Coffee Dripper"},{"not_picked":["Astrolabe","Philosopher\u0027s Stone"],"picked":"SplendidAttire"}],"items_purged_floors":[45],"is_endless":false,"potions_floor_spawned":[1,10,16,21,25,27,27,35,38,47,48],"ascension_level":0}}