{"host":"97bfbul5vt0mksxl","time":1608965714,"event":{"mods":["BaseMod","Colored Powertips","Highlight Path","Infinite Spire","Minty Spire (QoL Compilation)","Replay The Spire","Shop Mod","StSLib","SuperFastMode"],"gold_per_floor":[119,131,131,131,144,169,169,198,198,198,213,223,235,246,246,342,342,354,354,364,364,364,364,389,405,432,446,465,8,8,24,24,24,24],"floor_reached":33,"playtime":1392,"items_purged":[],"score":281,"play_id":"171ac58e-b445-4094-936d-75498fa8eb10","local_time":"20201226035514","is_ascension_mode":false,"campfire_choices":[{"floor":7,"key":"REST"},{"data":"PathToVictory","floor":10,"key":"SMITH"},{"floor":15,"key":"REST"},{"data":"PathToVictory","floor":23,"key":"SMITH"},{"floor":30,"key":"REST"},{"floor":32,"key":"REST"}],"circlet_count":0,"master_deck":["Strike_P","Strike_P","Strike_P","Strike_P","Defend_P+1","Defend_P","Defend_P","Defend_P","Eruption","Vigilance","JustLucky+1","Consecrate","MentalFortress","Wish","PathToVictory+1","PathToVictory+1","EmptyMind","Weave","FollowUp","Tools of the Trade","WindmillStrike","TalkToTheHand","Replay:Cycle+1","Normality","Nirvana","Adaptation+1","BowlingBash","FollowUp","PathToVictory"],"relics":["Replay:M_StaffOfTheSnake","infinitespire:Cubic Diamond","White Beast Statue","Thread and Needle","Pondfish Scales","ReplayTheSpireMod:Ring of Challenge","Ring of Panic","Nloth\u0027s Gift","Bag of Marbles","Bag of Preparation","FossilizedHelix","MerchantsRug"],"acts_visited":["Exordium","TheCity"],"potions_floor_usage":[13,14,16,16,24,25,27,28,28,31,33,33],"damage_taken":[{"damage":1,"enemies":"Jaw Worm","floor":1,"turns":5},{"damage":14,"enemies":"Small Slimes","floor":2,"turns":3},{"damage":0,"enemies":"Cultist","floor":5,"turns":2},{"damage":34,"enemies":"3 Sentries","floor":6,"turns":10},{"damage":1,"enemies":"Replay:BlueRogue","floor":8,"turns":4},{"damage":0,"enemies":"Lots of Slimes","floor":11,"turns":3},{"damage":0,"enemies":"3 Louse","floor":12,"turns":2},{"damage":10,"enemies":"Large Slime","floor":13,"turns":4},{"damage":0,"enemies":"Red Slaver","floor":14,"turns":2},{"damage":10,"enemies":"The Guardian","floor":16,"turns":7},{"damage":15,"enemies":"2 Thieves","floor":18,"turns":4},{"damage":0,"enemies":"3 Byrds","floor":20,"turns":4},{"damage":3,"enemies":"Replay:Snechameleon","floor":24,"turns":7},{"damage":11,"enemies":"Snecko","floor":25,"turns":5},{"damage":14,"enemies":"Cultist and Chosen","floor":27,"turns":6},{"damage":34,"enemies":"Centurion and Healer","floor":28,"turns":3},{"damage":0,"enemies":"Shelled Parasite and Fungi","floor":31,"turns":5},{"damage":84,"enemies":"Automaton","floor":33,"turns":6}],"seed_played":"-6206809353530113434","potions_obtained":[{"floor":6,"key":"Languid Potion"},{"floor":8,"key":"Venom Potion"},{"floor":11,"key":"Explosive Potion"},{"floor":12,"key":"Milkshake"},{"floor":13,"key":"SkillPotion"},{"floor":14,"key":"Dexterity Potion"},{"floor":16,"key":"Milkshake"},{"floor":18,"key":"Weak Potion"},{"floor":24,"key":"Fire Potion"},{"floor":25,"key":"Explosive Potion"},{"floor":27,"key":"PowerPotion"},{"floor":28,"key":"AttackPotion"},{"floor":31,"key":"ColorlessPotion"}],"is_trial":false,"path_per_floor":["M","M","?","?","M","E","R","E","T","R","M","M","M","M","R","B",null,"M","?","M","?","?","R","E","M","T","M","M","$","R","M","R","B"],"character_chosen":"WATCHER","items_purchased":["FossilizedHelix","MerchantsRug"],"campfire_rested":4,"item_purchase_floors":[29,29],"current_hp_per_floor":[78,64,64,48,48,14,37,36,36,36,36,36,26,26,49,39,79,64,64,64,64,64,64,61,50,50,36,2,2,25,25,48,0,0],"gold":24,"neow_bonus":"TEN_PERCENT_HP_BONUS","is_daily":false,"chose_seed":false,"campfire_upgraded":2,"win_rate":0.0,"timestamp":1608965714,"path_taken":["M","M","?","?","M","E","R","E","T","R","M","?","?","M","R","BOSS","M","?","M","?","?","R","E","M","T","M","M","$","R","M","R","BOSS"],"items_purchased_type":["Relic","Relic"],"build_version":"2020-12-22","purchased_purges":0,"victory":false,"max_hp_per_floor":[79,79,79,79,79,79,79,79,79,79,79,79,79,79,79,79,79,79,79,79,79,79,79,79,79,79,79,79,79,79,79,79,79,79],"card_choices":[{"not_picked":["Replay:ManipulateFuture","FearNoEvil"],"picked":"JustLucky","floor":1},{"not_picked":["SashWhip","Protect"],"picked":"Consecrate","floor":2},{"not_picked":["Pray","Masterful Stab"],"picked":"MentalFortress","floor":5},{"not_picked":["Protect","Crescendo"],"picked":"Wish","floor":6},{"not_picked":["Crescendo","Vengeance"],"picked":"PathToVictory","floor":8},{"not_picked":["ReachHeaven","CrushJoints"],"picked":"PathToVictory","floor":11},{"not_picked":["Crescendo","CrushJoints"],"picked":"EmptyMind","floor":12},{"not_picked":["FlyingSleeves","Prostrate"],"picked":"Weave","floor":13},{"not_picked":["Replay:Battleflow","Replay:BluntJabs"],"picked":"FollowUp","floor":14},{"not_picked":["Glass Knife","Doppelganger"],"picked":"Tools of the Trade","floor":16},{"not_picked":["Study","Halt"],"picked":"WindmillStrike","floor":18},{"not_picked":["WreathOfFlame","Evaluate"],"picked":"Replay:Cycle+1","floor":20},{"not_picked":["Study","Ragnarok"],"picked":"Nirvana","floor":24},{"not_picked":["ThirdEye+1","Evaluate"],"picked":"Adaptation+1","floor":25},{"not_picked":["BattleHymn+1","Study"],"picked":"BowlingBash","floor":27},{"not_picked":["Pray","Nirvana"],"picked":"FollowUp","floor":28},{"not_picked":["LessonLearned","EmptyMind"],"picked":"PathToVictory","floor":31}],"player_experience":158336,"relics_obtained":[{"floor":6,"key":"White Beast Statue"},{"floor":8,"key":"Thread and Needle"},{"floor":9,"key":"Pondfish Scales"},{"floor":21,"key":"ReplayTheSpireMod:Ring of Challenge"},{"floor":21,"key":"Ring of Panic"},{"floor":24,"key":"Bag of Marbles"},{"floor":26,"key":"Bag of Preparation"}],"event_choices":[{"damage_healed":0,"gold_gain":0,"player_choice":"Entered Light","damage_taken":16,"max_hp_gain":0,"max_hp_loss":0,"event_name":"Shining Light","floor":4,"gold_loss":0,"cards_upgraded":["Defend_P","JustLucky"]},{"damage_healed":0,"gold_gain":0,"player_choice":"Read","damage_taken":0,"max_hp_gain":0,"max_hp_loss":0,"event_name":"The Library","floor":19,"gold_loss":0,"cards_obtained":["TalkToTheHand"]},{"damage_healed":0,"gold_gain":0,"player_choice":"Traded Relic","damage_taken":0,"relics_obtained":["Nloth\u0027s Gift"],"max_hp_gain":0,"max_hp_loss":0,"event_name":"N\u0027loth","floor":22,"relics_lost":["ChewingGum"],"gold_loss":0}],"is_beta":false,"boss_relics":[{"not_picked":["ReplayTheSpireMod:SealedPack","ReplayTheSpireMod:DimensionalGlitch"],"picked":"ChewingGum"}],"items_purged_floors":[],"is_endless":false,"potions_floor_spawned":[6,8,11,12,13,14,16,18,20,24,25,27,28,31],"killed_by":"Automaton","ascension_level":0}}