{"host":"n4fty02wqqi95laq","time":1608974569,"event":{"mods":["BaseMod","Highlight Path","Minty Spire (QoL Compilation)","Quick Restart","Rare Cards Sparkle","StSLib"],"gold_per_floor":[118,118,131,131,150,150,182,182,205,205,218,237,237,237],"floor_reached":13,"playtime":374,"items_purged":[],"score":170,"play_id":"599a543e-b806-41e5-b83a-448496f3ee0d","local_time":"20201226172249","is_ascension_mode":true,"campfire_choices":[{"data":"Doppelganger","floor":6.0,"key":"SMITH"},{"data":"Blade Dance","floor":8.0,"key":"SMITH"},{"data":"Cloak And Dagger","floor":10.0,"key":"SMITH"}],"circlet_count":0,"master_deck":["AscendersBane","Strike_G","Strike_G","Strike_G","Strike_G","Strike_G","Defend_G","Defend_G","Defend_G","Defend_G","Defend_G","Survivor","Neutralize","Purity","Blade Dance+1","Cloak And Dagger+1","Doppelganger+1","Well Laid Plans","Tactician"],"relics":["Ring of the Snake","Nunchaku"],"acts_visited":[],"potions_floor_usage":[13,13],"damage_taken":[{"damage":6.0,"enemies":"Small Slimes","floor":1.0,"turns":4.0},{"damage":0.0,"enemies":"2 Louse","floor":3.0,"turns":3.0},{"damage":1.0,"enemies":"Cultist","floor":5.0,"turns":4.0},{"damage":36.0,"enemies":"3 Sentries","floor":7.0,"turns":13.0},{"damage":6.0,"enemies":"Red Slaver","floor":11.0,"turns":3.0},{"damage":3.0,"enemies":"Blue Slaver","floor":12.0,"turns":3.0},{"damage":12,"enemies":"Lagavulin","floor":13,"turns":5}],"seed_played":"8539368036626372583","potions_obtained":[{"floor":7.0,"key":"SteroidPotion"},{"floor":11.0,"key":"Swift Potion"}],"is_trial":false,"path_per_floor":["M","?","M","?","M","R","E","R","T","R","M","M","E"],"character_chosen":"THE_SILENT","items_purchased":[],"campfire_rested":0,"item_purchase_floors":[],"current_hp_per_floor":[53,58,58,58,57,57,21,21,21,21,15,12,0,0],"gold":237,"neow_bonus":"RANDOM_COLORLESS","is_daily":false,"chose_seed":false,"campfire_upgraded":3,"win_rate":0.0,"timestamp":1608974569,"path_taken":["M","?","M","?","M","R","E","R","T","R","M","?","E"],"items_purchased_type":[],"build_version":"2020-12-22","purchased_purges":0,"victory":false,"max_hp_per_floor":[66,71,71,71,71,71,71,71,71,71,71,71,71,71],"card_choices":[{"not_picked":["Blind","Enlightenment"],"picked":"Purity","floor":0.0},{"not_picked":["Flying Knee","Escape Plan"],"picked":"Blade Dance","floor":1.0},{"not_picked":["Bane","Endless Agony"],"picked":"Cloak And Dagger","floor":3.0},{"not_picked":["Underhanded Strike","Bane","Poisoned Stab"],"picked":"SKIP","floor":5.0},{"not_picked":["Bane","Quick Slash"],"picked":"Well Laid Plans","floor":7.0},{"not_picked":["PiercingWail","Caltrops"],"picked":"Tactician","floor":11.0},{"not_picked":["Cloak And Dagger","Sucker Punch","Masterful Stab"],"picked":"SKIP","floor":12.0}],"player_experience":640182,"relics_obtained":[{"floor":7.0,"key":"Nunchaku"}],"event_choices":[{"damage_healed":0.0,"max_hp_gain":5.0,"max_hp_loss":0.0,"gold_gain":0.0,"event_name":"Big Fish","player_choice":"Donut","floor":2.0,"gold_loss":0.0,"damage_taken":0.0},{"damage_healed":0.0,"max_hp_gain":0.0,"max_hp_loss":0.0,"gold_gain":0.0,"event_name":"Match and Keep!","player_choice":"1 cards matched","floor":4.0,"gold_loss":0.0,"damage_taken":0.0,"cards_obtained":["Doppelganger"]}],"is_beta":false,"boss_relics":[],"items_purged_floors":[],"is_endless":false,"potions_floor_spawned":[7,11,12],"killed_by":"Lagavulin","ascension_level":20}}