{"host":"6affnl2vk6en9o4b","time":1608994818,"event":{"mods":["2.2 Compatiblity","AchievementEnabler","Aspiration","BaseMod","BetterRewards","Colored Powertips","Conspire","Downfall","Friendly Minions","Googly Eyes","Highlight Path","Hubris","Minty Spire (QoL Compilation)","Replay The Spire","StSLib","Trackpad","Unceasing Turn Reminder","vexMod"],"gold_per_floor":[99,115,129,129,129,161,161,5,20,52,52,52,52,78,97,2,21,21,21,21],"floor_reached":18,"playtime":670,"items_purged":[],"score":163,"play_id":"5487b367-db0e-4cae-8b33-cd535155040a","local_time":"20201226150018","is_ascension_mode":true,"campfire_choices":[{"floor":1,"key":"RECALL"},{"data":"Slimebound:FirmFortitude","floor":11,"key":"SMITH"}],"circlet_count":0,"master_deck":["Slimebound:Strike_Slimebound","Slimebound:Strike_Slimebound","Slimebound:Strike_Slimebound","Slimebound:Tackle","Slimebound:Defend_Slimebound","Slimebound:Defend_Slimebound","Slimebound:Defend_Slimebound","Slimebound:Defend_Slimebound","Slimebound:Split","Slimebound:CorrosiveSpit","Slimebound:Grow+1","Slimebound:Schlurp","Slimebound:AcidTongue","Slimebound:ViciousTackle","Slimebound:FirmFortitude+1","Slimebound:Chomp","Slimebound:MegaLick+1","Slimebound:SamplingLick+1","Slimebound:RejuvenatingLick+1","Slimebound:ComboTackle","Slimebound:Equalize","Slimebound:SpikyOuterGoop","Slimebound:LeechingTouch"],"relics":["Slimebound:AbsorbEndCombat","Toxic Egg 2","Toy Ornithopter","Blue Candle","Chameleon Ring"],"acts_visited":["Exordium"],"potions_floor_usage":[6,15],"damage_taken":[{"damage":7,"enemies":"2 Louse","floor":2,"turns":3},{"damage":16,"enemies":"Jaw Worm","floor":3,"turns":4},{"damage":12,"enemies":"Gremlin Nob","floor":6,"turns":2},{"damage":12,"enemies":"downfall:FleeingMerchant","floor":8,"turns":4},{"damage":13,"enemies":"Cultist","floor":9,"turns":3},{"damage":33,"enemies":"3 Sentries","floor":10,"turns":7},{"damage":40,"enemies":"Lagavulin","floor":14,"turns":6},{"damage":9,"enemies":"Blue Slaver","floor":15,"turns":2},{"damage":19,"enemies":"downfall:FleeingMerchant","floor":16,"turns":4},{"damage":12,"enemies":"Red Slaver","floor":17,"turns":4},{"damage":52,"enemies":"downfall:Watcher","floor":18,"turns":8}],"seed_played":"-86237291323567995","potions_obtained":[{"floor":2,"key":"Death Potion"},{"floor":10,"key":"Explosive Potion"}],"is_trial":false,"path_per_floor":["R","M","M","?","?","E","T","$","M","E","R","PTL","PTL","E","M","$","M","B"],"character_chosen":"SLIMEBOUND","items_purchased":["Slimebound:FirmFortitude","Slimebound:Chomp","Slimebound:SpikyOuterGoop"],"campfire_rested":0,"item_purchase_floors":[8,8,16],"current_hp_per_floor":[66,66,62,55,55,47,47,51,46,41,41,41,41,17,21,20,22,0,0,0],"gold":21,"neow_bonus":"TEN_PERCENT_HP_BONUS","is_daily":false,"chose_seed":false,"campfire_upgraded":1,"win_rate":0.0,"timestamp":1608994818,"path_taken":["R","M","M","?","?","E","T","?","M","E","R","PTL","PTL","E","?","$","M","BOSS"],"items_purchased_type":["Card","Card","Card"],"build_version":"2020-12-22","purchased_purges":0,"victory":false,"max_hp_per_floor":[66,66,66,66,66,66,66,66,66,66,66,66,66,66,66,66,66,66,66,66],"card_choices":[{"not_picked":["Slimebound:Replication","Slimebound:SplitBruiser"],"picked":"Slimebound:Grow","floor":2},{"not_picked":["Slimebound:LeechingTouch","Slimebound:LeechEnergy"],"picked":"Slimebound:Schlurp","floor":3},{"not_picked":["Slimebound:SlimeSpikes+1","Slimebound:SplitMire+1"],"picked":"Slimebound:AcidTongue","floor":6},{"not_picked":["Slimebound:PressTheAttack","Slimebound:Repurpose+1"],"picked":"Slimebound:ViciousTackle","floor":8},{"not_picked":["Slimebound:GrowthPunch","Slimebound:SlimeBarrage"],"picked":"Slimebound:MegaLick+1","floor":9},{"not_picked":["Slimebound:PressTheAttack","Slimebound:SlimeSpikes+1"],"picked":"Slimebound:SamplingLick+1","floor":10},{"not_picked":["Slimebound:RollThrough","Slimebound:ComboTackle"],"picked":"Slimebound:RejuvenatingLick+1","floor":14},{"not_picked":["Slimebound:LeechingTouch","Slimebound:SlimeBarrage"],"picked":"Slimebound:ComboTackle","floor":15},{"not_picked":["Slimebound:DisruptingSlam","Slimebound:SlimeTap+1"],"picked":"Slimebound:Equalize","floor":16},{"not_picked":["Slimebound:ComboTackle","Slimebound:Prepare+1"],"picked":"Slimebound:LeechingTouch","floor":17}],"player_experience":193469,"relics_obtained":[{"floor":6,"key":"Toy Ornithopter"},{"floor":10,"key":"Blue Candle"},{"floor":14,"key":"Chameleon Ring"}],"event_choices":[{"damage_healed":0,"gold_gain":0,"player_choice":"Success","damage_taken":7,"relics_obtained":["Toxic Egg 2"],"max_hp_gain":0,"max_hp_loss":0,"event_name":"Scrap Ooze","floor":4,"gold_loss":0}],"is_beta":false,"boss_relics":[],"items_purged_floors":[],"is_endless":false,"potions_floor_spawned":[2,10],"killed_by":"downfall:Watcher","ascension_level":1}}