{"host":"l017gercouzhorma","time":1608970885,"event":{"mods":["AchievementEnabler","Aspiration","BaseMod","Challenge The Spire","Conspire","Downfall","Halation","Hermit","Hubris","Infinite Spire","Jorbs\u0027s Wanderer Trilogy","Mad Scientist","Marisa????????","Mimic Mod","Minty Spire (QoL Compilation)","Random Character Button","Rare Cards Sparkle","Relic Stats","Replay The Spire","Shade Mod","StSLib","The Cursed","The Disciple","The Hierophant","The Jungle","The Runesmith","The Servant 0.9.4"],"gold_per_floor":[119,44,57,73,73,103,123,123,123,157,169,202,221,234,234,353,353,395,395,50,64,64,64,74,74],"floor_reached":24,"playtime":1497,"items_purged":[],"score":229,"play_id":"6dea828a-c24d-4f57-b53a-0809180469a0","local_time":"20201226012125","is_ascension_mode":true,"campfire_choices":[{"data":"hermit:BlackWind","floor":8,"key":"SMITH"},{"data":"hermit:CursedWeapon","floor":15,"key":"SMITH"},{"data":"hermit:HeroicBravado","floor":23,"key":"SMITH"}],"circlet_count":0,"master_deck":["hermit:Strike_Hermit","hermit:Strike_Hermit","hermit:Strike_Hermit","hermit:Strike_Hermit","hermit:Defend_Hermit","hermit:Defend_Hermit","hermit:Defend_Hermit","hermit:Defend_Hermit","hermit:Snapshot","hermit:Covet","hermit:Desperado","hermit:CursedWeapon+1","hermit:Horror","hermit:BlackWind+1","hermit:FatalDesire","hermit:Coalescence","hermit:Dissolve","hermit:Glare","hermit:HeroicBravado+1","hermit:Horror+1","hermit:Feint"],"relics":["hermit:Momento","aspiration:Nostalgia","hierophant:PropheticMaskRelic","Toy Ornithopter","Replay:Bottled Snecko","Oddly Smooth Stone","halation:IllGainedPizza","aspiration:ServantSkillbook","PrismaticShard","Orichalcum","conspire:TreasureMap"],"acts_visited":["Exordium","TheCity"],"potions_floor_usage":[10,10,13,14,14,16],"damage_taken":[{"damage":2,"enemies":"Small Slimes","floor":1,"turns":3},{"damage":2,"enemies":"Cultist","floor":3,"turns":2},{"damage":2,"enemies":"2 Louse","floor":4,"turns":1},{"damage":38,"enemies":"Lagavulin","floor":6,"turns":6},{"damage":13,"enemies":"Large Slime","floor":7,"turns":4},{"damage":7,"enemies":"Gremlin Nob","floor":10,"turns":3},{"damage":2,"enemies":"Exordium Wildlife","floor":11,"turns":2},{"damage":5,"enemies":"3 Sentries","floor":12,"turns":4},{"damage":2,"enemies":"Gremlin Gang","floor":13,"turns":4},{"damage":2,"enemies":"Blue Slaver","floor":14,"turns":1},{"damage":20,"enemies":"Hexaghost","floor":16,"turns":9},{"damage":26,"enemies":"3 Byrds","floor":18,"turns":6},{"damage":0,"enemies":"Spheric Guardian","floor":21,"turns":2},{"damage":45,"enemies":"Book of Stabbing","floor":24,"turns":4}],"seed_played":"4350410638026625246","potions_obtained":[{"floor":3,"key":"Guardian:BlockOnCardUsePotion"},{"floor":7,"key":"Cursed Concoction"},{"floor":11,"key":"SteroidPotion"},{"floor":12,"key":"hexamod:EctoCoolerPotion"},{"floor":13,"key":"Weak Potion"},{"floor":14,"key":"Block Potion"}],"is_trial":false,"path_per_floor":["M","$","M","M","?","E","M","R","T","E","M","E","M","M","R","B",null,"M","?","$","M","$","R","E"],"character_chosen":"HERMIT","items_purchased":["hermit:CursedWeapon","hermit:Feint","Orichalcum","conspire:TreasureMap"],"campfire_rested":0,"item_purchase_floors":[2,20,20,20],"current_hp_per_floor":[73,73,71,69,69,31,18,18,18,21,19,14,17,25,25,10,75,49,41,41,41,41,41,0,0],"gold":74,"neow_bonus":"NOSTALGIA","is_daily":false,"chose_seed":false,"campfire_upgraded":3,"win_rate":0.0,"timestamp":1608970885,"path_taken":["M","$","M","M","?","E","M","R","T","E","?","E","M","M","R","BOSS","M","?","$","M","$","R","E"],"items_purchased_type":["Card","Card","Relic","Relic"],"build_version":"2020-12-22","purchased_purges":0,"victory":false,"max_hp_per_floor":[75,75,75,75,75,75,75,75,75,75,75,75,75,75,75,75,75,75,75,75,75,75,75,75,75],"relic_stats":{"counters":[14,51],"Orichalcum":[18],"obtain_stats":[{"conspire:TreasureMap":20,"aspiration:Nostalgia":0,"hierophant:PropheticMaskRelic":0,"Oddly Smooth Stone":10,"halation:IllGainedPizza":12,"aspiration:ServantSkillbook":17,"Replay:Bottled Snecko":9,"Orichalcum":20,"PrismaticShard":19,"hermit:Momento":0,"Toy Ornithopter":6},{"conspire:TreasureMap":12,"aspiration:Nostalgia":0,"hierophant:PropheticMaskRelic":0,"Oddly Smooth Stone":6,"halation:IllGainedPizza":8,"aspiration:ServantSkillbook":11,"Replay:Bottled Snecko":5,"Orichalcum":12,"PrismaticShard":12,"hermit:Momento":0,"Toy Ornithopter":4},{"conspire:TreasureMap":45,"aspiration:Nostalgia":0,"hierophant:PropheticMaskRelic":0,"Oddly Smooth Stone":19,"halation:IllGainedPizza":25,"aspiration:ServantSkillbook":39,"Replay:Bottled Snecko":16,"Orichalcum":45,"PrismaticShard":45,"hermit:Momento":0,"Toy Ornithopter":12}],"Toy Ornithopter":30},"card_choices":[{"not_picked":["hermit:ItchyTrigger","hermit:HoleUp"],"picked":"hermit:Desperado","floor":1},{"not_picked":["hermit:Enervate","hermit:BodyArmor"],"picked":"hermit:Horror","floor":3},{"not_picked":["hermit:TakeAim","hermit:Coalescence"],"picked":"hermit:BlackWind","floor":4},{"not_picked":["hermit:Ricochet","hermit:Quickdraw"],"picked":"hermit:FatalDesire","floor":6},{"not_picked":["hermit:Dive","hermit:BodyArmor"],"picked":"hermit:Coalescence","floor":7},{"not_picked":["hermit:BigShot","hermit:Dive"],"picked":"hermit:Dissolve","floor":10},{"not_picked":["hermit:Ricochet","hermit:TrackingShot","hermit:TakeAim"],"picked":"SKIP","floor":11},{"not_picked":["hermit:LowProfile","hermit:Feint"],"picked":"hermit:Glare","floor":12},{"not_picked":["hermit:Roulette","hermit:BodyArmor","hermit:FullyLoaded"],"picked":"SKIP","floor":13},{"not_picked":["hermit:Desperado","hermit:Manifest","hermit:Glare"],"picked":"SKIP","floor":14},{"not_picked":["hermit:Gambit","hermit:FatalDesire"],"picked":"hermit:HeroicBravado","floor":16},{"not_picked":["Barrier","hermit:Ricochet","hermit:BodyArmor"],"picked":"hermit:Horror+1","floor":18},{"not_picked":["Protect","Redo","Coolheaded","Potential"],"picked":"SKIP","floor":21}],"player_experience":768786,"relics_obtained":[{"floor":6,"key":"Toy Ornithopter"},{"floor":9,"key":"Replay:Bottled Snecko"},{"floor":10,"key":"Oddly Smooth Stone"},{"floor":12,"key":"halation:IllGainedPizza"},{"floor":19,"key":"PrismaticShard"}],"event_choices":[{"damage_healed":0,"gold_gain":0,"player_choice":"0 cards matched","damage_taken":0,"max_hp_gain":0,"max_hp_loss":0,"event_name":"Match and Keep!","floor":5,"gold_loss":0,"cards_obtained":[]}],"is_beta":false,"boss_relics":[{"not_picked":["halation:LoveArrow","Snecko Heart"],"picked":"aspiration:ServantSkillbook"}],"items_purged_floors":[],"is_endless":false,"potions_floor_spawned":[3,7,11,12,13,14],"killed_by":"Book of Stabbing","ascension_level":1}}