{"host":"w2kjv12xyhtt0cv2","time":1608961429,"event":{"mods":["Act Like it!","BaseMod","Colored Map","Conspire","Downfall","Friendly Minions","Gensokyo","Highlight Path","Hubris","Marisa£¨ìFÓê¡¡Ä§ÀíÉ³£©","Minty Spire (QoL Compilation)","Quick Restart","Reimu£¨²©ÀöÁéÃÎ£©","Relic Stats","Replay The Spire","RumiaBox-Â¶Ã×æ«µÄÉñÃØºÐ×Ó","Spicy Shops","StSLib","SuperFastMode","The Servant 0.9.4","UnlockEverythingMod","Waifu the Spire","vexMod","¡¾¹¦ÄÜMod¡¿»ìãçÖ®»·ÐÞ¸´²¹¶¡","¡¾ÒÅÎï¿¨ÅÆ¡¿REMEMod"],"gold_per_floor":[117,117,131,131,151,151,165,165],"floor_reached":7,"playtime":353,"items_purged":[],"score":41,"play_id":"f6293f17-f9d1-40f1-94f1-9cafa4015bbe","local_time":"20201226134349","is_ascension_mode":false,"campfire_choices":[{"data":"Robbery","floor":6,"key":"SMITH"}],"circlet_count":0,"master_deck":["Strike_MRS","Strike_MRS","Strike_MRS","Strike_MRS","Defend_MRS","Defend_MRS","Defend_MRS","Defend_MRS","MasterSpark","UpSweep","expansioncontent:CaCaw","6A","MagicChant","UnstableBomb","Robbery+1"],"relics":["MiniHakkero","REME_ComplimentaryCards","NeowsBlessing"],"acts_visited":["Gensokyo:Gensokyo"],"potions_floor_usage":[],"damage_taken":[{"damage":0,"enemies":"Gensokyo:Gryphon","floor":1,"turns":1},{"damage":9,"enemies":"Gensokyo:3_Fairies","floor":3,"turns":2},{"damage":0,"enemies":"Gensokyo:Python","floor":5,"turns":1},{"damage":33,"enemies":"Gensokyo:Aya","floor":7,"turns":6}],"seed_played":"2852783611664175878","potions_obtained":[{"floor":1,"key":"SkillPotion"},{"floor":3,"key":"GamblersBrew"}],"is_trial":false,"path_per_floor":["M","?","M","?","M","R","E"],"character_chosen":"MARISA","items_purchased":[],"campfire_rested":0,"item_purchase_floors":[],"current_hp_per_floor":[75,75,66,66,66,66,33,33],"gold":165,"neow_bonus":"THREE_ENEMY_KILL","is_daily":false,"chose_seed":false,"campfire_upgraded":1,"win_rate":0.0,"timestamp":1608961429,"path_taken":["M","?","M","?","M","R","E"],"items_purchased_type":[],"build_version":"2020-12-22","purchased_purges":0,"victory":false,"max_hp_per_floor":[75,75,75,75,75,75,75,75],"relic_stats":{"counters":[4,10],"obtain_stats":[{"NeowsBlessing":0,"MiniHakkero":0,"REME_ComplimentaryCards":0},{"NeowsBlessing":0,"MiniHakkero":0,"REME_ComplimentaryCards":0},{"NeowsBlessing":0,"MiniHakkero":0,"REME_ComplimentaryCards":0}]},"card_choices":[{"not_picked":["GravityBeat","Acceleration","GrandCross"],"picked":"SKIP","floor":1},{"not_picked":["Occultation","LuminesStrike"],"picked":"6A","floor":2},{"not_picked":["StarlightTyphoon","OrrerysSun"],"picked":"MagicChant","floor":2},{"not_picked":["IllusionStar","6A"],"picked":"UnstableBomb","floor":3},{"not_picked":["WitchLeyline","AsteroidBelt","PowerUp"],"picked":"SKIP","floor":5}],"player_experience":259,"relics_obtained":[],"event_choices":[],"is_beta":false,"boss_relics":[],"items_purged_floors":[],"is_endless":false,"potions_floor_spawned":[1,3],"killed_by":"Gensokyo:Aya","ascension_level":0}}