{"host":"kiauivt48syq9iz6","time":1608976806,"event":{"mods":["BaseMod","Conspire","Downfall","Hermit","Minty Spire (QoL Compilation)","Replay The Spire","SIMod","StSLib","The Animator","The Construct","The Cursed","The Runesmith","The Servant 0.9.4"],"gold_per_floor":[109,189,189,207,220,220,295,295,295,470,32,42,42,59,59,155,155,169,169,15,29,48,48,48,48,123,140,186,204,230,101,101,101,101],"floor_reached":33,"playtime":1523,"items_purged":["Doubt","hermit:Defend_Hermit"],"score":280,"play_id":"f903b94d-8c96-4555-81f2-b728b5cc097a","local_time":"20201226030006","is_ascension_mode":false,"campfire_choices":[{"data":"hermit:Snapshot","floor":6,"key":"SMITH"},{"floor":8,"key":"REST"},{"floor":23,"key":"REST"},{"data":"hermit:Strike_Hermit","floor":32,"key":"PURGE"}],"circlet_count":0,"master_deck":["hermit:Defend_Hermit","hermit:Snapshot+1","hermit:Covet+1","Regret","hermit:Headshot","Pain","hermit:Snipe","hermit:HoleUp","hermit:Vantage","hermit:FatalDesire","hermit:Brawl","hermit:Gestalt","hermit:Adapt","hermit:Dive+1","Ghostly","Ghostly","Ghostly","Ghostly","Ghostly","hermit:WideOpen","hermit:Vantage","hermit:Purgatory","hermit:Malice","hermit:Quickdraw+1","hermit:Horror","hermit:DeadOrAlive+1","Regret","hermit:TakeAim","hermit:TakeAim","hermit:LuckOfTheDraw","hermit:Deadeye+1"],"relics":["hermit:Momento","Peace Pipe","WarpedTongs","Question Card","Eternal Feather","Empty Cage","Molten Egg 2","Toy Ornithopter","Replay:Kaleidoscope","ReplayTheSpireMod:CursedCoin","Replay:Wax Seal"],"acts_visited":["Exordium","TheCity"],"potions_floor_usage":[16,16,18,33,33],"damage_taken":[{"damage":4,"enemies":"2 Louse","floor":1,"turns":3},{"damage":0,"enemies":"Cultist","floor":4,"turns":3},{"damage":5,"enemies":"Small Slimes","floor":5,"turns":2},{"damage":12,"enemies":"Blue Slaver","floor":12,"turns":4},{"damage":2,"enemies":"2 Fungi Beasts","floor":14,"turns":6},{"damage":37,"enemies":"Fading Forest","floor":16,"turns":11},{"damage":15,"enemies":"3 Byrds","floor":18,"turns":6},{"damage":18,"enemies":"Chosen","floor":21,"turns":8},{"damage":0,"enemies":"Snecko","floor":22,"turns":7},{"damage":4,"enemies":"Centurion and Healer","floor":27,"turns":6},{"damage":5,"enemies":"Snake Plant","floor":29,"turns":6},{"damage":17,"enemies":"Gremlin Leader","floor":30,"turns":7},{"damage":43,"enemies":"Champ","floor":33,"turns":15}],"seed_played":"1283310165482194279","potions_obtained":[{"floor":5,"key":"Ancient Potion"},{"floor":14,"key":"Flashbang"},{"floor":22,"key":"Milkshake"},{"floor":27,"key":"Strength Potion"},{"floor":30,"key":"hermit:Eclipse"}],"is_trial":false,"path_per_floor":["M","?","?","M","M","R","?","R","T","?","$","M","?","M","R","B",null,"M","?","$","M","M","R","?","$","T","M","T","M","E","$","R","B"],"character_chosen":"HERMIT","items_purchased":["hermit:Vantage","Eternal Feather","LiquidMemories","hermit:WideOpen","ReplayTheSpireMod:CursedCoin","hermit:TakeAim","hermit:LuckOfTheDraw","hermit:Deadeye+1","Replay:Wax Seal"],"campfire_rested":2,"item_purchase_floors":[11,11,11,20,31,31,31,31,31],"current_hp_per_floor":[71,71,71,71,66,66,55,75,75,75,75,63,63,61,70,63,75,60,37,37,19,19,37,37,37,37,33,33,28,11,11,29,0,0],"gold":101,"neow_bonus":"RANDOM_EVENT","is_daily":false,"chose_seed":false,"campfire_upgraded":1,"win_rate":0.0,"timestamp":1608976806,"path_taken":["M","?","?","?","M","R","?","R","T","?","$","M","?","M","R","BOSS","M","?","$","M","M","R","?","$","T","M","?","?","E","?","R","BOSS"],"items_purchased_type":["Card","Relic","Potion","Card","Relic","Card","Card","Card","Relic"],"build_version":"2020-12-22","purchased_purges":2,"victory":false,"max_hp_per_floor":[75,75,75,75,75,75,75,75,75,75,75,75,75,75,75,75,75,75,37,37,37,37,37,37,37,37,37,37,37,37,37,37,37,37],"card_choices":[{"not_picked":["hermit:Cheat","hermit:Ricochet"],"picked":"hermit:Headshot","floor":1},{"not_picked":["hermit:Vantage","hermit:LuckOfTheDraw"],"picked":"hermit:Snipe","floor":4},{"not_picked":["hermit:CalledShot","hermit:TrackingShot"],"picked":"hermit:HoleUp","floor":5},{"not_picked":["hermit:HighCaliber","hermit:Combo","hermit:Feint"],"picked":"hermit:FatalDesire","floor":12},{"not_picked":["hermit:Headshot","hermit:NoHoldsBarred","hermit:TakeCover"],"picked":"hermit:Brawl","floor":14},{"not_picked":["hermit:BlackWind","hermit:HighNoon","hermit:Dissolve"],"picked":"hermit:Adapt","floor":16},{"not_picked":["hermit:BodyArmor","hermit:Showdown","hermit:Snipe+1"],"picked":"hermit:Dive+1","floor":18},{"not_picked":["hermit:Dive","hermit:Headshot","hermit:HoleUp","hermit:Spite"],"picked":"SKIP","floor":21},{"not_picked":["hermit:DeadMansHand","hermit:Misfire","hermit:Dive"],"picked":"hermit:Vantage","floor":22},{"not_picked":["hermit:RoundhouseKick+1","hermit:LowProfile","hermit:Headshot+1"],"picked":"hermit:Quickdraw+1","floor":27},{"not_picked":["hermit:Coalescence","hermit:Snipe+1","hermit:BodyArmor"],"picked":"hermit:Horror","floor":29},{"not_picked":["hermit:Virtue","hermit:GoldenBullet+1","hermit:DeadMansHand+1"],"picked":"hermit:DeadOrAlive+1","floor":30}],"player_experience":92103,"relics_obtained":[{"floor":9,"key":"Question Card"},{"floor":26,"key":"Molten Egg 2"},{"floor":28,"key":"Toy Ornithopter"},{"floor":30,"key":"Replay:Kaleidoscope"}],"event_choices":[{"damage_healed":0,"gold_gain":0,"player_choice":"Box","damage_taken":0,"relics_obtained":["Peace Pipe"],"max_hp_gain":0,"max_hp_loss":0,"event_name":"Big Fish","floor":0,"gold_loss":0,"cards_obtained":["Regret"]},{"damage_healed":0,"gold_gain":80,"player_choice":"Gained Gold","damage_taken":0,"max_hp_gain":0,"max_hp_loss":0,"event_name":"Golden Wing","floor":2,"gold_loss":0},{"damage_healed":0,"gold_gain":0,"player_choice":"Rummage","damage_taken":0,"relics_obtained":["WarpedTongs"],"max_hp_gain":0,"max_hp_loss":0,"event_name":"Accursed Blacksmith","floor":3,"gold_loss":0,"cards_obtained":["Pain"]},{"damage_healed":0,"gold_gain":75,"player_choice":"Gather Gold","damage_taken":11,"max_hp_gain":0,"max_hp_loss":0,"event_name":"World of Goop","floor":7,"gold_loss":0},{"damage_healed":0,"gold_gain":175,"player_choice":"AGREE","damage_taken":0,"max_hp_gain":0,"max_hp_loss":0,"event_name":"Liars Game","floor":10,"gold_loss":0,"cards_obtained":["Doubt"]},{"damage_healed":0,"gold_gain":0,"player_choice":"Became a Ghost","damage_taken":0,"max_hp_gain":0,"max_hp_loss":38,"event_name":"Ghosts","floor":19,"gold_loss":0,"cards_obtained":["Ghostly","Ghostly","Ghostly","Ghostly","Ghostly"]},{"damage_healed":0,"gold_gain":0,"cards_transformed":["hermit:Strike_Hermit","hermit:Strike_Hermit"],"player_choice":"Became Test Subject","damage_taken":0,"max_hp_gain":0,"max_hp_loss":0,"event_name":"Drug Dealer","floor":24,"gold_loss":0,"cards_obtained":["hermit:Purgatory","hermit:Malice"]}],"is_beta":false,"boss_relics":[{"not_picked":["Replay:Wanted Poster","Ectoplasm"],"picked":"Empty Cage"}],"items_purged_floors":[11,20],"is_endless":false,"potions_floor_spawned":[5,14,22,27,30],"killed_by":"Champ","ascension_level":0}}