{"host":"7ttbe3gzet1mthv0","time":1608979124,"event":{"mods":["AchievementEnabler","BaseMod","Bestiary","Better Match","Better Note","Better Sensory Stone","Better Third Choice","BetterRewards","CapriCore","Colored Map","Colored Powertips","Custom Start","Downfall","Hermit","Highlight Path","Infinite Spire","Jorbs\u0027s Wanderer Trilogy","Luminous","Marisa????????","Minty Spire (QoL Compilation)","Rare Cards Sparkle","Relic Stats","Spicy Shops","StSLib","The Alterego","The Bug Knight","The Hierophant","The Marked","Wandering Minibosses"],"gold_per_floor":[110,127,69,69,89,89,114,114,114,145,125,125,141,158,158,261,261,274,285,210,210,227,227,227],"floor_reached":23,"playtime":1209,"items_purged":[],"score":211,"play_id":"97ae2b1b-ad53-45a8-b281-8a4133ffbac2","local_time":"20201226113844","is_ascension_mode":true,"campfire_choices":[{"data":"Dagger Spray","floor":6,"key":"SMITH"},{"floor":8,"key":"REST"},{"floor":12,"key":"REST"},{"data":"Malaise","floor":15,"key":"SMITH"}],"circlet_count":0,"master_deck":["Strike_G","Strike_G","Strike_G","Strike_G","Strike_G","Defend_G","Defend_G","Defend_G","Defend_G","Defend_G","Survivor","Neutralize+1","Dagger Spray+1","Catalyst","Malaise+1","A Thousand Cuts","Caltrops","Bouncing Flask","Adrenaline","Acrobatics","Escape Plan","Calculated Gamble"],"relics":["Ring of the Snake","PreservedInsect","Du-Vu Doll","Question Card","Meat on the Bone","Runic Pyramid","GremlinMask"],"acts_visited":["Exordium","TheCity"],"potions_floor_usage":[7,16,16,16,23,23],"damage_taken":[{"damage":0,"enemies":"Jaw Worm","floor":1,"turns":4},{"damage":0,"enemies":"Small Slimes","floor":2,"turns":3},{"damage":1,"enemies":"Cultist","floor":5,"turns":5},{"damage":43,"enemies":"Lagavulin","floor":7,"turns":10},{"damage":19,"enemies":"3 Sentries","floor":10,"turns":6},{"damage":30,"enemies":"Large Slime","floor":13,"turns":7},{"damage":5,"enemies":"Gremlin Gang","floor":14,"turns":4},{"damage":19,"enemies":"Hexaghost","floor":16,"turns":7},{"damage":6,"enemies":"Chosen","floor":18,"turns":5},{"damage":3,"enemies":"3 Byrds","floor":19,"turns":5},{"damage":41,"enemies":"Shelled Parasite and Fungi","floor":22,"turns":6},{"damage":42,"enemies":"3 Cultists","floor":23,"turns":3}],"seed_played":"4679312415406748755","potions_obtained":[{"floor":2,"key":"BlessingOfTheForge"},{"floor":5,"key":"FearPotion"},{"floor":11,"key":"PowerPotion"},{"floor":14,"key":"Energy Potion"},{"floor":16,"key":"Dexterity Potion"},{"floor":18,"key":"hexamod:EctoCoolerPotion"}],"is_trial":false,"path_per_floor":["M","M","$","?","M","R","E","R","T","E","?","R","M","M","R","B",null,"M","M","?","?","M","M"],"character_chosen":"THE_SILENT","items_purchased":["PreservedInsect"],"campfire_rested":2,"item_purchase_floors":[3],"current_hp_per_floor":[70,70,70,70,69,69,26,47,47,28,28,49,31,38,38,31,70,64,61,61,61,32,0,0],"gold":227,"neow_bonus":"UPGRADE_CARD","is_daily":false,"chose_seed":false,"campfire_upgraded":2,"win_rate":0.0,"timestamp":1608979124,"path_taken":["M","M","$","?","M","R","E","R","T","E","?","R","M","M","R","BOSS","M","M","?","?","M","M"],"items_purchased_type":["Relic"],"build_version":"2020-12-22","purchased_purges":0,"victory":false,"max_hp_per_floor":[70,70,70,70,70,70,70,70,70,70,70,70,70,70,70,70,70,70,70,70,70,70,70,70],"relic_stats":{"counters":[12,65],"PreservedInsect":68,"Question Card":8,"obtain_stats":[{"Du-Vu Doll":7,"GremlinMask":21,"PreservedInsect":3,"Question Card":9,"Ring of the Snake":0,"Meat on the Bone":10,"Runic Pyramid":17},{"Du-Vu Doll":4,"GremlinMask":10,"PreservedInsect":2,"Question Card":4,"Ring of the Snake":0,"Meat on the Bone":5,"Runic Pyramid":8},{"Du-Vu Doll":22,"GremlinMask":56,"PreservedInsect":7,"Question Card":22,"Ring of the Snake":0,"Meat on the Bone":28,"Runic Pyramid":46}],"Ring of the Snake":[24],"Meat on the Bone":48},"card_choices":[{"not_picked":["Outmaneuver","Dodge and Roll"],"picked":"Dagger Spray","floor":1},{"not_picked":["Slice","Sucker Punch","Underhanded Strike"],"picked":"SKIP","floor":2},{"not_picked":["Bane","Deadly Poison"],"picked":"Catalyst","floor":5},{"not_picked":["Infinite Blades","Sucker Punch"],"picked":"Malaise","floor":7},{"not_picked":["Noxious Fumes","Dodge and Roll","Backflip"],"picked":"A Thousand Cuts","floor":10},{"not_picked":["Poisoned Stab","Bane","Dagger Spray"],"picked":"Caltrops","floor":13},{"not_picked":["Escape Plan","Blade Dance","Skewer"],"picked":"Bouncing Flask","floor":14},{"not_picked":["Unload","Bullet Time","Wraith Form v2"],"picked":"Adrenaline","floor":16},{"not_picked":["Sucker Punch","Backstab","Slice"],"picked":"Acrobatics","floor":18},{"not_picked":["All Out Attack","Well Laid Plans","Backflip"],"picked":"Escape Plan","floor":19},{"not_picked":["Endless Agony","Predator+1","Outmaneuver"],"picked":"Calculated Gamble","floor":22}],"player_experience":31104,"relics_obtained":[{"floor":7,"key":"Du-Vu Doll"},{"floor":9,"key":"Question Card"},{"floor":10,"key":"Meat on the Bone"}],"event_choices":[{"damage_healed":0,"gold_gain":0,"player_choice":"Bought 1 Potion","damage_taken":0,"max_hp_gain":0,"max_hp_loss":0,"event_name":"The Woman in Blue","floor":11,"gold_loss":0},{"cards_removed":["Decay"],"damage_healed":0,"gold_gain":0,"player_choice":"Gave Gold","damage_taken":0,"max_hp_gain":0,"max_hp_loss":0,"event_name":"Beggar","floor":20,"gold_loss":75},{"damage_healed":0,"gold_gain":0,"player_choice":"Trade","damage_taken":0,"relics_obtained":["GremlinMask"],"max_hp_gain":0,"max_hp_loss":0,"event_name":"FaceTrader","floor":21,"gold_loss":0}],"is_beta":false,"boss_relics":[{"not_picked":["Coffee Dripper","Snecko Eye"],"picked":"Runic Pyramid"}],"items_purged_floors":[],"is_endless":false,"potions_floor_spawned":[2,5,14,16,18],"killed_by":"3 Cultists","ascension_level":1}}