{"host":"v1m5rkjj38qutr02","time":1608990758,"event":{"mods":["Act Like it!","BaseMod","Conspire","Gensokyo","GungeonMod","Hallownest","Minty Spire (QoL Compilation)","Replay The Spire","StSLib","The Bug Knight","Youmu£®ªÍ∆«—˝√Œ£©"],"gold_per_floor":[118,118,293,293,304,330,343,343,643,643,643],"floor_reached":10,"playtime":435,"items_purged":[],"score":118,"play_id":"5a28a54b-5500-433a-a0e3-9cba3739361c","local_time":"20201226215238","is_ascension_mode":true,"campfire_choices":[{"data":"White Noise","floor":8,"key":"SMITH"}],"circlet_count":0,"master_deck":["Strike_B","Strike_B","Strike_B","Defend_B","Defend_B","Defend_B","Defend_B","Zap","Dualcast","Doubt","Undo","Heatsinks","White Noise+1","Creative AI"],"relics":["Cracked Core","NeowsBlessing","Ancient Tea Set","Old Coin"],"acts_visited":["Exordium"],"potions_floor_usage":[],"damage_taken":[{"damage":0.0,"enemies":"Jaw Worm","floor":1.0,"turns":1.0},{"damage":0,"enemies":"Small Slimes","floor":5,"turns":1},{"damage":0,"enemies":"3 Sentries","floor":6,"turns":1},{"damage":8,"enemies":"2 Louse","floor":7,"turns":3},{"damage":26,"enemies":"Gremlin Nob","floor":10,"turns":4}],"seed_played":"9030723438404981878","potions_obtained":[{"floor":1.0,"key":"FocusPotion"},{"floor":6,"key":"Elixir"}],"is_trial":false,"path_per_floor":["M","?","?","?","M","E","M","R","T","E"],"character_chosen":"DEFECT","items_purchased":[],"campfire_rested":0,"item_purchase_floors":[],"current_hp_per_floor":[68,73,73,73,73,73,65,65,65,39,39],"gold":643,"neow_bonus":"THREE_ENEMY_KILL","is_daily":false,"chose_seed":false,"campfire_upgraded":1,"win_rate":0.0,"timestamp":1608990758,"path_taken":["M","?","?","?","?","E","?","R","T","E"],"items_purchased_type":[],"build_version":"2020-12-22","purchased_purges":0,"victory":false,"max_hp_per_floor":[75,80,80,80,80,80,80,80,80,80,80],"card_choices":[{"not_picked":["Leap","BasicCrystalCard","Barrage"],"picked":"SKIP","floor":1.0},{"not_picked":["Leap","Streamline"],"picked":"Heatsinks","floor":5},{"not_picked":["Conserve Battery","Redo"],"picked":"White Noise","floor":6},{"not_picked":["Melter","Streamline"],"picked":"Creative AI","floor":7}],"player_experience":382863,"relics_obtained":[{"floor":6,"key":"Ancient Tea Set"},{"floor":9,"key":"Old Coin"}],"event_choices":[{"damage_healed":0,"gold_gain":0,"player_choice":"Donut","damage_taken":0,"max_hp_gain":5,"max_hp_loss":0,"event_name":"Big Fish","floor":2,"gold_loss":0},{"damage_healed":0,"gold_gain":175,"player_choice":"AGREE","damage_taken":0,"max_hp_gain":0,"max_hp_loss":0,"event_name":"Liars Game","floor":3,"gold_loss":0,"cards_obtained":["Doubt"]},{"damage_healed":0,"gold_gain":0,"cards_transformed":["Strike_B"],"player_choice":"Transformed","damage_taken":0,"max_hp_gain":0,"max_hp_loss":0,"event_name":"Transmorgrifier","floor":4,"gold_loss":0,"cards_obtained":["Undo"]}],"is_beta":false,"boss_relics":[],"items_purged_floors":[],"is_endless":false,"potions_floor_spawned":[1,6],"killed_by":"Gremlin Nob","ascension_level":6}}