{"host":"qhhcmep1unj6mpf7","time":1608978595,"event":{"mods":["2.2 Compatiblity","AchievementEnabler","BaseMod","Colored Map","DeckTracker","Highlight Path","Keyboard Shortcuts","Minty Spire (QoL Compilation)","Permanent Neow","Quick Restart","Random Character Button","StSLib","SuperFastMode","everything is the same but u backflip on backflip"],"gold_per_floor":[118,118,17,29,39,39,65,76,76,76,94,94,121,140,140,242,242,260,359,359,47,47,47,47,47,47,73,73,86,86,102,102,201,201,216,216,268,268,38,38,38],"floor_reached":40,"playtime":1625,"items_purged":["All For One"],"score":678,"play_id":"02c3b450-3964-4faa-b484-7c56817339f1","local_time":"20201226192955","is_ascension_mode":true,"campfire_choices":[{"data":"Coolheaded","floor":6.0,"key":"SMITH"},{"data":"Self Repair","floor":10.0,"key":"SMITH"},{"data":"Defragment","floor":15.0,"key":"SMITH"},{"data":"Capacitor","floor":23.0,"key":"SMITH"},{"data":"Defragment","floor":28.0,"key":"SMITH"},{"data":"Defragment","floor":30.0,"key":"SMITH"},{"data":"Blizzard","floor":32.0,"key":"SMITH"}],"circlet_count":0,"master_deck":["Zap","Dualcast","Echo Form+1","Genetic Algorithm","Coolheaded+1","Ball Lightning+1","Self Repair+1","Defragment+1","Glacier","Coolheaded","Electrodynamics","Glacier","Blizzard+1","Defragment+1","Consume","Turbo","Capacitor+1","Defragment+1","Defragment","Bandage Up"],"relics":["Cracked Core","Boot","Odd Mushroom","Pandora\u0027s Box","Art of War","Matryoshka","Singing Bowl","SacredBark","Prayer Wheel","Omamori"],"acts_visited":["Exordium","TheCity","TheBeyond"],"potions_floor_usage":[40,40],"damage_taken":[{"damage":14.0,"enemies":"Small Slimes","floor":1.0,"turns":4.0},{"damage":8.0,"enemies":"Jaw Worm","floor":4.0,"turns":4.0},{"damage":3.0,"enemies":"2 Louse","floor":5.0,"turns":2.0},{"damage":26.0,"enemies":"Lagavulin","floor":7.0,"turns":9.0},{"damage":8.0,"enemies":"Looter","floor":8.0,"turns":5.0},{"damage":7.0,"enemies":"2 Fungi Beasts","floor":11.0,"turns":5.0},{"damage":21.0,"enemies":"The Mushroom Lair","floor":13.0,"turns":5.0},{"damage":0.0,"enemies":"Large Slime","floor":14.0,"turns":7.0},{"damage":17.0,"enemies":"The Guardian","floor":16.0,"turns":13.0},{"damage":5.0,"enemies":"2 Thieves","floor":18.0,"turns":3.0},{"damage":11.0,"enemies":"Slavers","floor":27.0,"turns":5.0},{"damage":12.0,"enemies":"Shell Parasite","floor":29.0,"turns":8.0},{"damage":8.0,"enemies":"Centurion and Healer","floor":31.0,"turns":7.0},{"damage":0.0,"enemies":"Champ","floor":33.0,"turns":12.0},{"damage":4.0,"enemies":"3 Shapes","floor":35.0,"turns":4.0},{"damage":75,"enemies":"2 Orb Walkers","floor":37,"turns":5},{"damage":9,"enemies":"Reptomancer","floor":40,"turns":1}],"seed_played":"8292083822299758303","potions_obtained":[{"floor":1.0,"key":"PotionOfCapacity"},{"floor":4.0,"key":"SpeedPotion"},{"floor":7.0,"key":"FocusPotion"},{"floor":14.0,"key":"Dexterity Potion"},{"floor":18.0,"key":"DistilledChaos"},{"floor":31.0,"key":"LiquidBronze"},{"floor":35.0,"key":"PowerPotion"}],"is_trial":false,"path_per_floor":["M","?","$","M","M","R","E","M","T","R","M","?","?","M","R","B",null,"M","?","?","$","?","R","?","?","T","E","R","M","R","M","R","B",null,"M","?","?","?","$","E"],"character_chosen":"DEFECT","items_purchased":["Coolheaded","Ball Lightning","Art of War","Defragment","Omamori","Bandage Up"],"campfire_rested":0,"item_purchase_floors":[3,3,21,21,39,39],"current_hp_per_floor":[54,54,54,46,43,43,31,30,30,30,43,29,18,38,38,31,59,54,54,54,54,54,54,54,54,54,65,65,72,72,74,74,76,76,76,76,3,5,5,0,0],"gold":38,"neow_bonus":"THREE_RARE_CARDS","is_daily":false,"chose_seed":false,"campfire_upgraded":7,"win_rate":0.0,"timestamp":1608978595,"path_taken":["M","?","$","M","M","R","E","M","T","R","M","?","?","?","R","BOSS","M","?","?","$","?","R","?","?","T","E","R","M","R","M","R","BOSS","M","?","?","?","?","E"],"items_purchased_type":["Card","Card","Relic","Card","Relic","Card"],"build_version":"2020-12-22","purchased_purges":1,"victory":false,"max_hp_per_floor":[68,68,68,68,68,68,68,68,68,68,68,68,68,68,68,68,68,68,68,68,68,68,68,68,68,68,70,70,72,72,74,74,76,76,76,76,78,80,80,80,80],"card_choices":[{"not_picked":["Core Surge","All For One"],"picked":"Echo Form","floor":0.0},{"not_picked":["Steam Power","Redo"],"picked":"Genetic Algorithm","floor":1.0},{"not_picked":["Storm","Rebound","Gash"],"picked":"SKIP","floor":4.0},{"not_picked":["Leap","Genetic Algorithm"],"picked":"Self Repair","floor":5.0},{"not_picked":["Gash","Beam Cell","Melter"],"picked":"SKIP","floor":7.0},{"not_picked":["Self Repair","Hologram","Chill"],"picked":"SKIP","floor":8.0},{"not_picked":["Self Repair","Hologram","Chill"],"picked":"SKIP","floor":8.0},{"not_picked":["Fusion","Amplify"],"picked":"Defragment","floor":11.0},{"not_picked":["Rebound","Stack"],"picked":"Glacier","floor":13.0},{"not_picked":["Sweeping Beam","Chaos"],"picked":"Coolheaded","floor":14.0},{"not_picked":["Fission","Reboot"],"picked":"Electrodynamics","floor":16.0},{"not_picked":["Ball Lightning","Genetic Algorithm","Force Field+1"],"picked":"SKIP","floor":18.0},{"not_picked":["Scrape","Barrage+1","Leap"],"picked":"Singing Bowl","floor":27.0},{"not_picked":["Tempest","Leap","Hello World"],"picked":"Singing Bowl","floor":29.0},{"not_picked":["Barrage","Static Discharge","Beam Cell"],"picked":"Singing Bowl","floor":31.0},{"not_picked":["Thunder Strike","Biased Cognition","Machine Learning"],"picked":"Singing Bowl","floor":33.0},{"not_picked":["Auto Shields+1","Stack+1"],"picked":"Defragment","floor":35.0},{"not_picked":["Compile Driver","Beam Cell","Stack"],"picked":"Singing Bowl","floor":37},{"not_picked":["Finesse","Mind Blast","Panacea"],"picked":"Singing Bowl","floor":38}],"player_experience":318697,"relics_obtained":[{"floor":7.0,"key":"Boot"},{"floor":13.0,"key":"Odd Mushroom"},{"floor":26.0,"key":"Matryoshka"},{"floor":27.0,"key":"Singing Bowl"},{"floor":37,"key":"Prayer Wheel"}],"event_choices":[{"damage_healed":0.0,"max_hp_gain":0.0,"max_hp_loss":0.0,"gold_gain":0.0,"event_name":"Living Wall","player_choice":"Grow","floor":2.0,"gold_loss":0.0,"damage_taken":0.0,"cards_upgraded":["Echo Form"]},{"damage_healed":0.0,"max_hp_gain":0.0,"max_hp_loss":0.0,"gold_gain":0.0,"event_name":"Shining Light","player_choice":"Entered Light","floor":12.0,"gold_loss":0.0,"damage_taken":14.0,"cards_upgraded":["Ball Lightning","Defend_B"]},{"damage_healed":0.0,"max_hp_gain":0.0,"max_hp_loss":0.0,"gold_gain":0.0,"event_name":"Mushrooms","player_choice":"Fought Mushrooms","floor":13.0,"gold_loss":0.0,"damage_taken":0.0},{"damage_healed":0.0,"max_hp_gain":0.0,"max_hp_loss":0.0,"gold_gain":99.0,"event_name":"Nest","player_choice":"Stole From Cult","floor":19.0,"gold_loss":0.0,"damage_taken":0.0},{"damage_healed":0.0,"max_hp_gain":0.0,"max_hp_loss":0.0,"gold_gain":0.0,"event_name":"The Library","player_choice":"Read","floor":20.0,"gold_loss":0.0,"damage_taken":0.0,"cards_obtained":["Capacitor"]},{"cards_removed":["Darkness"],"damage_healed":0.0,"max_hp_gain":0.0,"max_hp_loss":0.0,"gold_gain":0.0,"event_name":"Back to Basics","player_choice":"Elegance","floor":22.0,"gold_loss":0.0,"damage_taken":0.0},{"damage_healed":0.0,"max_hp_gain":0.0,"max_hp_loss":0.0,"gold_gain":0.0,"event_name":"Vampires","player_choice":"Ignored","floor":24.0,"gold_loss":0.0,"damage_taken":0.0},{"damage_healed":0.0,"max_hp_gain":0.0,"max_hp_loss":0.0,"gold_gain":0.0,"event_name":"Ghosts","player_choice":"Ignored","floor":25.0,"gold_loss":0.0,"damage_taken":0.0},{"cards_removed":["Cold Snap"],"damage_healed":0.0,"max_hp_gain":0.0,"max_hp_loss":0.0,"gold_gain":0.0,"event_name":"Falling","player_choice":"Removed Attack","floor":36.0,"gold_loss":0.0,"damage_taken":0.0},{"damage_healed":0,"gold_gain":0,"player_choice":"Fight","damage_taken":0,"max_hp_gain":0,"max_hp_loss":0,"event_name":"Mysterious Sphere","floor":37,"gold_loss":0},{"damage_healed":0,"gold_gain":0,"player_choice":"Memory 1","damage_taken":0,"max_hp_gain":0,"max_hp_loss":0,"event_name":"SensoryStone","floor":38,"gold_loss":0}],"is_beta":false,"boss_relics":[{"not_picked":["Empty Cage","Nuclear Battery"],"picked":"Pandora\u0027s Box"},{"not_picked":["Runic Dome","Fusion Hammer"],"picked":"SacredBark"}],"items_purged_floors":[21],"is_endless":false,"potions_floor_spawned":[1,4,7,14,18,31,35,37],"killed_by":"Reptomancer","ascension_level":9}}