{"host":"53w25izqmiakdcya","time":1608972625,"event":{"mods":["BaseMod","Colored Powertips","Downfall","Minty Spire (QoL Compilation)","Quick Restart","Rare Cards Sparkle","StSLib"],"gold_per_floor":[99,118,131,131,143,158,158,83,116,116,128,128,161,3,16,121,421,346,360,379,379,389,389,389,389,408,0,19,35,35,35,48,48,48,48],"floor_reached":33,"playtime":2924,"items_purged":[],"score":261,"play_id":"5db05c10-205e-4e1c-bb3b-8c8601a3769c","local_time":"20201226025025","is_ascension_mode":false,"campfire_choices":[{"floor":1.0,"key":"RECALL"},{"data":"champ:Taunt","floor":8.0,"key":"SMITH"},{"data":"champ:Backstep","floor":10.0,"key":"SMITH"},{"data":"champ:Backstep","floor":12.0,"key":"SMITH"},{"data":"champ:StrikeOfGenius","floor":18.0,"key":"SMITH"},{"floor":23.0,"key":"REST"},{"data":"champ:StanceDance","floor":25,"key":"SMITH"},{"floor":30,"key":"REST"}],"circlet_count":0,"master_deck":["champ:Strike","champ:Strike","champ:Strike","champ:Strike","champ:Defend","champ:Defend","champ:Defend","champ:Defend","champ:Execute","champ:Taunt+1","champ:VampiricStrike","champ:Backstep+1","champ:Backstep+1","champ:FaceSlap","champ:BerserkersShout","champ:FanOfKnives","champ:ShieldWall","champ:FalseCounter","champ:CalledShot","Swift Strike","champ:BerserkersShout","champ:IronFortress","champ:StrikeOfGenius+1","CurseOfTheBell","champ:StanceDance+1","champ:FanOfKnives","champ:BringItOn","champ:BringItOn","champ:Balance+1","champ:Duel","champ:AdrenalArmor","champ:DefensiveShout","champ:Control","champ:GladiatorStyle+1"],"relics":["champ:ChampionCrown","Regal Pillow","downfall:HeartBlessingRed","Sundial","Potion Belt","Calling Bell","Boot","Pantograph","Old Coin","downfall:HeartBlessingGreen","Gremlin Horn","Letter Opener"],"acts_visited":["Exordium","TheCity"],"potions_floor_usage":[29,32,33],"damage_taken":[{"damage":5.0,"enemies":"2 Louse","floor":2.0,"turns":3.0},{"damage":12.0,"enemies":"Cultist","floor":3.0,"turns":4.0},{"damage":7.0,"enemies":"Jaw Worm","floor":5.0,"turns":5.0},{"damage":7.0,"enemies":"Lots of Slimes","floor":6.0,"turns":7.0},{"damage":33.0,"enemies":"3 Sentries","floor":9.0,"turns":15.0},{"damage":12.0,"enemies":"Gremlin Gang","floor":11.0,"turns":6.0},{"damage":39.0,"enemies":"Gremlin Nob","floor":13.0,"turns":5.0},{"damage":10.0,"enemies":"downfall:FleeingMerchant","floor":14.0,"turns":4.0},{"damage":11.0,"enemies":"Exordium Wildlife","floor":15.0,"turns":6.0},{"damage":62.0,"enemies":"downfall:Watcher","floor":16.0,"turns":9.0},{"damage":54.0,"enemies":"Spheric Guardian","floor":19.0,"turns":6.0},{"damage":54.0,"enemies":"Chosen","floor":20.0,"turns":7.0},{"damage":39.0,"enemies":"Shelled Parasite and Fungi","floor":22.0,"turns":6.0},{"damage":32,"enemies":"Centurion and Healer","floor":26,"turns":9},{"damage":27,"enemies":"downfall:FleeingMerchant","floor":27,"turns":4},{"damage":36,"enemies":"Cultist and Chosen","floor":28,"turns":10},{"damage":38,"enemies":"Snecko","floor":29,"turns":6},{"damage":20,"enemies":"Snake Plant","floor":32,"turns":6},{"damage":78,"enemies":"downfall:Silent","floor":33,"turns":7}],"seed_played":"8795735747177387403","potions_obtained":[{"floor":3.0,"key":"DuplicationPotion"},{"floor":9.0,"key":"EssenceOfSteel"},{"floor":28,"key":"Swift Potion"},{"floor":29,"key":"SkillPotion"}],"is_trial":false,"path_per_floor":["R","M","M","?","M","M","T","R","E","R","M","R","E","$","M","B",null,"R","M","M","?","M","R","T","R","M","$","M","M","R","?","M","B"],"character_chosen":"THE_CHAMP","items_purchased":["Swift Strike","champ:BerserkersShout","champ:Duel","Letter Opener","champ:OpenerPotion","champ:AdrenalArmor"],"campfire_rested":2,"item_purchase_floors":[14,14,27,27,27,27],"current_hp_per_floor":[90,90,90,90,90,90,90,90,89,89,90,90,71,66,76,37,90,90,53,24,24,20,62,62,62,60,50,28,13,55,55,50,0,0,0],"gold":48,"neow_bonus":"ONE_RANDOM_RARE_CARD","is_daily":false,"chose_seed":false,"campfire_upgraded":5,"win_rate":0.0,"timestamp":1608972625,"path_taken":["R","M","M","?","M","M","T","R","E","R","M","R","E","?","M","BOSS","R","M","M","?","?","R","T","R","M","$","M","M","R","?","M","BOSS"],"items_purchased_type":["Card","Card","Card","Relic","Potion","Card"],"build_version":"2020-12-22","purchased_purges":0,"victory":false,"max_hp_per_floor":[90,90,90,90,90,90,90,90,90,90,90,90,90,90,90,90,90,90,90,90,90,90,90,90,90,90,90,90,90,90,90,90,90,90,90],"card_choices":[{"not_picked":["champ:StanceDance","champ:Circumvent"],"picked":"champ:Backstep","floor":2.0},{"not_picked":["champ:FanOfKnives","champ:StanceDance"],"picked":"champ:Backstep","floor":3.0},{"not_picked":["champ:DeathBlow","champ:RapidStrikes"],"picked":"champ:FaceSlap","floor":5.0},{"not_picked":["champ:Encircle","champ:Haymaker"],"picked":"champ:BerserkersShout","floor":6.0},{"not_picked":["champ:GladiatorsShout","champ:DefensiveShout"],"picked":"champ:FanOfKnives","floor":9.0},{"not_picked":["champ:ViciousMockery","champ:CrookedStrike"],"picked":"champ:ShieldWall","floor":11.0},{"not_picked":["champ:CrookedStrike","champ:HeavySlash"],"picked":"champ:FalseCounter","floor":13.0},{"not_picked":["champ:FlashCut","champ:FanOfKnives"],"picked":"champ:CalledShot","floor":14.0},{"not_picked":["champ:StanceDance","champ:AdrenalArmor"],"picked":"champ:IronFortress","floor":15.0},{"not_picked":["champ:DancingMaster","champ:ShieldSlam"],"picked":"champ:StrikeOfGenius","floor":16.0},{"not_picked":["champ:PerfectedStrike+1","champ:EnGarde"],"picked":"champ:StanceDance","floor":19.0},{"not_picked":["champ:BladeFlurry","champ:EndlessRage"],"picked":"champ:FanOfKnives","floor":20.0},{"not_picked":["champ:ViciousMockery+1","champ:TornadoPunch"],"picked":"champ:BringItOn","floor":22.0},{"not_picked":["champ:HeartStrike","champ:PerfectedStrike"],"picked":"champ:BringItOn","floor":26},{"not_picked":["champ:AdrenalArmor","champ:EndlessRage"],"picked":"champ:Balance+1","floor":27},{"not_picked":["champ:Haymaker","champ:FaceSlap"],"picked":"champ:DefensiveShout","floor":28},{"not_picked":["champ:Haymaker","champ:SkillfulDodge"],"picked":"champ:Control","floor":29},{"not_picked":["champ:CalledShot+1","champ:StrikeOfGenius"],"picked":"champ:GladiatorStyle+1","floor":32}],"player_experience":497390,"relics_obtained":[{"floor":7.0,"key":"Regal Pillow"},{"floor":9.0,"key":"Sundial"},{"floor":13.0,"key":"Potion Belt"},{"floor":17.0,"key":"Boot"},{"floor":17.0,"key":"Pantograph"},{"floor":17.0,"key":"Old Coin"},{"floor":24.0,"key":"Gremlin Horn"}],"event_choices":[{"damage_healed":0.0,"max_hp_gain":0.0,"max_hp_loss":0.0,"gold_gain":0.0,"event_name":"Purifier","player_choice":"Ignored","floor":4.0,"gold_loss":0.0,"damage_taken":0.0},{"damage_healed":0,"gold_gain":0,"player_choice":"Ignored","damage_taken":0,"max_hp_gain":0,"max_hp_loss":0,"event_name":"Ghosts","floor":31,"gold_loss":0}],"is_beta":false,"boss_relics":[{"not_picked":["Runic Dome","Black Star"],"picked":"Calling Bell"}],"items_purged_floors":[],"is_endless":false,"potions_floor_spawned":[3,9,28,29],"killed_by":"downfall:Silent","ascension_level":0}}