{"host":"zrerxgu8lagrk16e","time":1608957737,"event":{"mods":["AchievementEnabler","BaseMod","Better Altar","Better Match","Better Note","Better Sensory Stone","Better Skull","Better Third Choice","Colored Map","Colored Powertips","Minty Spire (QoL Compilation)","Permanent Neow","Quick Restart","Relic Stats","StSLib","Waifu the Spire","slay the spire mod where everything is the same but ironclad has a cowboy hat"],"gold_per_floor":[114,129,144,144,159,189,189,204,204,219,140,161,176,62,62,162,162,177,177,27,27,42,57,57,156,181,181,211,226,76,91,91,191,191,206,221,271,271,286,286,218,218,243,18,18,18,18,33,33,33],"floor_reached":51,"playtime":2140,"items_purged":["Normality"],"score":792,"play_id":"6cd26cdf-cc8e-46bb-a3fb-330286a9da59","local_time":"20201225234217","daily_mods":["SealedDeck","Diverse","Binary"],"is_ascension_mode":false,"campfire_choices":[{"data":"Crescendo","floor":7,"key":"SMITH"},{"data":"Whirlwind","floor":15,"key":"SMITH"},{"floor":24,"key":"REST"},{"data":"Genetic Algorithm","floor":32,"key":"SMITH"},{"floor":40,"key":"REST"},{"data":"Skewer","floor":42,"key":"SMITH"},{"floor":49,"key":"REST"}],"circlet_count":0,"master_deck":["Dropkick","Ball Lightning","Iron Wave","Genetic Algorithm+1","Streamline","Beam Cell","Thunderclap","Halt","EmptyFist","Crescendo+1","Riddle With Holes","Streamline","TalkToTheHand","Outmaneuver","Cleave","Inflame","Rampage","SandsOfTime","Whirlwind+1","Hemokinesis","Adrenaline","Concentrate+1","Inflame","ForeignInfluence","FlyingSleeves","DeceiveReality","Flex","Armaments+1","Crescendo+1","Skewer+1","Clumsy","Madness","Madness","Sucker Punch+1","Fusion"],"relics":["Burning Blood","NlothsMask","betterAltar:BloodRelic","Odd Mushroom","Cursed Key","Bloody Idol","Juzu Bracelet","PreservedInsect","Bronze Scales","Champion Belt","SlaversCollar","Incense Burner","Nunchaku","Bag of Marbles","Unceasing Top"],"acts_visited":["Exordium","TheCity","TheBeyond"],"potions_floor_usage":[6,13,18,13022,22,31,31,33,36,46],"damage_taken":[{"damage":3,"enemies":"Cultist","floor":1,"turns":3},{"damage":0,"enemies":"Small Slimes","floor":2,"turns":2},{"damage":0,"enemies":"2 Louse","floor":3,"turns":1},{"damage":8,"enemies":"Large Slime","floor":5,"turns":2},{"damage":0,"enemies":"Lagavulin","floor":6,"turns":3},{"damage":3,"enemies":"Gremlin Gang","floor":8,"turns":3},{"damage":0,"enemies":"2 Fungi Beasts","floor":10,"turns":2},{"damage":4,"enemies":"The Mushroom Lair","floor":12,"turns":2},{"damage":0,"enemies":"Exordium Thugs","floor":13,"turns":2},{"damage":2,"enemies":"Slime Boss","floor":16,"turns":3},{"damage":7,"enemies":"Chosen","floor":18,"turns":2},{"damage":22,"enemies":"Shell Parasite","floor":22,"turns":3},{"damage":7,"enemies":"Chosen and Byrds","floor":23,"turns":3},{"damage":30,"enemies":"Book of Stabbing","floor":28,"turns":3},{"damage":0,"enemies":"Centurion and Healer","floor":29,"turns":1},{"damage":24,"enemies":"Shelled Parasite and Fungi","floor":31,"turns":3},{"damage":39,"enemies":"Collector","floor":33,"turns":8},{"damage":39,"enemies":"3 Darklings","floor":35,"turns":5},{"damage":10,"enemies":"Orb Walker","floor":36,"turns":2},{"damage":48,"enemies":"Mind Bloom Boss Battle","floor":37,"turns":4},{"damage":6,"enemies":"Maw","floor":39,"turns":6},{"damage":22,"enemies":"2 Orb Walkers","floor":46,"turns":2},{"damage":19,"enemies":"Sphere and 2 Shapes","floor":48,"turns":2},{"damage":26,"enemies":"Time Eater","floor":50,"turns":8}],"seed_played":"5451747836825439005","potions_obtained":[{"floor":3,"key":"Strength Potion"},{"floor":5,"key":"Regen Potion"},{"floor":8,"key":"FearPotion"},{"floor":10,"key":"FearPotion"},{"floor":23,"key":"Dexterity Potion"},{"floor":31,"key":"ColorlessPotion"},{"floor":37,"key":"Energy Potion"},{"floor":46,"key":"LiquidBronze"}],"is_trial":false,"path_per_floor":["M","M","M","?","M","E","R","M","T","M","$","?","M","$","R","B",null,"M","?","$","?","M","M","R","?","T","?","E","M","$","M","R","B",null,"M","M","?","?","M","R","$","R","T","$","?","?","$","M","R","B",null],"character_chosen":"IRONCLAD","items_purchased":["Rampage","Whirlwind","Hemokinesis","Juzu Bracelet","Regen Potion","FlyingSleeves","BlessingOfTheForge","Skewer","Bag of Marbles"],"campfire_rested":3,"item_purchase_floors":[11,14,14,20,30,30,30,41,44],"current_hp_per_floor":[80,80,80,80,78,80,80,80,80,80,80,80,80,80,80,80,80,79,16,16,16,30,38,62,67,72,72,57,72,72,68,68,44,80,52,63,31,31,41,65,65,65,70,70,60,49,49,46,70,55],"gold":33,"neow_bonus":"","is_daily":true,"chose_seed":false,"campfire_upgraded":4,"win_rate":0.0,"timestamp":1608957737,"path_taken":["M","?","M","?","M","E","R","M","T","M","?","?","M","$","R","BOSS","M","?","$","?","M","M","R","?","T","?","E","M","$","M","R","BOSS","M","M","?","?","M","R","$","R","T","$","?","?","?","M","R","BOSS"],"items_purchased_type":["Card","Card","Card","Relic","Potion","Card","Potion","Card","Relic"],"build_version":"2020-12-22","purchased_purges":1,"victory":true,"max_hp_per_floor":[80,80,80,80,80,80,80,80,80,80,80,80,80,80,80,80,80,80,80,80,80,80,80,80,80,80,80,80,80,80,80,80,80,80,80,80,80,80,80,80,80,80,80,80,80,80,80,80,80,80],"relic_stats":{"Nunchaku":[2],"counters":[24,75],"Bloody Idol":70,"Bronze Scales":[123],"PreservedInsect":41,"Juzu Bracelet":1,"Champion Belt":[23],"Cursed Key":2,"obtain_stats":[{"betterAltar:BloodRelic":19,"PreservedInsect":26,"Juzu Bracelet":20,"Incense Burner":37,"Odd Mushroom":12,"Cursed Key":17,"Burning Blood":0,"Blood Vial":6,"SlaversCollar":34,"Nunchaku":43,"Bloody Idol":19,"Bronze Scales":27,"Bag of Marbles":44,"Champion Belt":28,"Unceasing Top":46,"NlothsMask":4},{"betterAltar:BloodRelic":11,"PreservedInsect":13,"Juzu Bracelet":11,"Incense Burner":20,"Odd Mushroom":8,"Cursed Key":10,"Burning Blood":0,"Blood Vial":5,"SlaversCollar":17,"Nunchaku":21,"Bloody Idol":11,"Bronze Scales":13,"Bag of Marbles":21,"Champion Belt":14,"Unceasing Top":22,"NlothsMask":3},{"betterAltar:BloodRelic":25,"PreservedInsect":31,"Juzu Bracelet":25,"Incense Burner":57,"Odd Mushroom":18,"Cursed Key":23,"Burning Blood":0,"Blood Vial":11,"SlaversCollar":46,"Nunchaku":63,"Bloody Idol":25,"Bronze Scales":31,"Bag of Marbles":63,"Champion Belt":34,"Unceasing Top":65,"NlothsMask":6}],"Burning Blood":104,"Unceasing Top":[4]},"card_choices":[{"not_picked":["Turbo"],"picked":"Riddle With Holes","floor":1},{"not_picked":["CarveReality"],"picked":"Streamline","floor":2},{"not_picked":["Pommel Strike"],"picked":"TalkToTheHand","floor":3},{"not_picked":["PathToVictory","Dagger Throw"],"picked":"SKIP","floor":5},{"not_picked":["Sunder"],"picked":"Outmaneuver","floor":6},{"not_picked":["Turbo"],"picked":"Cleave","floor":8},{"not_picked":["Pray"],"picked":"Inflame","floor":10},{"not_picked":["Ball Lightning"],"picked":"SandsOfTime","floor":12},{"not_picked":["Redo","Deflect"],"picked":"SKIP","floor":13},{"not_picked":["Impervious"],"picked":"Adrenaline","floor":16},{"not_picked":["Coolheaded"],"picked":"Concentrate+1","floor":18},{"not_picked":["Outmaneuver","Dropkick"],"picked":"SKIP","floor":22},{"not_picked":["Deadly Poison"],"picked":"ForeignInfluence","floor":23},{"not_picked":["Bouncing Flask","Cloak And Dagger"],"picked":"SKIP","floor":28},{"not_picked":["Havoc","Power Through"],"picked":"SKIP","floor":29},{"not_picked":["Bane"],"picked":"DeceiveReality","floor":31},{"not_picked":["Shrug It Off"],"picked":"Flex","floor":35},{"not_picked":["Outmaneuver","Escape Plan"],"picked":"SKIP","floor":36},{"not_picked":["Consecrate"],"picked":"Armaments+1","floor":37},{"not_picked":["Coolheaded+1"],"picked":"Crescendo+1","floor":39},{"not_picked":["EmptyBody"],"picked":"Sucker Punch+1","floor":46},{"not_picked":["Night Terror"],"picked":"Fusion","floor":48}],"player_experience":138393,"relics_obtained":[{"floor":6,"key":"Blood Vial"},{"floor":12,"key":"Odd Mushroom"},{"floor":26,"key":"PreservedInsect"},{"floor":27,"key":"Bronze Scales"},{"floor":28,"key":"Champion Belt"},{"floor":37,"key":"Incense Burner"},{"floor":43,"key":"Nunchaku"},{"floor":46,"key":"Unceasing Top"}],"event_choices":[{"damage_healed":0,"gold_gain":0,"player_choice":"Trade","damage_taken":0,"relics_obtained":["NlothsMask"],"max_hp_gain":0,"max_hp_loss":0,"event_name":"FaceTrader","floor":4,"gold_loss":0},{"damage_healed":0,"gold_gain":0,"player_choice":"Fought Mushrooms","damage_taken":0,"max_hp_gain":0,"max_hp_loss":0,"event_name":"Mushrooms","floor":12,"gold_loss":0},{"damage_healed":0,"gold_gain":0,"player_choice":" RottenVial Idol Potion ","damage_taken":63,"relics_obtained":["betterAltar:BloodRelic","Bloody Idol"],"max_hp_gain":79,"max_hp_loss":16,"event_name":"betterAltar:BetterAltar","floor":19,"potions_obtained":["betterAltar:AltarPotion"],"relics_lost":["Blood Vial"],"gold_loss":0},{"damage_healed":0,"gold_gain":0,"player_choice":"Copied","damage_taken":0,"max_hp_gain":0,"max_hp_loss":0,"event_name":"Duplicator","floor":21,"gold_loss":0,"cards_obtained":["Inflame"]},{"damage_healed":0,"gold_gain":99,"player_choice":"Steal","damage_taken":0,"max_hp_gain":0,"max_hp_loss":0,"event_name":"betterThird:BetterNest","floor":25,"gold_loss":0},{"damage_healed":0,"gold_gain":0,"player_choice":"Relic","damage_taken":0,"max_hp_gain":0,"max_hp_loss":0,"event_name":"Wheel of Change","floor":27,"gold_loss":0},{"damage_healed":0,"gold_gain":0,"player_choice":"Fight","damage_taken":0,"max_hp_gain":0,"max_hp_loss":0,"event_name":"MindBloom","floor":37,"gold_loss":0},{"damage_healed":0,"gold_gain":0,"player_choice":"Ignored","damage_taken":0,"max_hp_gain":0,"max_hp_loss":0,"event_name":"Tomb of Lord Red Mask","floor":38,"gold_loss":0},{"damage_healed":0,"gold_gain":0,"player_choice":"Embrace Madness","damage_taken":10,"max_hp_gain":0,"max_hp_loss":0,"event_name":"Winding Halls","floor":45,"gold_loss":0,"cards_obtained":["Madness","Madness"]},{"damage_healed":0,"gold_gain":0,"player_choice":"Fight","damage_taken":0,"max_hp_gain":0,"max_hp_loss":0,"event_name":"Mysterious Sphere","floor":46,"gold_loss":0}],"is_beta":false,"boss_relics":[{"not_picked":["Runic Cube","Velvet Choker"],"picked":"Cursed Key"},{"not_picked":["Fusion Hammer","Coffee Dripper"],"picked":"SlaversCollar"}],"items_purged_floors":[44],"is_endless":false,"potions_floor_spawned":[3,5,8,10,23,31,37,46],"ascension_level":0}}