{"host":"rmsq46plbpwfbxcc","time":1608949840,"event":{"mods":["AchievementEnabler","BaseMod","Colored Map","DeckTracker","Minty Spire (QoL Compilation)","Permanent Neow","SuperFastMode"],"gold_per_floor":[116,131,94,106,106,136,136,61,61,88,88,98,98,108,108,184,184,202,212,212,232,246,246,246],"floor_reached":23,"playtime":874,"items_purged":["Defend_G"],"score":376,"play_id":"46d7dd49-fd1d-4093-8745-29574f3ab28f","local_time":"20201226113040","is_ascension_mode":true,"campfire_choices":[{"data":"Neutralize","floor":7,"key":"SMITH"},{"data":"Calculated Gamble","floor":11,"key":"SMITH"},{"data":"Eviscerate","floor":13,"key":"SMITH"},{"data":"Dash","floor":15,"key":"SMITH"}],"circlet_count":0,"master_deck":["AscendersBane","Strike_G","Strike_G","Strike_G","Defend_G","Defend_G","Defend_G","Survivor","Neutralize+1","Prepared+1","Dagger Spray+1","Dodge and Roll+1","Deadly Poison","Eviscerate+1","Dash+1","PiercingWail","Acrobatics","Calculated Gamble+1","Corpse Explosion","PiercingWail","Bullet Time","Backflip","Venomology","Tactician+1"],"relics":["StrikeDummy","Toy Ornithopter","Blood Vial","Black Star","Nloth\u0027s Gift"],"acts_visited":["Exordium","TheCity"],"potions_floor_usage":[6,10,19,22,22,23],"damage_taken":[{"damage":1.0,"enemies":"Cultist","floor":1.0,"turns":4.0},{"damage":2.0,"enemies":"Jaw Worm","floor":2.0,"turns":4.0},{"damage":6.0,"enemies":"2 Louse","floor":4.0,"turns":2.0},{"damage":12,"enemies":"Lagavulin","floor":6,"turns":8},{"damage":23,"enemies":"Gremlin Nob","floor":10,"turns":5},{"damage":0,"enemies":"Looter","floor":12,"turns":3},{"damage":0,"enemies":"Blue Slaver","floor":14,"turns":4},{"damage":10,"enemies":"Hexaghost","floor":16,"turns":11},{"damage":24,"enemies":"Shell Parasite","floor":18,"turns":8},{"damage":4,"enemies":"2 Thieves","floor":19,"turns":2},{"damage":23,"enemies":"Snake Plant","floor":21,"turns":6},{"damage":0,"enemies":"3 Cultists","floor":22,"turns":3},{"damage":39,"enemies":"Book of Stabbing","floor":23,"turns":6}],"seed_played":"-8581657837591207373","potions_obtained":[{"floor":2.0,"key":"CultistPotion"},{"floor":4.0,"key":"Weak Potion"},{"floor":6,"key":"SteroidPotion"},{"floor":10,"key":"DistilledChaos"}],"is_trial":false,"path_per_floor":["M","M","$","M","$","E","R","$","T","E","R","M","R","M","R","B",null,"M","M","?","M","M","E"],"character_chosen":"THE_SILENT","items_purchased":["Dash"],"campfire_rested":0,"item_purchase_floors":[3],"current_hp_per_floor":[58,56,56,50,50,38,38,38,38,20,20,22,22,24,24,16,54,32,35,35,14,26,0,0],"gold":246,"neow_bonus":"BOSS_RELIC","is_daily":false,"chose_seed":false,"campfire_upgraded":4,"win_rate":0.0,"timestamp":1608949840,"path_taken":["M","M","$","?","?","E","R","$","T","E","R","M","R","M","R","BOSS","M","M","?","M","?","E"],"items_purchased_type":["Card"],"build_version":"2020-12-22","purchased_purges":1,"victory":false,"max_hp_per_floor":[66,66,66,66,66,66,66,66,66,66,66,66,66,66,66,66,66,66,66,66,66,66,66,66],"card_choices":[{"not_picked":["Slice","Prepared"],"picked":"Deadly Poison","floor":1.0},{"not_picked":["Crippling Poison","Flechettes"],"picked":"Eviscerate","floor":2.0},{"not_picked":["Backflip","Acrobatics"],"picked":"PiercingWail","floor":4.0},{"not_picked":["Backstab","Bane"],"picked":"Acrobatics","floor":6},{"not_picked":["Leg Sweep","Dodge and Roll"],"picked":"Calculated Gamble","floor":10},{"not_picked":["Bouncing Flask","Prepared"],"picked":"Corpse Explosion","floor":12},{"not_picked":["Dash","Catalyst"],"picked":"PiercingWail","floor":14},{"not_picked":["Glass Knife","Grand Finale"],"picked":"Bullet Time","floor":16},{"not_picked":["Dagger Throw","Prepared","Quick Slash"],"picked":"SKIP","floor":18},{"not_picked":["PiercingWail","Outmaneuver"],"picked":"Backflip","floor":19},{"not_picked":["Prepared","Bane"],"picked":"Venomology","floor":21},{"not_picked":["Bouncing Flask","Accuracy"],"picked":"Tactician+1","floor":22}],"player_experience":1379225,"relics_obtained":[{"floor":6,"key":"StrikeDummy"},{"floor":9,"key":"Toy Ornithopter"},{"floor":10,"key":"Blood Vial"}],"event_choices":[{"damage_healed":0,"gold_gain":0,"player_choice":"Traded Relic","damage_taken":0,"relics_obtained":["Nloth\u0027s Gift"],"max_hp_gain":0,"max_hp_loss":0,"event_name":"N\u0027loth","floor":20,"relics_lost":["Astrolabe"],"gold_loss":0}],"is_beta":false,"boss_relics":[{"not_picked":["Busted Crown","Velvet Choker"],"picked":"Black Star"}],"items_purged_floors":[8],"is_endless":false,"potions_floor_spawned":[2,4,6,10,12],"killed_by":"Book of Stabbing","ascension_level":17}}