{"host":"ci7ivtocgfxh0ueo","time":1608967192,"event":{"mods":["BaseMod","GifTheSpireLib","Minty Spire (QoL Compilation)","StSLib"],"gold_per_floor":[112,112,124,94,114,114,134,154,181,193,193,35,54,54,54,132,132,151,151,151],"floor_reached":19,"playtime":755,"items_purged":[],"score":298,"play_id":"04e31aa4-282d-41f7-82ba-8f95eee181bb","local_time":"20201226151952","is_ascension_mode":true,"campfire_choices":[{"data":"Bullet Time","floor":6,"key":"SMITH"},{"data":"Footwork","floor":11,"key":"SMITH"},{"floor":15,"key":"REST"}],"circlet_count":0,"master_deck":["AscendersBane","Survivor","Neutralize","Calculated Gamble","Night Terror","Dagger Throw","Distraction+1","Escape Plan","Acrobatics","Reflex","Bullet Time+1","Footwork+1","Sucker Punch","Underhanded Strike","Escape Plan","Underhanded Strike","Heel Hook","Envenom","Endless Agony","Phantasmal Killer","Distraction"],"relics":["Pandora\u0027s Box","Blood Vial","Black Star"],"acts_visited":["Exordium","TheCity"],"potions_floor_usage":[16,18,19,19],"damage_taken":[{"damage":0,"enemies":"Cultist","floor":1,"turns":5},{"damage":0,"enemies":"Jaw Worm","floor":3,"turns":2},{"damage":0,"enemies":"2 Louse","floor":5,"turns":3},{"damage":0,"enemies":"Blue Slaver","floor":7,"turns":3},{"damage":0,"enemies":"3 Louse","floor":8,"turns":2},{"damage":29,"enemies":"Gremlin Gang","floor":10,"turns":5},{"damage":6,"enemies":"Lots of Slimes","floor":13,"turns":4},{"damage":30,"enemies":"Hexaghost","floor":16,"turns":8},{"damage":38,"enemies":"Shell Parasite","floor":18,"turns":4},{"damage":22,"enemies":"Masked Bandits","floor":19,"turns":2}],"seed_played":"1571570383024404155","potions_obtained":[{"floor":3,"key":"LiquidBronze"},{"floor":4,"key":"LiquidBronze"},{"floor":16,"key":"Explosive Potion"},{"floor":18,"key":"CultistPotion"}],"is_trial":false,"path_per_floor":["M","?","M","?","M","R","M","M","T","M","R","$","M","?","R","B",null,"M","?"],"character_chosen":"THE_SILENT","items_purchased":["Heel Hook","Envenom"],"campfire_rested":1,"item_purchase_floors":[12,12],"current_hp_per_floor":[59,59,59,59,59,59,59,59,59,32,32,32,28,28,47,19,54,18,0,0],"gold":151,"neow_bonus":"BOSS_RELIC","is_daily":false,"chose_seed":false,"campfire_upgraded":2,"win_rate":0.0,"timestamp":1608967192,"path_taken":["M","?","?","?","M","R","M","M","T","M","R","?","M","?","R","BOSS","M","?"],"items_purchased_type":["Card","Card"],"build_version":"2020-12-22","purchased_purges":0,"victory":false,"max_hp_per_floor":[66,66,66,66,66,66,66,66,66,66,66,66,66,66,66,66,66,66,66,66],"card_choices":[{"not_picked":["Dodge and Roll","Slice","Cloak And Dagger"],"picked":"SKIP","floor":1},{"not_picked":["Acrobatics","Blur"],"picked":"Underhanded Strike","floor":3},{"not_picked":["Concentrate","Acrobatics"],"picked":"Escape Plan","floor":5},{"not_picked":["Backflip","Dagger Spray","Deflect"],"picked":"SKIP","floor":7},{"not_picked":["Skewer","Dagger Spray","Riddle With Holes"],"picked":"SKIP","floor":8},{"not_picked":["Setup","Blade Dance"],"picked":"Underhanded Strike","floor":10},{"not_picked":["Backstab","Sucker Punch"],"picked":"Endless Agony","floor":13},{"not_picked":["Wraith Form v2","Die Die Die"],"picked":"Phantasmal Killer","floor":16},{"not_picked":["Blade Dance+1","PiercingWail"],"picked":"Distraction","floor":18}],"player_experience":1303684,"relics_obtained":[{"floor":9,"key":"Blood Vial"}],"event_choices":[{"damage_healed":0,"gold_gain":0,"player_choice":"Upgraded","damage_taken":0,"max_hp_gain":0,"max_hp_loss":0,"event_name":"Upgrade Shrine","floor":2,"gold_loss":0,"cards_upgraded":["Distraction"]},{"damage_healed":0,"gold_gain":0,"player_choice":"Bought 2 Potions","damage_taken":0,"max_hp_gain":0,"max_hp_loss":0,"event_name":"The Woman in Blue","floor":4,"gold_loss":0},{"damage_healed":0,"gold_gain":0,"player_choice":"Ignored","damage_taken":0,"max_hp_gain":0,"max_hp_loss":0,"event_name":"Golden Idol","floor":14,"gold_loss":0},{"damage_healed":0,"gold_gain":0,"player_choice":"Fought Bandits","damage_taken":0,"max_hp_gain":0,"max_hp_loss":0,"event_name":"Masked Bandits","floor":19,"gold_loss":0}],"is_beta":false,"boss_relics":[{"not_picked":["Fusion Hammer","Runic Dome"],"picked":"Black Star"}],"items_purged_floors":[],"is_endless":false,"potions_floor_spawned":[3,5,10,16,18],"killed_by":"Masked Bandits","ascension_level":17}}