{"host":"aq6j0shg22k0vr7s","time":1608978451,"event":{"mods":["2.2 Compatiblity","AchievementEnabler","BaseMod","Better Note","Colored Map","Downfall","Duelist Mod","GifTheSpireLib","Hermit","Marisa????????","Minty Spire (QoL Compilation)","Quick Restart","StSLib","Td1madao Mod","The Bug Knight","The Cursed"],"gold_per_floor":[99,99,99,99,45,45,45,61,24,124,124,157,19,42,73,85,85,85],"floor_reached":16,"playtime":570,"items_purged":[],"score":96,"play_id":"0c5305cd-5900-480d-b4d6-50f4987ba70d","local_time":"20201226022731","is_ascension_mode":false,"campfire_choices":[{"floor":1,"key":"RECALL"},{"data":"Slimebound:OozeBath","floor":6,"key":"SMITH"},{"data":"Slimebound:Split","floor":13,"key":"SMITH"}],"circlet_count":0,"master_deck":["Slimebound:Strike_Slimebound","Slimebound:Strike_Slimebound","Slimebound:Tackle","Slimebound:Defend_Slimebound","Slimebound:Defend_Slimebound","Slimebound:Defend_Slimebound","Slimebound:Defend_Slimebound","Slimebound:Split+1","Slimebound:CorrosiveSpit","Slimebound:SlimeSpikes","Slimebound:OozeBath+1","Slimebound:PressTheAttack","Slimebound:ItLooksTasty","Slimebound:LevelUp","Slimebound:GoopSpray","Slimebound:RallyTheTroops","Slimebound:SplitBruiser","Slimebound:GrowthPunch"],"relics":["Slimebound:AbsorbEndCombat","downfall:HeartsMalice","MawBank","downfall:HeartBlessingRed","downfall:HeartBlessingBlue"],"acts_visited":["Exordium"],"potions_floor_usage":[14,14,16],"damage_taken":[{"damage":0,"enemies":"Jaw Worm","floor":2,"turns":1},{"damage":0,"enemies":"Cultist","floor":4,"turns":1},{"damage":0,"enemies":"downfall:FleeingMerchant","floor":5,"turns":1},{"damage":7,"enemies":"2 Louse","floor":8,"turns":2},{"damage":4,"enemies":"downfall:FleeingMerchant","floor":9,"turns":4},{"damage":17,"enemies":"Lagavulin","floor":12,"turns":5},{"damage":21,"enemies":"Large Slime","floor":14,"turns":4},{"damage":17,"enemies":"Exordium Wildlife","floor":15,"turns":3},{"damage":52,"enemies":"downfall:Defect","floor":16,"turns":5}],"seed_played":"8999671774409673832","potions_obtained":[{"floor":8,"key":"BlessingOfTheForge"},{"floor":12,"key":"AttackPotion"},{"floor":15,"key":"Strength Potion"}],"is_trial":false,"path_per_floor":["R","M","?","M","$","R","T","M","$","?","?","E","R","M","M","B"],"character_chosen":"SLIMEBOUND","items_purchased":["Slimebound:PressTheAttack","Slimebound:GoopSpray"],"campfire_rested":0,"item_purchase_floors":[5,9],"current_hp_per_floor":[60,60,60,60,60,60,60,57,60,60,60,49,59,48,45,0,0,0],"gold":85,"neow_bonus":"THREE_ENEMY_KILL","is_daily":false,"chose_seed":false,"campfire_upgraded":2,"win_rate":0.0,"timestamp":1608978451,"path_taken":["R","M","?","M","$","R","T","M","?","?","?","E","R","M","M","BOSS"],"items_purchased_type":["Card","Card"],"build_version":"2020-12-22","purchased_purges":0,"victory":false,"max_hp_per_floor":[60,60,60,60,60,60,60,60,60,60,60,60,70,70,70,70,70,70],"card_choices":[{"not_picked":["Slimebound:RejuvenatingLick","Slimebound:MegaLick"],"picked":"Slimebound:ViciousTackle","floor":2},{"not_picked":["Slimebound:LeechingTouch","Slimebound:Gluttony"],"picked":"Slimebound:SlimeSpikes","floor":4},{"not_picked":["Slimebound:SplitMire","Slimebound:SplitBruiser"],"picked":"Slimebound:OozeBath","floor":5},{"not_picked":["Slimebound:SlimeSpikes","Slimebound:SplitAcid"],"picked":"Slimebound:ItLooksTasty","floor":8},{"not_picked":["Slimebound:Dissolve","Slimebound:Teamwork"],"picked":"Slimebound:LevelUp","floor":9},{"not_picked":["Slimebound:Chomp","Slimebound:Schlurp"],"picked":"Slimebound:RallyTheTroops","floor":12},{"not_picked":["Slimebound:Schlurp","Slimebound:SplitMire"],"picked":"Slimebound:SplitBruiser","floor":14},{"not_picked":["Slimebound:FlameTackle","Slimebound:SplitLeeching"],"picked":"Slimebound:GrowthPunch","floor":15}],"player_experience":73621,"relics_obtained":[{"floor":12,"key":"MawBank"}],"event_choices":[{"cards_removed":["Slimebound:ViciousTackle"],"damage_healed":5,"gold_gain":0,"player_choice":"Offered Common","damage_taken":0,"max_hp_gain":0,"max_hp_loss":0,"event_name":"Bonfire Elementals","floor":3,"gold_loss":0},{"cards_removed":["Slimebound:ViciousTackle"],"damage_healed":5,"gold_gain":0,"player_choice":"Offered Special","damage_taken":0,"max_hp_gain":0,"max_hp_loss":0,"event_name":"Bonfire Elementals","floor":3,"gold_loss":0}],"is_beta":false,"boss_relics":[],"items_purged_floors":[],"is_endless":false,"potions_floor_spawned":[8,12,15],"killed_by":"downfall:Defect","ascension_level":0}}