{"host":"0jm2u9rma46qko29","time":1608973361,"event":{"mods":["Act Like it!","BaseMod","Better Altar","Better Note","Better Skull","Better Third Choice","CapriCore","Friendly Minions","Hermit","JesterMod","Marisa????????","Minty Spire (QoL Compilation)","Relic Stats","Robot Space Explorer","Shade Mod","Shop Mod","StSLib","The Marked","UnlockEverythingMod","Waifu the Spire"],"gold_per_floor":[113,113,128,144,162,162,162,162,214,231,243,256,290,305,305,404,404,416,416,435,435,68,68,99,99,99,111,131,151,166,180,180,280,280,291,291,291],"floor_reached":36,"playtime":3543,"items_purged":["theMarked:Strike"],"score":392,"play_id":"d0ab4dd1-2eed-433d-9a1d-82d8aab275be","local_time":"20201226030241","is_ascension_mode":false,"campfire_choices":[{"data":"theMarked:Seal","floor":6,"key":"SMITH"},{"data":"theMarked:WardOff","floor":8,"key":"SMITH"},{"floor":15,"key":"REST"},{"data":"theMarked:MysticalArsenal","floor":23,"key":"SMITH"},{"data":"theMarked:StartUp","floor":25,"key":"SMITH"},{"data":"theMarked:Challenge","floor":32,"key":"SMITH"}],"circlet_count":0,"master_deck":["theMarked:Strike","theMarked:Strike","theMarked:Strike","theMarked:Strike","theMarked:Defend","theMarked:Defend","theMarked:Defend","theMarked:Defend","theMarked:SoldierOfQuellstein","theMarked:StartUp+1","theMarked:WardOff+1","theMarked:Overcharge","theMarked:Seal+1","theMarked:EnhancedHearing","theMarked:ChainLightning","theMarked:GodGivenPower","theMarked:HeightenedSenses","theMarked:ReduceFriction","theMarked:MysticalArsenal+1","theMarked:Challenge+1","theMarked:WardOff","theMarked:BindingBlade","theMarked:EnhanceMovement","theMarked:PowerFlow","theMarked:Static","Parasite","theMarked:WardOff","theMarked:DeterminationOfTheMarked+1","theMarked:BanishingStrike","theMarked:SummonStrength","theMarked:WastefulAttack"],"relics":["theMarked:ArtifactOfAir","Lizard Tail","Potion Belt","Lantern","Cursed Key","Meat on the Bone","Dream Catcher","Nunchaku","Sozu"],"acts_visited":["Exordium","TheCity","TheBeyond"],"potions_floor_usage":[13,16,28,30,30,33,33,36],"damage_taken":[{"damage":0,"enemies":"2 Louse","floor":1,"turns":4},{"damage":0,"enemies":"Cultist","floor":3,"turns":3},{"damage":1,"enemies":"Jaw Worm","floor":4,"turns":3},{"damage":7,"enemies":"Red Slaver","floor":5,"turns":3},{"damage":0,"enemies":"Blue Slaver","floor":10,"turns":1},{"damage":12,"enemies":"Gremlin Gang","floor":11,"turns":5},{"damage":0,"enemies":"Large Slime","floor":12,"turns":3},{"damage":18,"enemies":"Gremlin Nob","floor":13,"turns":3},{"damage":4,"enemies":"Red Slaver","floor":14,"turns":2},{"damage":10,"enemies":"Slime Boss","floor":16,"turns":8},{"damage":13,"enemies":"Shell Parasite","floor":18,"turns":5},{"damage":10,"enemies":"3 Byrds","floor":20,"turns":5},{"damage":13,"enemies":"Gremlin Leader","floor":24,"turns":6},{"damage":42,"enemies":"Sentry and Sphere","floor":27,"turns":7},{"damage":0,"enemies":"Cultist and Chosen","floor":28,"turns":4},{"damage":5,"enemies":"Centurion and Healer","floor":29,"turns":4},{"damage":3,"enemies":"Snake Plant","floor":30,"turns":3},{"damage":3,"enemies":"Shelled Parasite and Fungi","floor":31,"turns":5},{"damage":42,"enemies":"Collector","floor":33,"turns":7},{"damage":4,"enemies":"3 Shapes","floor":35,"turns":4},{"damage":32,"enemies":"Orin","floor":36,"turns":5}],"seed_played":"-6069157744569471352","potions_obtained":[{"floor":1,"key":"Dexterity Potion"},{"floor":3,"key":"CultistPotion"},{"floor":4,"key":"Strength Potion"},{"floor":12,"key":"Strength Potion"},{"floor":14,"key":"Swift Potion"},{"floor":20,"key":"SpeedPotion"},{"floor":24,"key":"EssenceOfSteel"},{"floor":30,"key":"theMarked:SummonPotion"},{"floor":31,"key":"SpeedPotion"}],"is_trial":false,"path_per_floor":["M","?","M","M","M","R","?","R","T","M","M","M","E","M","R","B",null,"M","?","M","?","$","R","E","R","T","M","M","M","M","M","R","B",null,"M","?"],"character_chosen":"THE_DEFAULT","items_purchased":["Meat on the Bone","theMarked:PowerFlow"],"campfire_rested":1,"item_purchase_floors":[22,22],"current_hp_per_floor":[70,70,70,69,62,62,62,62,62,62,50,50,32,28,49,39,70,57,57,47,47,47,47,46,46,46,16,28,35,44,41,41,47,70,66,34,34],"gold":291,"neow_bonus":"ONE_RARE_RELIC","is_daily":false,"chose_seed":false,"campfire_upgraded":5,"win_rate":0.0,"timestamp":1608973361,"path_taken":["M","?","M","?","M","R","?","R","T","?","M","M","E","M","R","BOSS","M","?","M","?","$","R","E","R","T","M","M","?","M","?","R","BOSS","M","?"],"items_purchased_type":["Relic","Card"],"build_version":"2020-12-22","purchased_purges":1,"victory":false,"max_hp_per_floor":[70,70,70,70,70,70,70,70,70,70,70,70,70,70,70,70,70,70,70,70,70,70,70,70,70,70,70,70,70,70,70,70,70,70,70,70,70],"relic_stats":{"Sozu":0,"Lizard Tail":35,"Dream Catcher":0,"Nunchaku":[6],"counters":[21,90],"Cursed Key":1,"obtain_stats":[{"Potion Belt":9,"Sozu":34,"theMarked:ArtifactOfAir":0,"Lizard Tail":0,"Lantern":13,"Dream Catcher":24,"Nunchaku":26,"Cursed Key":17,"Meat on the Bone":22},{"Potion Belt":4,"Sozu":19,"theMarked:ArtifactOfAir":0,"Lizard Tail":0,"Lantern":8,"Dream Catcher":13,"Nunchaku":13,"Cursed Key":10,"Meat on the Bone":12},{"Potion Belt":13,"Sozu":81,"theMarked:ArtifactOfAir":0,"Lizard Tail":0,"Lantern":25,"Dream Catcher":51,"Nunchaku":51,"Cursed Key":35,"Meat on the Bone":45}],"Meat on the Bone":72},"card_choices":[{"not_picked":["theMarked:SwordAndMagic","theMarked:ElectricStrings"],"picked":"theMarked:StartUp","floor":1},{"not_picked":["theMarked:TunnelVision","theMarked:ElectricStrings"],"picked":"theMarked:WardOff","floor":3},{"not_picked":["theMarked:Aftermath","theMarked:MaelstromOfLightning"],"picked":"theMarked:Overcharge","floor":4},{"not_picked":["theMarked:ChainLightning","theMarked:ElectricStrings"],"picked":"theMarked:Seal","floor":5},{"not_picked":["theMarked:Parkour","theMarked:Static"],"picked":"theMarked:ChainLightning","floor":10},{"not_picked":["theMarked:ElectricStrings","theMarked:ResourceFulStrike"],"picked":"theMarked:GodGivenPower","floor":11},{"not_picked":["theMarked:ComboAttacks","theMarked:ReduceFriction"],"picked":"theMarked:HeightenedSenses","floor":12},{"not_picked":["theMarked:TakeCover","theMarked:HeightenedSenses"],"picked":"theMarked:ReduceFriction","floor":13},{"not_picked":["theMarked:KeepCalmAndFightOn","theMarked:WardOff"],"picked":"theMarked:MysticalArsenal","floor":14},{"not_picked":["theMarked:FavorableWinds","theMarked:Defy"],"picked":"theMarked:Challenge","floor":16},{"not_picked":["theMarked:Frustration","theMarked:Parkour"],"picked":"theMarked:WardOff","floor":18},{"not_picked":["theMarked:Electrocute","theMarked:Reabsorb+1"],"picked":"theMarked:EnhanceMovement","floor":20},{"not_picked":["theMarked:WastefulAttack","theMarked:ChannelForce"],"picked":"theMarked:Static","floor":24},{"not_picked":["theMarked:LightningStrikesTwice","theMarked:GodGivenPower","theMarked:WastefulAttack+1"],"picked":"SKIP","floor":27},{"not_picked":["theMarked:ContemptForTheProud","theMarked:ShockingTouch"],"picked":"theMarked:WardOff","floor":28},{"not_picked":["theMarked:WardOff","theMarked:Improvise"],"picked":"theMarked:DeterminationOfTheMarked+1","floor":29},{"not_picked":["theMarked:Reabsorb","theMarked:WastefulAttack"],"picked":"theMarked:BanishingStrike","floor":30},{"not_picked":["theMarked:Opportunist+1","theMarked:ChainLightning","theMarked:Static"],"picked":"SKIP","floor":31},{"not_picked":["theMarked:TurnInvisible","theMarked:ChannelForce"],"picked":"theMarked:SummonStrength","floor":33},{"not_picked":["theMarked:DeterminationOfTheMarked","theMarked:Improvise"],"picked":"theMarked:WastefulAttack","floor":35}],"player_experience":175986,"relics_obtained":[{"floor":9,"key":"Potion Belt"},{"floor":13,"key":"Lantern"},{"floor":24,"key":"Dream Catcher"},{"floor":26,"key":"Nunchaku"}],"event_choices":[{"damage_healed":0,"gold_gain":0,"player_choice":"Full Heal","damage_taken":0,"max_hp_gain":0,"max_hp_loss":0,"event_name":"Wheel of Change","floor":2,"gold_loss":0},{"damage_healed":0,"gold_gain":0,"player_choice":"1 cards matched","damage_taken":0,"max_hp_gain":0,"max_hp_loss":0,"event_name":"Match and Keep!","floor":7,"gold_loss":0,"cards_obtained":["theMarked:EnhancedHearing"]},{"cards_removed":["theMarked:Challenge"],"damage_healed":0,"gold_gain":0,"player_choice":"Take \u0026 Give","damage_taken":0,"max_hp_gain":0,"max_hp_loss":0,"event_name":"betterNote:BetterNote","floor":19,"gold_loss":0,"cards_obtained":["theMarked:BindingBlade"]},{"cards_removed":["Normality"],"damage_healed":0,"gold_gain":0,"player_choice":"Removed Curses","damage_taken":0,"max_hp_gain":0,"max_hp_loss":0,"event_name":"Fountain of Cleansing","floor":21,"gold_loss":0},{"damage_healed":0,"gold_gain":0,"player_choice":"Fight","damage_taken":0,"max_hp_gain":0,"max_hp_loss":0,"event_name":"OrinTheCat","floor":36,"gold_loss":0}],"is_beta":false,"boss_relics":[{"not_picked":["SacredBark","Coffee Dripper"],"picked":"Cursed Key"},{"not_picked":["Velvet Choker","Tiny House"],"picked":"Sozu"}],"items_purged_floors":[22],"is_endless":false,"potions_floor_spawned":[1,3,4,12,14,20,24,30,31],"killed_by":"Orin","ascension_level":0}}