{"host":"2461dio7vetlq1z3","time":1608979260,"event":{"mods":["2.2 Compatiblity","AchievementEnabler","Aspiration","BaseMod","Better Skull","Better Third Choice","Friendly Minions","Hermit","Minty Spire (QoL Compilation)","Relic Stats","Spicy Shops","StSLib","The Mystic","Waifu the Spire"],"gold_per_floor":[111,127,144,161,161,161,191,191,191,224,122,122,122,155,155,251,251,251,251,251,251,78,78,78,78,78,78,78,78,78,78,78,78,78,78,78,78,78],"floor_reached":37,"playtime":1929,"items_purged":["mysticmod:Strike_Mystic","mysticmod:Strike_Mystic"],"score":450,"play_id":"e690bab0-863f-4169-92c1-5470c1858b8a","local_time":"20201226114100","is_ascension_mode":false,"campfire_choices":[{"floor":6,"key":"REST"},{"floor":8,"key":"REST"},{"data":"mysticmod:HeavyStrike","floor":13,"key":"SMITH"},{"data":"mysticmod:HeavyStrike","floor":15,"key":"SMITH"},{"data":"mysticmod:Haste","floor":25,"key":"SMITH"},{"data":"mysticmod:TomeOfSpells","floor":28,"key":"SMITH"},{"data":"mysticmod:Strike_Mystic","floor":32,"key":"PURGE"}],"circlet_count":0,"master_deck":["mysticmod:Strike_Mystic","mysticmod:Defend_Mystic","mysticmod:Defend_Mystic","mysticmod:Defend_Mystic","mysticmod:Defend_Mystic","mysticmod:ArcaneDodge","mysticmod:HeavyStrike+1","mysticmod:HeavyStrike+1","mysticmod:PowerAttack","mysticmod:LightningBolt","mysticmod:TomeOfSpells+1","mysticmod:Grease","mysticmod:PureInstinct","mysticmod:Momentum+1","mysticmod:Haste+1","mysticmod:TomeOfSpells+1","mysticmod:ArcaneAccuracy+1","mysticmod:ArcaneAccuracy+1","mysticmod:MysticalShield+1","Ghostly","Ghostly","Ghostly","Ghostly","Ghostly","mysticmod:EarthenWall","mysticmod:SpontaneousCaster+1"],"relics":["mysticmod:SpellBook","WingedGreaves","Tiny Chest","Calipers","CaptainsWheel","Kunai","Pear","Frozen Egg 2","Ectoplasm","FaceOfCleric","Gremlin Horn","Ancient Tea Set","Bronze Scales","Peace Pipe","Runic Pyramid"],"acts_visited":["Exordium","TheCity","TheBeyond"],"potions_floor_usage":[7,16,24,33,33],"damage_taken":[{"damage":10,"enemies":"Jaw Worm","floor":1,"turns":4},{"damage":1,"enemies":"Small Slimes","floor":2,"turns":3},{"damage":6,"enemies":"Cultist","floor":3,"turns":4},{"damage":5,"enemies":"2 Fungi Beasts","floor":4,"turns":4},{"damage":22,"enemies":"3 Sentries","floor":7,"turns":10},{"damage":18,"enemies":"Gremlin Nob","floor":10,"turns":4},{"damage":26,"enemies":"3 Sentries","floor":14,"turns":10},{"damage":6,"enemies":"Slime Boss","floor":16,"turns":8},{"damage":0,"enemies":"Chosen","floor":18,"turns":5},{"damage":3,"enemies":"Spheric Guardian","floor":20,"turns":4},{"damage":10,"enemies":"Slavers","floor":23,"turns":6},{"damage":8,"enemies":"Shelled Parasite and Fungi","floor":24,"turns":4},{"damage":0,"enemies":"Snecko","floor":27,"turns":4},{"damage":16,"enemies":"Snake Plant","floor":29,"turns":4},{"damage":1,"enemies":"Book of Stabbing","floor":31,"turns":6},{"damage":26,"enemies":"Collector","floor":33,"turns":9},{"damage":7,"enemies":"3 Darklings","floor":35,"turns":6}],"seed_played":"-2398722746633272774","potions_obtained":[{"floor":3,"key":"EssenceOfSteel"},{"floor":10,"key":"AttackPotion"},{"floor":23,"key":"SkillPotion"},{"floor":24,"key":"DuplicationPotion"},{"floor":27,"key":"FearPotion"},{"floor":31,"key":"Fruit Juice"},{"floor":35,"key":"DistilledChaos"}],"is_trial":false,"path_per_floor":["M","M","M","M","?","R","E","R","T","E","$","?","R","E","R","B",null,"M","?","M","T","$","E","M","R","T","M","R","M","?","E","R","B",null,"M","?","$"],"character_chosen":"MYSTIC_CLASS","items_purchased":["mysticmod:PureInstinct","mysticmod:ArcaneAccuracy+1"],"campfire_rested":2,"item_purchase_floors":[11,22],"current_hp_per_floor":[46,45,39,34,13,36,14,37,37,29,29,38,38,12,12,6,87,87,87,85,85,85,76,69,69,69,70,70,55,46,46,46,21,48,42,42,42,42],"gold":78,"neow_bonus":"ONE_RARE_RELIC","is_daily":false,"chose_seed":false,"campfire_upgraded":4,"win_rate":0.0,"timestamp":1608979260,"path_taken":["M","M","M","M","?","R","E","R","T","E","$","?","R","E","R","BOSS","M","?","?","?","$","E","M","R","T","M","R","M","?","E","R","BOSS","M","?","$"],"items_purchased_type":["Card","Card"],"build_version":"2020-12-22","purchased_purges":2,"victory":false,"max_hp_per_floor":[77,77,77,77,77,77,77,77,77,87,87,87,87,87,87,87,87,87,87,88,88,88,89,90,90,90,91,91,92,46,47,47,48,48,49,49,49,49],"relic_stats":{"Peace Pipe":1,"FaceOfCleric":8,"Gremlin Horn":[7,7],"counters":[17,95],"Bronze Scales":[129],"Tiny Chest":1,"Ectoplasm":266,"Kunai":[13],"obtain_stats":[{"Calipers":5,"Pear":10,"Gremlin Horn":21,"mysticmod:SpellBook":0,"Frozen Egg 2":14,"Ancient Tea Set":23,"Peace Pipe":31,"CaptainsWheel":7,"FaceOfCleric":19,"Bronze Scales":26,"Tiny Chest":5,"WingedGreaves":0,"Ectoplasm":17,"Kunai":9,"Runic Pyramid":34},{"Calipers":4,"Pear":6,"Gremlin Horn":10,"mysticmod:SpellBook":0,"Frozen Egg 2":7,"Ancient Tea Set":11,"Peace Pipe":15,"CaptainsWheel":5,"FaceOfCleric":9,"Bronze Scales":12,"Tiny Chest":4,"WingedGreaves":0,"Ectoplasm":8,"Kunai":5,"Runic Pyramid":16},{"Calipers":15,"Pear":29,"Gremlin Horn":56,"mysticmod:SpellBook":0,"Frozen Egg 2":39,"Ancient Tea Set":62,"Peace Pipe":80,"CaptainsWheel":25,"FaceOfCleric":52,"Bronze Scales":66,"Tiny Chest":15,"WingedGreaves":0,"Ectoplasm":47,"Kunai":25,"Runic Pyramid":89}]},"card_choices":[{"not_picked":["mysticmod:Shield","mysticmod:BulkUp"],"picked":"mysticmod:HeavyStrike","floor":1},{"not_picked":["mysticmod:CorrosiveTouch","mysticmod:TomeOfSpells"],"picked":"mysticmod:HeavyStrike","floor":2},{"not_picked":["mysticmod:PowerSlash","mysticmod:Alacrity"],"picked":"mysticmod:PowerAttack","floor":3},{"not_picked":["mysticmod:BulkUp","mysticmod:VorpalThrust"],"picked":"mysticmod:LightningBolt","floor":4},{"not_picked":["mysticmod:LightningBolt","mysticmod:HeavyStrike"],"picked":"mysticmod:TomeOfSpells","floor":7},{"not_picked":["mysticmod:SpellCombat","mysticmod:Spellstrike"],"picked":"mysticmod:Grease","floor":10},{"not_picked":["mysticmod:LightningBolt","mysticmod:Flurry"],"picked":"mysticmod:Momentum+1","floor":14},{"not_picked":["mysticmod:GreaterInvisibility","mysticmod:Doublecast"],"picked":"mysticmod:Haste","floor":16},{"not_picked":["mysticmod:SummonFamiliar","mysticmod:LightningBolt","mysticmod:HeavyStrike"],"picked":"SKIP","floor":18},{"not_picked":["mysticmod:Snowball","mysticmod:Disengage"],"picked":"mysticmod:TomeOfSpells+1","floor":20},{"not_picked":["mysticmod:Grease+1","mysticmod:CorrosiveTouch"],"picked":"mysticmod:ArcaneAccuracy+1","floor":23},{"not_picked":["mysticmod:Shield+1","mysticmod:CorrosiveTouch","mysticmod:Snowball"],"picked":"SKIP","floor":24},{"not_picked":["mysticmod:BulkUp","mysticmod:AllIn"],"picked":"mysticmod:MysticalShield+1","floor":27},{"not_picked":["mysticmod:Shield","mysticmod:StyleChange+1","mysticmod:SuddenClarity"],"picked":"SKIP","floor":29},{"not_picked":["mysticmod:Shield","mysticmod:StyleChange+1","mysticmod:SuddenClarity"],"picked":"SKIP","floor":29},{"not_picked":["mysticmod:Sideswipe","mysticmod:DiviningBlow"],"picked":"mysticmod:EarthenWall","floor":31},{"not_picked":["mysticmod:ClosingBarrage","mysticmod:Haste"],"picked":"mysticmod:SpontaneousCaster+1","floor":33},{"not_picked":["mysticmod:Shield+1","mysticmod:BulkUp+1","mysticmod:PowerSlash"],"picked":"SKIP","floor":35}],"player_experience":936396,"relics_obtained":[{"floor":7,"key":"CaptainsWheel"},{"floor":9,"key":"Kunai"},{"floor":10,"key":"Pear"},{"floor":14,"key":"Frozen Egg 2"},{"floor":21,"key":"Gremlin Horn"},{"floor":23,"key":"Ancient Tea Set"},{"floor":26,"key":"Bronze Scales"},{"floor":31,"key":"Peace Pipe"}],"event_choices":[{"damage_healed":0,"gold_gain":1,"player_choice":"Relic Relic ","damage_taken":21,"max_hp_gain":0,"max_hp_loss":0,"event_name":"betterThird:BetterScrap","floor":5,"gold_loss":0,"cards_obtained":["Fiend Fire"]},{"damage_healed":0,"gold_gain":0,"player_choice":"Trade","damage_taken":0,"relics_obtained":["FaceOfCleric"],"max_hp_gain":0,"max_hp_loss":0,"event_name":"FaceTrader","floor":19,"gold_loss":0},{"damage_healed":0,"gold_gain":0,"player_choice":"Became a Ghost","damage_taken":0,"max_hp_gain":0,"max_hp_loss":46,"event_name":"Ghosts","floor":30,"gold_loss":0,"cards_obtained":["Ghostly","Ghostly","Ghostly","Ghostly","Ghostly"]},{"cards_removed":["mysticmod:ShockingGrasp"],"damage_healed":0,"gold_gain":0,"player_choice":"Removed Attack","damage_taken":0,"max_hp_gain":0,"max_hp_loss":0,"event_name":"Falling","floor":36,"gold_loss":0}],"is_beta":false,"boss_relics":[{"not_picked":["SacredBark","Runic Dome"],"picked":"Ectoplasm"},{"not_picked":["Philosopher\u0027s Stone","Empty Cage"],"picked":"Runic Pyramid"}],"items_purged_floors":[11,22],"is_endless":false,"potions_floor_spawned":[3,10,23,24,27,31,35],"ascension_level":0}}