{"host":"2461dio7vetlq1z3","time":1608955863,"event":{"mods":["2.2 Compatiblity","AchievementEnabler","Aspiration","BaseMod","Better Skull","Better Third Choice","Friendly Minions","Hermit","Minty Spire (QoL Compilation)","Relic Stats","Spicy Shops","StSLib","TheBandit","Waifu the Spire"],"gold_per_floor":[109,120,120,70,80,106,118,118,118,118,118,118,150,165,165,270,270,280,280,295,315,325,325,354,354,354,367,384,413,413,413,413,517,517,527,129,0,50,60,60,87,87,87,87],"floor_reached":42,"playtime":4038,"items_purged":["wariomod:Strike"],"score":601,"play_id":"695391d3-2371-4efc-bbe8-fe07316b136f","local_time":"20201226051103","is_ascension_mode":false,"campfire_choices":[{"data":"wariomod:DisarmingMoves","floor":8,"key":"SMITH"},{"data":"wariomod:EndlessBlast","floor":10,"key":"SMITH"},{"data":"wariomod:SpikeSlash","floor":12,"key":"SMITH"},{"data":"wariomod:KeyFinisher","floor":15,"key":"SMITH"},{"floor":23,"key":"REST"},{"data":"wariomod:Enshrine","floor":25,"key":"SMITH"},{"floor":30,"key":"REST"},{"data":"wariomod:FabulousPrizes","floor":32,"key":"SMITH"},{"data":"wariomod:RacingSpeed","floor":40,"key":"SMITH"}],"circlet_count":0,"master_deck":["wariomod:Defend","wariomod:Defend","wariomod:Defend","wariomod:Step","wariomod:Leap","wariomod:BodyBlock","wariomod:Leapslam","wariomod:SpikeSlash+1","wariomod:DisarmingMoves+1","wariomod:EndlessBlast+1","wariomod:KeyFinisher+1","wariomod:TreasureDig","wariomod:FabulousPrizes+1","wariomod:DanceDash+1","wariomod:RacingSpeed","wariomod:ChargeForth","wariomod:Enshrine+1","wariomod:EndlessBlast","wariomod:ImFeelingLucky","wariomod:NullJump","wariomod:BodyBlock+1","wariomod:Enshrine+1","wariomod:DiceyMove+1","wariomod:RacingSpeed+1","wariomod:Purify+1","wariomod:ChargeForth+1","wariomod:TreasureDig+1"],"relics":["wariomod:TheHat","Bag of Preparation","Smiling Mask","Pear","SacredBark","Mummified Hand","Bottled Lightning","White Beast Statue","Toxic Egg 2","Runic Pyramid","Orrery","Red Mask","Thread and Needle","InkBottle"],"acts_visited":["Exordium","TheCity","TheBeyond"],"potions_floor_usage":[24,29,33],"damage_taken":[{"damage":5,"enemies":"Small Slimes","floor":1,"turns":3},{"damage":7,"enemies":"Jaw Worm","floor":2,"turns":3},{"damage":1,"enemies":"Cultist","floor":5,"turns":3},{"damage":18,"enemies":"3 Sentries","floor":6,"turns":3},{"damage":1,"enemies":"Gremlin Gang","floor":7,"turns":2},{"damage":7,"enemies":"Gremlin Nob","floor":13,"turns":4},{"damage":0,"enemies":"3 Louse","floor":14,"turns":1},{"damage":1,"enemies":"Slime Boss","floor":16,"turns":8},{"damage":17,"enemies":"Chosen","floor":18,"turns":8},{"damage":21,"enemies":"2 Thieves","floor":20,"turns":4},{"damage":5,"enemies":"Cultist and Chosen","floor":21,"turns":4},{"damage":31,"enemies":"Shelled Parasite and Fungi","floor":22,"turns":10},{"damage":20,"enemies":"Slavers","floor":24,"turns":4},{"damage":0,"enemies":"Snake Plant","floor":27,"turns":4},{"damage":0,"enemies":"Sentry and Sphere","floor":28,"turns":2},{"damage":0,"enemies":"Book of Stabbing","floor":29,"turns":4},{"damage":14,"enemies":"Collector","floor":33,"turns":7},{"damage":0,"enemies":"Orb Walker","floor":35,"turns":1},{"damage":4,"enemies":"Mind Bloom Boss Battle","floor":38,"turns":5},{"damage":0,"enemies":"3 Shapes","floor":39,"turns":3},{"damage":0,"enemies":"Nemesis","floor":41,"turns":5},{"damage":14,"enemies":"Spire Growth","floor":42,"turns":3}],"seed_played":"-6503468027243689038","potions_obtained":[{"floor":2,"key":"SkillPotion"},{"floor":5,"key":"Dexterity Potion"},{"floor":6,"key":"FearPotion"},{"floor":22,"key":"CultistPotion"},{"floor":27,"key":"Swift Potion"},{"floor":28,"key":"Fruit Juice"},{"floor":29,"key":"ColorlessPotion"},{"floor":33,"key":"Strength Potion"},{"floor":38,"key":"PowerPotion"}],"is_trial":false,"path_per_floor":["M","M","?","?","M","E","M","R","T","R","?","R","E","M","R","B",null,"M","T","M","M","M","R","E","R","T","M","M","E","R","?","R","B",null,"M","$","?","?","M","R","E","M"],"character_chosen":"THE_BANDIT","items_purchased":["wariomod:RacingSpeed","Orrery"],"campfire_rested":2,"item_purchase_floors":[36,36],"current_hp_per_floor":[83,76,81,81,80,62,61,61,61,61,61,61,64,64,64,63,103,86,86,65,60,29,59,39,39,39,39,39,49,82,82,82,68,113,113,113,113,109,109,109,109,95,95,95],"gold":87,"neow_bonus":"TEN_PERCENT_HP_BONUS","is_daily":false,"chose_seed":false,"campfire_upgraded":7,"win_rate":0.0,"timestamp":1608955863,"path_taken":["M","M","?","?","M","E","M","R","T","R","?","R","E","M","R","BOSS","M","?","M","M","?","R","E","R","T","M","M","E","R","?","R","BOSS","M","$","?","?","M","R","E","M"],"items_purchased_type":["Card","Relic"],"build_version":"2020-12-22","purchased_purges":1,"victory":false,"max_hp_per_floor":[88,88,93,93,93,93,93,93,93,93,93,93,103,103,103,103,103,103,103,103,103,103,103,103,103,103,103,103,113,113,113,113,113,113,113,113,113,113,113,113,113,113,113,113],"relic_stats":{"counters":[22,91],"Mummified Hand":[39],"Bag of Preparation":[36],"Smiling Mask":25,"obtain_stats":[{"Pear":13,"wariomod:TheHat":0,"SacredBark":17,"Thread and Needle":38,"Bag of Preparation":6,"Smiling Mask":9,"White Beast Statue":26,"Mummified Hand":19,"Orrery":36,"Red Mask":37,"Bottled Lightning":24,"Toxic Egg 2":29,"InkBottle":41,"Runic Pyramid":34},{"Pear":6,"wariomod:TheHat":0,"SacredBark":8,"Thread and Needle":19,"Bag of Preparation":4,"Smiling Mask":5,"White Beast Statue":13,"Mummified Hand":9,"Orrery":18,"Red Mask":18,"Bottled Lightning":13,"Toxic Egg 2":16,"InkBottle":21,"Runic Pyramid":17},{"Pear":18,"wariomod:TheHat":0,"SacredBark":27,"Thread and Needle":80,"Bag of Preparation":12,"Smiling Mask":14,"White Beast Statue":57,"Mummified Hand":35,"Orrery":75,"Red Mask":75,"Bottled Lightning":57,"Toxic Egg 2":67,"InkBottle":88,"Runic Pyramid":74}],"InkBottle":[0]},"card_choices":[{"not_picked":["wariomod:AwfulLook","wariomod:SpaceSwap"],"picked":"wariomod:BodyBlock","floor":1},{"not_picked":["wariomod:Bombshield","wariomod:AwfulLook"],"picked":"wariomod:Leapslam","floor":2},{"not_picked":["wariomod:Bombtime","wariomod:SpaceSwap"],"picked":"wariomod:SpikeSlash","floor":5},{"not_picked":["wariomod:BoomBoom","wariomod:DamnedStrength"],"picked":"wariomod:DisarmingMoves","floor":6},{"not_picked":["wariomod:BumRush","wariomod:Boomsmack"],"picked":"wariomod:EndlessBlast","floor":7},{"not_picked":["wariomod:TreasureDig","wariomod:Smackflip"],"picked":"wariomod:KeyFinisher","floor":13},{"not_picked":["wariomod:SmackSlam","wariomod:SpikeSlash"],"picked":"wariomod:TreasureDig","floor":14},{"not_picked":["wariomod:PoisonBombs","wariomod:SpacialMastery"],"picked":"wariomod:FabulousPrizes","floor":16},{"not_picked":["wariomod:SimpleShield","wariomod:BlastDash"],"picked":"wariomod:DanceDash+1","floor":18},{"not_picked":["wariomod:SmackSlam+1","wariomod:Goblast"],"picked":"wariomod:RacingSpeed","floor":20},{"not_picked":["wariomod:Game","wariomod:Hopshield"],"picked":"wariomod:ChargeForth","floor":21},{"not_picked":["wariomod:DamnedStrength+1","wariomod:Goblast+1"],"picked":"wariomod:Enshrine","floor":22},{"not_picked":["wariomod:NullJump","wariomod:Boomsmack+1","wariomod:Leapslam"],"picked":"SKIP","floor":24},{"not_picked":["wariomod:CursedSpaces","wariomod:DisarmingMoves"],"picked":"wariomod:EndlessBlast","floor":27},{"not_picked":["wariomod:Smackflip","wariomod:BlastDash","wariomod:DoubleDash"],"picked":"SKIP","floor":28},{"not_picked":["wariomod:DamnedStrength+1","wariomod:Smackflip"],"picked":"wariomod:ImFeelingLucky","floor":29},{"not_picked":["wariomod:PoisonBombs","wariomod:MassiveParty+1"],"picked":"wariomod:Enshrine+1","floor":33},{"not_picked":["wariomod:DeepDig+1","wariomod:ChargeForth+1"],"picked":"wariomod:DiceyMove+1","floor":35},{"not_picked":["wariomod:DisarmingMoves+1","wariomod:OctoJump+1"],"picked":"wariomod:Purify+1","floor":36},{"not_picked":["wariomod:ThatsNotAll+1","wariomod:SimpleShield+1"],"picked":"wariomod:ChargeForth+1","floor":36},{"not_picked":["wariomod:SpikeSlash+1","wariomod:Boomsmack"],"picked":"wariomod:TreasureDig+1","floor":36},{"not_picked":["wariomod:Hopshield+1","wariomod:SimpleShield+1","wariomod:EmptyMind"],"picked":"SKIP","floor":39},{"not_picked":["wariomod:ThatsNotAll","wariomod:Game+1","wariomod:HappyHop+1"],"picked":"SKIP","floor":41}],"player_experience":924067,"relics_obtained":[{"floor":6,"key":"Bag of Preparation"},{"floor":9,"key":"Smiling Mask"},{"floor":13,"key":"Pear"},{"floor":19,"key":"Mummified Hand"},{"floor":24,"key":"Bottled Lightning"},{"floor":26,"key":"White Beast Statue"},{"floor":29,"key":"Toxic Egg 2"},{"floor":38,"key":"Thread and Needle"},{"floor":41,"key":"InkBottle"}],"event_choices":[{"damage_healed":0,"gold_gain":0,"player_choice":"Donut","damage_taken":0,"max_hp_gain":5,"max_hp_loss":0,"event_name":"Big Fish","floor":3,"gold_loss":0},{"cards_removed":["wariomod:Strike"],"damage_healed":0,"gold_gain":0,"player_choice":"Card Removal","damage_taken":0,"max_hp_gain":0,"max_hp_loss":0,"event_name":"The Cleric","floor":4,"gold_loss":50},{"cards_removed":["wariomod:Strike"],"damage_healed":0,"gold_gain":0,"player_choice":"Purged","damage_taken":0,"max_hp_gain":0,"max_hp_loss":0,"event_name":"Purifier","floor":11,"gold_loss":0},{"damage_healed":0,"gold_gain":0,"cards_transformed":["wariomod:Strike","wariomod:Defend"],"player_choice":"Became Test Subject","damage_taken":0,"max_hp_gain":0,"max_hp_loss":0,"event_name":"Drug Dealer","floor":31,"gold_loss":0,"cards_obtained":["wariomod:NullJump","wariomod:BodyBlock"]},{"damage_healed":0,"gold_gain":0,"player_choice":"Paid","damage_taken":0,"relics_obtained":["Red Mask"],"max_hp_gain":0,"max_hp_loss":0,"event_name":"Tomb of Lord Red Mask","floor":37,"gold_loss":129},{"damage_healed":0,"gold_gain":0,"player_choice":"Fight","damage_taken":0,"max_hp_gain":0,"max_hp_loss":0,"event_name":"MindBloom","floor":38,"gold_loss":0}],"is_beta":false,"boss_relics":[{"not_picked":["aspiration:FutureDiary","aspiration:RitualDagger"],"picked":"SacredBark"},{"not_picked":["Snecko Eye","wariomod:DoomHat"],"picked":"Runic Pyramid"}],"items_purged_floors":[36],"is_endless":false,"potions_floor_spawned":[2,5,6,20,22,27,28,29,33,35,38,39,41],"killed_by":"Spire Growth","ascension_level":0}}