{"host":"2461dio7vetlq1z3","time":1608973175,"event":{"mods":["2.2 Compatiblity","AchievementEnabler","Aspiration","BaseMod","Better Skull","Better Third Choice","Friendly Minions","Hermit","Minty Spire (QoL Compilation)","Relic Stats","Spicy Shops","StSLib","Waifu the Spire"],"gold_per_floor":[110,121,138,148,159,159,169,169,169,169,189,220,220,220,220,293,293,309,323,81,101,26,69,69,87,87,87,125,25,68,90,90,172,172,201,201,28,28,40,69,69,69,117,117,155,175,196,230,230,230,230,230,230,15,54,54,54],"floor_reached":56,"playtime":2725,"items_purged":["Zap","Defend_B"],"score":2190,"play_id":"099e0ce6-1e3f-4775-ad24-b8b0be21a65b","local_time":"20201226095935","is_ascension_mode":true,"campfire_choices":[{"data":"Scrape","floor":6,"key":"SMITH"},{"floor":8,"key":"REST"},{"data":"Hologram","floor":13,"key":"SMITH"},{"data":"Echo Form","floor":15,"key":"SMITH"},{"data":"Reboot","floor":24,"key":"SMITH"},{"floor":27,"key":"REST"},{"data":"Scrape","floor":32,"key":"SMITH"},{"floor":42,"key":"REST"},{"floor":44,"key":"RECALL"},{"floor":49,"key":"REST"},{"data":"BootSequence","floor":53,"key":"SMITH"}],"circlet_count":0,"master_deck":["AscendersBane","Scrape+1","Sweeping Beam","Steam","Hologram+1","BootSequence+1","Ball Lightning+1","Dagger Throw","Eviscerate","Tactician+1","Gash","Echo Form+1","Reboot+1","Scrape+1","Go for the Eyes+1","Scrape+1","Defragment","Core Surge","Seek+1","Rip and Tear","Reprogram+1","Gash","All For One","Hologram+1","Defragment+1","Heatsinks+1","Steam+1","Reboot"],"relics":["aspiration:SecretTechniqueScroll","Pantograph","Centennial Puzzle","Gremlin Horn","Empty Cage","DollysMirror","CeramicFish","Letter Opener","Nunchaku","Frozen Egg 2","Philosopher\u0027s Stone","Medical Kit","Bottled Lightning","Shuriken","Orichalcum","Runic Capacitor","Toy Ornithopter"],"acts_visited":["Exordium","TheCity","TheBeyond","TheEnding"],"potions_floor_usage":[4,5,5,12,30,33,50,55,56],"damage_taken":[{"damage":0,"enemies":"2 Louse","floor":1,"turns":3},{"damage":2,"enemies":"Jaw Worm","floor":2,"turns":2},{"damage":2,"enemies":"Cultist","floor":3,"turns":4},{"damage":18,"enemies":"Exordium Thugs","floor":4,"turns":3},{"damage":18,"enemies":"Large Slime","floor":5,"turns":5},{"damage":2,"enemies":"Exordium Wildlife","floor":7,"turns":5},{"damage":12,"enemies":"Exordium Thugs","floor":11,"turns":4},{"damage":7,"enemies":"Lagavulin","floor":12,"turns":4},{"damage":23,"enemies":"Slime Boss","floor":16,"turns":6},{"damage":0,"enemies":"Spheric Guardian","floor":18,"turns":2},{"damage":7,"enemies":"2 Thieves","floor":19,"turns":3},{"damage":3,"enemies":"Centurion and Healer","floor":21,"turns":5},{"damage":20,"enemies":"Slavers","floor":23,"turns":5},{"damage":12,"enemies":"Gremlin Leader","floor":28,"turns":3},{"damage":10,"enemies":"Book of Stabbing","floor":30,"turns":3},{"damage":5,"enemies":"Snecko","floor":31,"turns":4},{"damage":0,"enemies":"Automaton","floor":33,"turns":4},{"damage":4,"enemies":"3 Shapes","floor":35,"turns":3},{"damage":2,"enemies":"Orb Walker","floor":39,"turns":2},{"damage":0,"enemies":"Reptomancer","floor":40,"turns":3},{"damage":17,"enemies":"Nemesis","floor":45,"turns":3},{"damage":0,"enemies":"Transient","floor":46,"turns":6},{"damage":6,"enemies":"Sphere and 2 Shapes","floor":47,"turns":2},{"damage":0,"enemies":"Reptomancer","floor":48,"turns":4},{"damage":42,"enemies":"Time Eater","floor":50,"turns":7},{"damage":8,"enemies":"Awakened One","floor":51,"turns":6},{"damage":41,"enemies":"Shield and Spear","floor":55,"turns":4},{"damage":65,"enemies":"The Heart","floor":56,"turns":2}],"seed_played":"8259464189085099719","potions_obtained":[{"floor":1,"key":"FearPotion"},{"floor":4,"key":"EntropicBrew"},{"floor":16,"key":"Strength Potion"},{"floor":23,"key":"LiquidBronze"},{"floor":30,"key":"DuplicationPotion"},{"floor":35,"key":"SmokeBomb"},{"floor":45,"key":"AttackPotion"}],"is_trial":false,"path_per_floor":["M","M","M","M","M","R","M","R","T","?","M","E","R","?","R","B",null,"M","M","$","M","?","E","R","?","T","R","E","$","E","M","R","B",null,"M","?","$","?","M","E","?","R","T","R","E","M","M","E","R","B","B",null,"R","$","E","B"],"character_chosen":"DEFECT","items_purchased":["DollysMirror","Medical Kit","Runic Capacitor","AttackPotion"],"campfire_rested":4,"item_purchase_floors":[20,37,54,54],"current_hp_per_floor":[64,62,60,42,24,24,22,43,43,43,31,24,24,24,24,26,60,60,53,53,50,50,30,30,30,30,51,39,39,29,24,24,49,66,62,62,62,62,60,60,24,45,45,45,28,28,22,22,43,26,43,64,64,64,23,0,0],"gold":54,"neow_bonus":"BOSS_RELIC","is_daily":false,"chose_seed":false,"campfire_upgraded":6,"win_rate":0.0,"timestamp":1608973175,"path_taken":["M","M","M","M","M","R","M","R","T","?","M","E","R","?","R","BOSS","M","?","$","M","?","E","R","?","T","R","E","?","E","M","R","BOSS","M","?","?","?","?","E","?","R","T","R","E","M","M","E","R","BOSS","BOSS","R","$","E","BOSS"],"items_purchased_type":["Relic","Relic","Relic","Potion"],"build_version":"2020-12-22","purchased_purges":2,"victory":false,"max_hp_per_floor":[71,71,71,71,71,71,71,71,71,71,71,71,71,71,71,71,71,71,71,71,71,71,71,71,71,71,71,71,71,71,71,71,71,71,71,71,71,71,71,71,71,71,71,71,71,71,71,71,71,71,71,71,71,71,71,71,71],"relic_stats":{"Centennial Puzzle":[45],"Nunchaku":[29],"Gremlin Horn":[24,24],"counters":[28,107],"Shuriken":[42],"Pantograph":125,"CeramicFish":108,"Letter Opener":[257],"Orichalcum":[12],"Medical Kit":[4],"obtain_stats":[{"Gremlin Horn":14,"CeramicFish":23,"Runic Capacitor":54,"aspiration:SecretTechniqueScroll":0,"Letter Opener":26,"Frozen Egg 2":30,"Orichalcum":48,"Empty Cage":17,"Medical Kit":37,"Centennial Puzzle":12,"Nunchaku":28,"DollysMirror":20,"Shuriken":45,"Pantograph":9,"Philosopher\u0027s Stone":34,"Bottled Lightning":40,"Cracked Core":0,"Toy Ornithopter":55},{"Gremlin Horn":8,"CeramicFish":13,"Runic Capacitor":26,"aspiration:SecretTechniqueScroll":0,"Letter Opener":13,"Frozen Egg 2":15,"Orichalcum":24,"Empty Cage":9,"Medical Kit":18,"Centennial Puzzle":8,"Nunchaku":14,"DollysMirror":11,"Shuriken":21,"Pantograph":6,"Philosopher\u0027s Stone":17,"Bottled Lightning":20,"Cracked Core":0,"Toy Ornithopter":27},{"Gremlin Horn":30,"CeramicFish":51,"Runic Capacitor":101,"aspiration:SecretTechniqueScroll":0,"Letter Opener":51,"Frozen Egg 2":57,"Orichalcum":88,"Empty Cage":36,"Medical Kit":68,"Centennial Puzzle":30,"Nunchaku":54,"DollysMirror":41,"Shuriken":76,"Pantograph":22,"Philosopher\u0027s Stone":65,"Bottled Lightning":73,"Cracked Core":0,"Toy Ornithopter":105}],"Toy Ornithopter":5},"card_choices":[{"not_picked":["Doom and Gloom","Gash"],"picked":"Scrape","floor":1},{"not_picked":["Lockon","Stack"],"picked":"Sweeping Beam","floor":2},{"not_picked":["Conserve Battery","Barrage"],"picked":"Steam","floor":3},{"not_picked":["Redo","Auto Shields"],"picked":"Hologram","floor":4},{"not_picked":["FTL","Melter"],"picked":"BootSequence","floor":5},{"not_picked":["Steam","Tempest"],"picked":"Ball Lightning","floor":7},{"not_picked":["Barrage","Core Surge"],"picked":"Gash","floor":11},{"not_picked":["Conserve Battery","Blizzard"],"picked":"Echo Form","floor":12},{"not_picked":["Creative AI","Meteor Strike"],"picked":"Reboot","floor":16},{"not_picked":["Recycle","Gash"],"picked":"Scrape","floor":18},{"not_picked":["Coolheaded","Redo"],"picked":"Go for the Eyes+1","floor":19},{"not_picked":["Turbo","Sunder"],"picked":"Defragment","floor":21},{"not_picked":["Ball Lightning","Reprogram"],"picked":"Core Surge","floor":23},{"not_picked":["Storm","Stack"],"picked":"Reprogram","floor":28},{"not_picked":["Streamline","aspiration:Polymerization"],"picked":"Skim","floor":30},{"not_picked":["Doom and Gloom+1","Defragment+1"],"picked":"Gash","floor":31},{"not_picked":["Thunder Strike","Meteor Strike"],"picked":"All For One","floor":33},{"not_picked":["Barrage+1","Lockon"],"picked":"Hologram+1","floor":35},{"not_picked":["Melter+1","Compile Driver+1","Beam Cell"],"picked":"SKIP","floor":39},{"not_picked":["Hyperbeam","Cold Snap","Hologram"],"picked":"SKIP","floor":40},{"not_picked":["Compile Driver","Rainbow"],"picked":"Defragment+1","floor":45},{"not_picked":["Ball Lightning","Barrage"],"picked":"Heatsinks+1","floor":46},{"not_picked":["Genetic Algorithm","Redo"],"picked":"Steam+1","floor":47},{"not_picked":["Force Field","Compile Driver+1","Tempest"],"picked":"SKIP","floor":48},{"not_picked":["Double Energy","Steam Power"],"picked":"Reboot","floor":55}],"player_experience":928585,"relics_obtained":[{"floor":9,"key":"Pantograph"},{"floor":12,"key":"Centennial Puzzle"},{"floor":14,"key":"Gremlin Horn"},{"floor":23,"key":"CeramicFish"},{"floor":26,"key":"Letter Opener"},{"floor":28,"key":"Nunchaku"},{"floor":30,"key":"Frozen Egg 2"},{"floor":40,"key":"Bottled Lightning"},{"floor":45,"key":"Shuriken"},{"floor":48,"key":"Orichalcum"},{"floor":55,"key":"Toy Ornithopter"}],"event_choices":[{"damage_healed":0,"gold_gain":0,"player_choice":"Relic","damage_taken":0,"max_hp_gain":0,"max_hp_loss":0,"event_name":"Wheel of Change","floor":14,"gold_loss":0},{"cards_removed":["Dualcast"],"damage_healed":0,"gold_gain":0,"player_choice":"Gave Gold","damage_taken":0,"max_hp_gain":0,"max_hp_loss":0,"event_name":"Beggar","floor":22,"gold_loss":75},{"damage_healed":0,"gold_gain":0,"cards_transformed":["Defend_B","Defend_B"],"player_choice":"Became Test Subject","damage_taken":0,"max_hp_gain":0,"max_hp_loss":0,"event_name":"Drug Dealer","floor":25,"gold_loss":0,"cards_obtained":["Seek","Rip and Tear"]},{"cards_removed":["Skim"],"damage_healed":0,"gold_gain":0,"player_choice":"Removed Skill","damage_taken":0,"max_hp_gain":0,"max_hp_loss":0,"event_name":"Falling","floor":36,"gold_loss":0},{"damage_healed":0,"gold_gain":0,"player_choice":"Forge","damage_taken":0,"max_hp_gain":0,"max_hp_loss":0,"event_name":"Accursed Blacksmith","floor":38,"gold_loss":0,"cards_upgraded":["Reprogram"]},{"damage_healed":0,"gold_gain":0,"player_choice":"UP UP UP ","damage_taken":42,"relics_obtained":[],"max_hp_gain":0,"max_hp_loss":0,"event_name":"betterSkull:BetterSkull","floor":41,"gold_loss":0,"cards_upgraded":["Ball Lightning","Tactician","Seek"]}],"is_beta":false,"boss_relics":[{"not_picked":["SacredBark","Busted Crown"],"picked":"Empty Cage"},{"not_picked":["aspiration:PoetsPen_weak","Coffee Dripper"],"picked":"Philosopher\u0027s Stone"}],"items_purged_floors":[20,29],"is_endless":false,"potions_floor_spawned":[1,4,16,23,28,30,35,45,48],"killed_by":"The Heart","ascension_level":20}}