{"host":"n3x47g3cen64bqy7","time":1608957280,"event":{"mods":["Aspiration","BaseMod","Downfall","Hermit","Hubris","Minty Spire (QoL Compilation)","Replay The Spire","Shop Mod","StSLib","The Construct","The Cursed","The Runesmith"],"gold_per_floor":[99,99,99,274,274,274,274,274,274,304,180,194,194,214,229,331,331,331,343,358,376,376,376,376,163,163,163,163,183,199,224,244,347,347,272,272,272,283,283,283,283],"floor_reached":39,"playtime":2932,"items_purged":["Guardian:Strike_Guardian"],"score":495,"play_id":"8ea2432c-cd1a-451a-ad67-680af6cf7ee2","local_time":"20201226123440","is_ascension_mode":false,"campfire_choices":[{"data":"Guardian:CurlUp","floor":1,"key":"SMITH"},{"data":"Guardian:TwinSlam","floor":9,"key":"SMITH"},{"data":"Guardian:Repulse","floor":13,"key":"SMITH"},{"data":"Guardian:Defend_Guardian","floor":18,"key":"SMITH"},{"data":"Guardian:Defend_Guardian","floor":23,"key":"SMITH"},{"data":"Guardian:EvasiveProtocol","floor":27,"key":"SMITH"},{"data":"Guardian:BaubleBeam","floor":35,"key":"SMITH"}],"circlet_count":0,"master_deck":["Guardian:Strike_Guardian","Guardian:Strike_Guardian","Guardian:Defend_Guardian+1","Guardian:Defend_Guardian","Guardian:Defend_Guardian","Guardian:Defend_Guardian+1","Guardian:CurlUp+1","Guardian:TwinSlam+1","Doubt","Guardian:ShieldSpikes+1","Guardian:Repulse+1","Guardian:BronzeArmor+1","Guardian:Suspension+1","Guardian:PiercingHide+1","Voices","CommonCold","CommonCold","Guardian:PiercingHide+1","Guardian:PiercingHide+1","Guardian:EvasiveProtocol+1","Guardian:TwinSlam+1","Guardian:TemporalShield+1","Guardian:PrismaticBeam+1","Guardian:RollAttack","Guardian:BaubleBeam+1"],"relics":["Guardian:ModeShifter","downfall:HeartsMalice","hubris:Towel","Toxic Egg 2","hubris:Spice","Replay:Ancient Bell","Juzu Bracelet","hubris:PeanutButter","Runesmith:Locket","BargainBundle","hubris:BottledHeart","aspiration:SilentSkillbook","downfall:HeartBlessingGreen"],"acts_visited":["Exordium","TheCity","TheBeyond"],"potions_floor_usage":[38],"damage_taken":[{"damage":0,"enemies":"Small Slimes","floor":2,"turns":1},{"damage":0,"enemies":"2 Louse","floor":8,"turns":1},{"damage":0,"enemies":"3 Sentries","floor":10,"turns":1},{"damage":0,"enemies":"downfall:FleeingMerchant","floor":11,"turns":4},{"damage":9,"enemies":"Cultist","floor":12,"turns":4},{"damage":11,"enemies":"Large Slime","floor":14,"turns":6},{"damage":5,"enemies":"Red Slaver","floor":15,"turns":3},{"damage":17,"enemies":"downfall:Defect","floor":16,"turns":7},{"damage":4,"enemies":"Shell Parasite","floor":19,"turns":6},{"damage":0,"enemies":"3 Byrds","floor":20,"turns":3},{"damage":17,"enemies":"Cultist and Chosen","floor":21,"turns":8},{"damage":0,"enemies":"downfall:FleeingMerchant","floor":25,"turns":4},{"damage":0,"enemies":"Centurion and Healer","floor":29,"turns":13},{"damage":0,"enemies":"Snecko","floor":30,"turns":7},{"damage":0,"enemies":"Book of Stabbing","floor":31,"turns":5},{"damage":0,"enemies":"Snake Plant","floor":32,"turns":5},{"damage":0,"enemies":"downfall:Silent","floor":33,"turns":7},{"damage":0,"enemies":"3 Darklings","floor":38,"turns":6},{"damage":0,"enemies":"Orb Walker","floor":39,"turns":1}],"seed_played":"-5035061668850796177","potions_obtained":[{"floor":12,"key":"Reflective Coating"},{"floor":14,"key":"SkillPotion"},{"floor":15,"key":"PowerPotion"},{"floor":20,"key":"BlessingOfTheForge"}],"is_trial":false,"path_per_floor":["R","M","?","?","?","?","T","M","R","E","$","M","R","M","M","B",null,"R","M","M","M","?","R","T","$","?","R","?","M","M","E","M","B",null,"R","?","?","M","M"],"character_chosen":"GUARDIAN","items_purchased":["Guardian:Repulse","Guardian:Gem_Fragmented","BargainBundle","Guardian:Gem_White","Guardian:Gem_Lightblue","Guardian:EvasiveProtocol","Swift Potion","Dexterity Potion"],"campfire_rested":0,"item_purchase_floors":[11,11,25,25,25,25,25,25],"current_hp_per_floor":[80,80,80,80,80,80,80,80,80,88,88,79,79,68,63,46,88,88,84,84,67,67,67,75,75,75,75,1,1,1,1,1,1,1,1,1,1,1,1,1,1],"gold":283,"neow_bonus":"THREE_ENEMY_KILL","is_daily":false,"chose_seed":false,"campfire_upgraded":7,"win_rate":0.0,"timestamp":1608957280,"path_taken":["R","M","?","?","?","?","T","M","R","E","$","M","R","?","M","BOSS","R","M","M","M","?","R","T","$","?","R","?","M","M","E","M","BOSS","R","?","?","M","M"],"items_purchased_type":["Card","Card","Relic","Card","Card","Card","Potion","Potion"],"build_version":"2020-12-22","purchased_purges":1,"victory":false,"max_hp_per_floor":[80,80,80,80,80,80,80,80,80,88,88,88,88,88,88,88,88,88,88,88,88,88,88,96,96,96,96,1,1,1,1,1,1,1,1,1,1,1,1,1,1],"card_choices":[{"not_picked":["Guardian:CrystalBeam","Guardian:TimeBomb"],"picked":"Guardian:Gem_White","floor":2},{"not_picked":["Guardian:Suspension+1","Guardian:WalkerClaw"],"picked":"Guardian:Gem_Lightblue","floor":8},{"not_picked":["Guardian:VentSteam+1","Guardian:TimeCapacitor"],"picked":"Guardian:Gem_Synthetic","floor":10},{"not_picked":["Guardian:Gem_Red","Guardian:Suspension+1"],"picked":"Guardian:ShieldSpikes+1","floor":11},{"not_picked":["Guardian:BronzeOrb","Guardian:WalkerClaw"],"picked":"Guardian:BronzeArmor+1","floor":12},{"not_picked":["Guardian:RollAttack","Guardian:ConstructionForm"],"picked":"Guardian:Suspension+1","floor":14},{"not_picked":["Guardian:PrimingBeam","Guardian:DonusPower+1"],"picked":"Guardian:PiercingHide+1","floor":15},{"not_picked":["Guardian:StasisField+1","Guardian:RevengeProtocol"],"picked":"Guardian:Gem_Orange","floor":16},{"not_picked":["hubris:Lust","hubris:Disease"],"picked":"Voices","floor":17},{"not_picked":["Doubt","Normality"],"picked":"CommonCold","floor":17},{"not_picked":["Doubt","hubris:Lust"],"picked":"CommonCold","floor":17},{"not_picked":["Guardian:TimeSifter","Guardian:Gem_Red"],"picked":"Guardian:Gem_Green","floor":19},{"not_picked":["Guardian:PrismaticBarrier+1","Guardian:Planning+1"],"picked":"Guardian:PiercingHide+1","floor":20},{"not_picked":["Guardian:Suspension+1","Guardian:Recover+1"],"picked":"Guardian:Gem_Red","floor":21},{"not_picked":["Guardian:FastForward+1","Guardian:VentSteam+1"],"picked":"Guardian:PiercingHide+1","floor":25},{"not_picked":["Guardian:Gem_Red","Guardian:Recover+1"],"picked":"Guardian:TemporalShield+1","floor":29},{"not_picked":["Guardian:ArmoredProtocol","Guardian:TimeCapacitor"],"picked":"Guardian:PrismaticBeam+1","floor":30},{"not_picked":["Guardian:FloatingOrbs","Guardian:PrimingBeam"],"picked":"Guardian:RollAttack","floor":31},{"not_picked":["Guardian:DonusPower+1","Guardian:TimeSifter"],"picked":"hubris:SpiceAddiction","floor":32},{"not_picked":["Guardian:ConstructionForm","Guardian:StasisField+1"],"picked":"Guardian:BaubleBeam","floor":33},{"not_picked":["Guardian:ShieldSpikes+1","Guardian:ArmoredProtocol+1","Guardian:Recover+1"],"picked":"hubris:SpiceAddiction","floor":38}],"player_experience":18577,"relics_obtained":[{"floor":7,"key":"Toxic Egg 2"},{"floor":10,"key":"hubris:Spice"},{"floor":24,"key":"hubris:Spice"}],"event_choices":[{"damage_healed":0,"gold_gain":0,"player_choice":"Ignored","damage_taken":0,"max_hp_gain":0,"max_hp_loss":0,"event_name":"NoteForYourself","floor":6,"gold_loss":0},{"damage_healed":0,"gold_gain":0,"player_choice":"Ignored","damage_taken":0,"max_hp_gain":0,"max_hp_loss":0,"event_name":"Ghosts","floor":22,"gold_loss":0},{"damage_healed":0,"gold_gain":0,"player_choice":"Copied","damage_taken":0,"max_hp_gain":0,"max_hp_loss":0,"event_name":"Duplicator","floor":26,"gold_loss":0,"cards_obtained":["Guardian:TwinSlam"]}],"is_beta":false,"boss_relics":[{"not_picked":["Fusion Hammer","hubris:Backtick"],"picked":"Replay:Ancient Bell"},{"not_picked":["Grinning Jar","Blood Vial"],"picked":"Juzu Bracelet"},{"not_picked":["hubris:Spice","InkBottle"],"picked":"hubris:PeanutButter"},{"not_picked":["Calipers","hubris:MedicalManual"],"picked":"Runesmith:Locket"},{"not_picked":["Runesmith:UraniumAnvil","Kintsugi"],"picked":"aspiration:SilentSkillbook"}],"items_purged_floors":[25],"is_endless":false,"potions_floor_spawned":[10,12,14,15,20,31,32,33],"killed_by":"Orb Walker","ascension_level":0}}