{"host":"vm8b3ptwl81uq21f","time":1608972190,"event":{"mods":["BaseMod","BetterRewards","Colored Map","Colored Powertips","Downfall","GifTheSpireLib","Googly Eyes","GungeonMod","Halation","Hubris","Minty Spire (QoL Compilation)","Quick Restart","Rare Cards Sparkle","Replay The Spire","Shop Mod","StSLib","Stuff the Spire","The Animator","The Bug Knight","The IronCluck","[IsaacMod]????"],"gold_per_floor":[109,54,54,54,34,63,63,63,98,9,27,27,27],"floor_reached":12,"playtime":246,"items_purged":[],"score":99,"play_id":"b721d849-e884-4ec1-b807-bc69251b9fb6","local_time":"20201226034310","is_ascension_mode":false,"campfire_choices":[{"data":"DemoMod:SAA","floor":7,"key":"SMITH"}],"circlet_count":0,"master_deck":["AscendersBane","DemoMod:Strike_Huntress","DemoMod:Strike_Huntress","DemoMod:Strike_Huntress","DemoMod:Defend_Huntress","DemoMod:Defend_Huntress","DemoMod:Defend_Huntress","DemoMod:Defend_Huntress","DemoMod:Roll","DemoMod:ManualReload","DemoMod:RustySidearm","DemoMod:CrossBow","DemoMod:EasyReloadBullets","DemoMod:SAA+1","StuffTheSpire:CuriosityCurse","DemoMod:Behold!","DemoMod:ConditionalReflex","DemoMod:GunstockTap"],"relics":["DemoMod:Dog","HushsDoor","DeadEye","NeowsBlessing","Replay:Mystery Machine","Durian","HowToJump","DemoMod:GlassGuonStoneRelic","Blood Vial","halation:LostSnail"],"acts_visited":["Exordium"],"potions_floor_usage":[],"damage_taken":[{"damage":0,"enemies":"2 Louse","floor":1,"turns":1},{"damage":0,"enemies":"Lagavulin","floor":6,"turns":1},{"damage":0,"enemies":"Small Slimes","floor":9,"turns":2},{"damage":0,"enemies":"Small Slimes","floor":11,"turns":3},{"damage":0,"enemies":"Gremlin Nob","floor":12,"turns":1}],"seed_played":"7917129532324332446","potions_obtained":[{"floor":5,"key":"SpeedPotion"},{"floor":6,"key":"LiquidBronze"}],"is_trial":false,"path_per_floor":["M","$","?","?","?","E","R","$","T","$","M","E"],"character_chosen":"HUNTRESS","items_purchased":["DemoMod:SAA","halation:LostSnail"],"campfire_rested":0,"item_purchase_floors":[2,10],"current_hp_per_floor":[57,57,57,57,57,62,62,62,62,62,64,66,66],"gold":27,"neow_bonus":"THREE_ENEMY_KILL","is_daily":false,"chose_seed":false,"campfire_upgraded":1,"win_rate":0.0,"timestamp":1608972190,"path_taken":["M","$","?","?","?","E","R","?","T","$","?","E"],"items_purchased_type":["Card","Relic"],"build_version":"2020-12-22","purchased_purges":0,"victory":false,"max_hp_per_floor":[63,63,63,63,63,68,68,68,68,68,68,68,68],"card_choices":[{"not_picked":[],"picked":"ChaosCard","floor":0},{"not_picked":["DemoMod:JK47","DemoMod:ZorGun"],"picked":"DemoMod:EasyReloadBullets","floor":1},{"not_picked":["Bomb","DemoMod:ShadowBullets"],"picked":"DemoMod:Behold!","floor":6},{"not_picked":["DemoMod:JK47","Bomb"],"picked":"DemoMod:ConditionalReflex","floor":9},{"not_picked":["DemoMod:Camera","DemoMod:BoxingGlove"],"picked":"DemoMod:GunstockTap","floor":11}],"player_experience":315439,"relics_obtained":[{"floor":6,"key":"Durian"},{"floor":9,"key":"HowToJump"},{"floor":9,"key":"Blood Vial"}],"event_choices":[{"damage_healed":0,"gold_gain":0,"player_choice":"Bought 1 Potion","damage_taken":0,"max_hp_gain":0,"max_hp_loss":0,"event_name":"The Woman in Blue","floor":5,"gold_loss":0}],"is_beta":false,"boss_relics":[],"items_purged_floors":[],"is_endless":false,"potions_floor_spawned":[6,11],"killed_by":"Gremlin Nob","ascension_level":20}}