{"host":"4lebci84u2l5u89t","time":1608997159,"event":{"mods":["AchievementEnabler","Aspiration","Bard","BaseMod","Beaked The Cultist","Better Altar","Better Match","Better Note","Better Sensory Stone","Better Skull","Better Third Choice","BetterRewards","CCEM","Colored Map","Conspire","GifTheSpireLib","Googly Eyes","Halation","Hermit","Highlight Path","Hubris","Jedi Mod","Jorbs\u0027s Wanderer Trilogy","Lobotomy","LobotomyExtend","Mad Scientist","Marisa????????","Mimic Mod","Minty Spire (QoL Compilation)","Permanent Neow","Replay The Spire","Shade Mod","Spicy Shops","StSLib","Stuff the Spire","The Administrix","The Mystic","Unceasing Turn Reminder"],"gold_per_floor":[120,139,348,367,382,382,382],"floor_reached":6,"playtime":451,"items_purged":[],"score":38,"play_id":"9b6e1ca7-5b6b-4120-be0c-92fa6e64e643","local_time":"20201226163919","is_ascension_mode":false,"campfire_choices":[],"circlet_count":0,"master_deck":["SpecialBullet","SpecialBullet","SpecialBullet","SpecialBullet","SpecialBullet","SpecialBullet","SpecialBullet","SpecialBullet","DisciplinaryCode","SecurityCode","InformationCode","Porccubus","BloodyDesire","WristCuter","LittlePrince","Scarecrow"],"relics":["CogitoBucket","aspiration:Nostalgia","Iron Core","LetterFromLob"],"acts_visited":["Exordium"],"potions_floor_usage":[6,6],"damage_taken":[{"damage":11,"enemies":"Jaw Worm","floor":1,"turns":2},{"damage":13,"enemies":"2 Louse","floor":2,"turns":2},{"damage":6,"enemies":"Small Slimes","floor":4,"turns":2},{"damage":17,"enemies":"Exordium Wildlife","floor":5,"turns":3},{"damage":26,"enemies":"Lagavulin","floor":6,"turns":3}],"seed_played":"-7284153044521763860","potions_obtained":[{"floor":1,"key":"Weak Potion"},{"floor":5,"key":"Venom Potion"}],"is_trial":false,"path_per_floor":["M","M","?","M","M","E"],"character_chosen":"Angela","items_purchased":[],"campfire_rested":0,"item_purchase_floors":[],"current_hp_per_floor":[67,62,34,36,19,0,0],"gold":382,"neow_bonus":"NOSTALGIA","is_daily":false,"chose_seed":false,"campfire_upgraded":0,"win_rate":0.0,"timestamp":1608997159,"path_taken":["M","M","?","M","M","E"],"items_purchased_type":[],"build_version":"2020-12-22","purchased_purges":0,"victory":false,"max_hp_per_floor":[70,70,70,70,70,70,70],"card_choices":[{"not_picked":["MeatLantern","Bloodbath"],"picked":"Porccubus","floor":1},{"not_picked":["Laetitia_ego"],"picked":"BloodyDesire","floor":1},{"not_picked":["Discord"],"picked":"WristCuter","floor":2},{"not_picked":["FairyFestival","ShyLook"],"picked":"LittlePrince","floor":4},{"not_picked":["Turbo","Anger"],"picked":"SKIP","floor":4},{"not_picked":["CherryBlossoms","FairyFestival"],"picked":"Scarecrow","floor":5},{"not_picked":["Flex","TodaysExpression"],"picked":"SKIP","floor":5}],"player_experience":238644,"relics_obtained":[{"floor":1,"key":"LetterFromLob"}],"event_choices":[],"is_beta":false,"boss_relics":[],"items_purged_floors":[],"is_endless":false,"potions_floor_spawned":[1,5],"killed_by":"Lagavulin","ascension_level":0}}