{"host":"63yhhrjweyj22b0v","time":1608969364,"event":{"mods":["BaseMod","Minty Spire (QoL Compilation)","Quick Restart"],"gold_per_floor":[110,185,112,112,112,112,131,131,156,186,200,4,4,35,35,134,134,145,145,145,145,155,155,169,180,180,180,196,196,211,112,112,112,112],"floor_reached":33,"playtime":859,"items_purged":["Writhe"],"score":303,"play_id":"e58f55bf-7129-479c-b798-30b9e2e3b009","local_time":"20201226015604","is_ascension_mode":false,"campfire_choices":[{"data":"ConjureBlade","floor":6,"key":"SMITH"},{"data":"Eruption","floor":8,"key":"SMITH"},{"data":"WaveOfTheHand","floor":13,"key":"SMITH"},{"data":"PathToVictory","floor":15,"key":"SMITH"},{"floor":23,"key":"REST"},{"floor":27,"key":"REST"},{"floor":29,"key":"REST"},{"floor":32,"key":"REST"}],"circlet_count":0,"master_deck":["Strike_P","Strike_P","Strike_P","Strike_P","Defend_P+1","Defend_P","Defend_P","Defend_P","Eruption+1","Vigilance","FlurryOfBlows+1","ConjureBlade+1","MentalFortress","Halt","WaveOfTheHand+1","PathToVictory+1","BattleHymn","Brilliance","FlurryOfBlows+1","Crescendo","ClearTheMind","PathToVictory","BowlingBash+1","EmptyFist","Prostrate"],"relics":["PureWater","NeowsBlessing","Bronze Scales","Boot","Blue Candle","Lee\u0027s Waffle","Damaru","Black Star","MutagenicStrength","Strawberry"],"acts_visited":["Exordium","TheCity"],"potions_floor_usage":[7,11,16,22,24,25,30],"damage_taken":[{"damage":0,"enemies":"Small Slimes","floor":1,"turns":1},{"damage":0,"enemies":"2 Louse","floor":7,"turns":2},{"damage":0,"enemies":"Lagavulin","floor":10,"turns":1},{"damage":5,"enemies":"Jaw Worm","floor":11,"turns":3},{"damage":12,"enemies":"Gremlin Nob","floor":14,"turns":3},{"damage":56,"enemies":"The Guardian","floor":16,"turns":8},{"damage":18,"enemies":"2 Thieves","floor":18,"turns":5},{"damage":16,"enemies":"Spheric Guardian","floor":22,"turns":3},{"damage":27,"enemies":"3 Cultists","floor":24,"turns":6},{"damage":25,"enemies":"Cultist and Chosen","floor":25,"turns":4},{"damage":10,"enemies":"Snake Plant","floor":28,"turns":4},{"damage":38,"enemies":"Snecko","floor":30,"turns":5},{"damage":60,"enemies":"Collector","floor":33,"turns":6}],"seed_played":"2138719137574256754","potions_obtained":[{"floor":1,"key":"Strength Potion"},{"floor":7,"key":"Fruit Juice"},{"floor":10,"key":"Weak Potion"},{"floor":16,"key":"Strength Potion"},{"floor":18,"key":"Explosive Potion"},{"floor":22,"key":"FearPotion"},{"floor":25,"key":"Ancient Potion"}],"is_trial":false,"path_per_floor":["M","?","$","?","?","R","M","R","T","E","M","$","R","E","R","B",null,"M","?","?","?","M","R","M","M","T","R","M","R","M","$","R","B"],"character_chosen":"WATCHER","items_purchased":["ConjureBlade","Lee\u0027s Waffle","PathToVictory","Prostrate"],"campfire_rested":4,"item_purchase_floors":[3,12,12,31],"current_hp_per_floor":[72,61,61,47,40,40,45,45,45,45,40,84,84,72,72,16,84,66,66,50,57,41,69,42,17,17,45,35,63,25,25,53,0,0],"gold":112,"neow_bonus":"THREE_ENEMY_KILL","is_daily":false,"chose_seed":false,"campfire_upgraded":4,"win_rate":0.0,"timestamp":1608969364,"path_taken":["M","?","$","?","?","R","M","R","T","E","M","$","R","E","R","BOSS","M","?","?","?","M","R","M","M","T","R","M","R","M","$","R","BOSS"],"items_purchased_type":["Card","Relic","Card","Card"],"build_version":"2020-12-22","purchased_purges":1,"victory":false,"max_hp_per_floor":[72,72,72,72,72,72,77,77,77,77,77,84,84,84,84,84,84,84,84,89,96,96,96,96,96,96,96,96,96,96,96,96,96,96],"card_choices":[{"not_picked":["Adaptation","MentalFortress"],"picked":"FlurryOfBlows","floor":1},{"not_picked":["FollowUp","JustLucky"],"picked":"MentalFortress","floor":7},{"not_picked":["BattleHymn","Sanctity"],"picked":"Halt","floor":10},{"not_picked":["FollowUp","FlyingSleeves"],"picked":"WaveOfTheHand","floor":11},{"not_picked":["SashWhip","Evaluate"],"picked":"BattleHymn","floor":14},{"not_picked":["Omniscience","Vault"],"picked":"Brilliance","floor":16},{"not_picked":["ThirdEye","FollowUp"],"picked":"FlurryOfBlows+1","floor":18},{"not_picked":["Sanctity+1","WindmillStrike"],"picked":"Crescendo","floor":22},{"not_picked":["SashWhip","FollowUp"],"picked":"ClearTheMind","floor":24},{"not_picked":["Evaluate","TalkToTheHand"],"picked":"PathToVictory","floor":25},{"not_picked":["ForeignInfluence+1","LessonLearned"],"picked":"BowlingBash+1","floor":28},{"not_picked":["CutThroughFate","Protect+1"],"picked":"EmptyFist","floor":30}],"player_experience":642279,"relics_obtained":[{"floor":9,"key":"Boot"},{"floor":10,"key":"Blue Candle"},{"floor":14,"key":"Damaru"}],"event_choices":[{"damage_healed":0,"gold_gain":75,"player_choice":"Gather Gold","damage_taken":11,"max_hp_gain":0,"max_hp_loss":0,"event_name":"World of Goop","floor":2,"gold_loss":0},{"damage_healed":0,"gold_gain":0,"player_choice":"Entered Light","damage_taken":14,"max_hp_gain":0,"max_hp_loss":0,"event_name":"Shining Light","floor":4,"gold_loss":0,"cards_upgraded":["Defend_P","FlurryOfBlows"]},{"damage_healed":0,"gold_gain":0,"player_choice":"Success","damage_taken":7,"relics_obtained":["Bronze Scales"],"max_hp_gain":0,"max_hp_loss":0,"event_name":"Scrap Ooze","floor":5,"gold_loss":0},{"damage_healed":0,"gold_gain":0,"player_choice":"Inject Mutagens","damage_taken":0,"relics_obtained":["MutagenicStrength"],"max_hp_gain":0,"max_hp_loss":0,"event_name":"Drug Dealer","floor":19,"gold_loss":0},{"damage_healed":0,"gold_gain":0,"player_choice":"Shed Blood","damage_taken":21,"max_hp_gain":5,"max_hp_loss":0,"event_name":"Forgotten Altar","floor":20,"gold_loss":0},{"damage_healed":0,"gold_gain":0,"player_choice":"Opened","damage_taken":0,"relics_obtained":["Strawberry"],"max_hp_gain":0,"max_hp_loss":0,"event_name":"The Mausoleum","floor":21,"gold_loss":0,"cards_obtained":["Writhe"]}],"is_beta":false,"boss_relics":[{"not_picked":["Pandora\u0027s Box","Philosopher\u0027s Stone"],"picked":"Black Star"}],"items_purged_floors":[31],"is_endless":false,"potions_floor_spawned":[1,7,10,16,18,22,25],"killed_by":"Collector","ascension_level":0}}