{"host":"dculp0u5sf459im8","time":1608980169,"event":{"mods":["BaseMod","Downfall","Infinite Spire","Jedi Mod","Minty Spire (QoL Compilation)","Replay The Spire","StSLib","The Bug Knight","The Construct","The Cursed","The Jungle"],"gold_per_floor":[99,114,2,13,29,40,40,40,57,57,67,67,167,183,198,293,293,293,311,311,311,326,361,361,361,361,361,361],"floor_reached":26,"playtime":3785,"items_purged":[],"score":220,"play_id":"bb54e120-f313-4457-b9a7-2e552a6b37ad","local_time":"20201226185609","is_ascension_mode":false,"campfire_choices":[{"data":"Guardian:GuardianWhirl","floor":8,"key":"SMITH"},{"data":"Guardian:Emergency","floor":10,"key":"SMITH"},{"data":"Guardian:Suspension","floor":18,"key":"SMITH"}],"circlet_count":0,"master_deck":["Guardian:Strike_Guardian","Guardian:Strike_Guardian+1","Guardian:Strike_Guardian","Guardian:Strike_Guardian+1","Guardian:Defend_Guardian+1","Guardian:Defend_Guardian","Guardian:Defend_Guardian","Guardian:CurlUp+1","Guardian:TwinSlam","Guardian:Harden","Guardian:SpikerProtocol","Guardian:CrystalBeam","Guardian:Suspension+1","Guardian:GuardianWhirl+1","Guardian:Emergency+1","Guardian:ShieldCharger","Regret","Guardian:TemporalStrike","Guardian:Incinerate+1","Writhe","Guardian:Gem_Green","Guardian:Recover+1"],"relics":["Guardian:ModeShifter","Question Card","Simple Rune","jedi:matchstick"],"acts_visited":["Exordium","TheCity"],"potions_floor_usage":[9,14,16,16,16,23],"damage_taken":[{"damage":0,"enemies":"Cultist","floor":2,"turns":4},{"damage":0,"enemies":"downfall:FleeingMerchant","floor":3,"turns":4},{"damage":0,"enemies":"Small Slimes","floor":4,"turns":3},{"damage":0,"enemies":"2 Louse","floor":5,"turns":2},{"damage":11,"enemies":"Gremlin Gang","floor":6,"turns":3},{"damage":13,"enemies":"Exordium Thugs","floor":9,"turns":4},{"damage":8,"enemies":"3 Louse","floor":11,"turns":4},{"damage":0,"enemies":"Gremlin Gang","floor":14,"turns":3},{"damage":11,"enemies":"Blue Slaver","floor":15,"turns":3},{"damage":20,"enemies":"downfall:Ironclad","floor":16,"turns":8},{"damage":3,"enemies":"Spheric Guardian","floor":19,"turns":5},{"damage":1,"enemies":"3 Byrds","floor":22,"turns":3},{"damage":52,"enemies":"Slavers","floor":23,"turns":5},{"damage":32,"enemies":"3 Cultists","floor":26,"turns":7}],"seed_played":"-2764532623947017110","potions_obtained":[{"floor":4,"key":"sneckomod:MuddlingPotion"},{"floor":5,"key":"champ:CounterPotion"},{"floor":11,"key":"SteroidPotion"},{"floor":14,"key":"BlessingOfTheForge"},{"floor":15,"key":"GamblersBrew"},{"floor":19,"key":"Weak Potion"}],"is_trial":false,"path_per_floor":["R","M","$","M","M","M","T","R","M","R","M","?","?","M","M","B",null,"R","M","?","?","M","E","T","?","M"],"character_chosen":"GUARDIAN","items_purchased":["Guardian:Gem_Red","Guardian:CrystalBeam"],"campfire_rested":0,"item_purchase_floors":[3,3],"current_hp_per_floor":[88,88,88,88,88,77,77,77,64,64,56,56,56,56,45,25,88,88,85,85,85,84,32,32,32,0,0,0],"gold":361,"neow_bonus":"TEN_PERCENT_HP_BONUS","is_daily":false,"chose_seed":false,"campfire_upgraded":3,"win_rate":0.0,"timestamp":1608980169,"path_taken":["R","M","$","M","M","M","T","R","M","R","M","?","?","M","M","BOSS","R","M","?","?","M","E","T","?","M"],"items_purchased_type":["Card","Card"],"build_version":"2020-12-22","purchased_purges":0,"victory":false,"max_hp_per_floor":[88,88,88,88,88,88,88,88,88,88,88,88,88,88,88,88,88,88,88,88,88,88,88,88,88,88,88,88],"card_choices":[{"not_picked":["Guardian:CrystalBeam","Guardian:Reroute"],"picked":"Guardian:SpikerProtocol","floor":2},{"not_picked":["Guardian:TemporalStrike","Guardian:DecasProtection"],"picked":"Guardian:Gem_Cyan","floor":3},{"not_picked":["Guardian:TemporalShield","Guardian:EvasiveProtocol"],"picked":"Guardian:Gem_Purple","floor":4},{"not_picked":["Guardian:SpikerProtocol","Guardian:PiercingHide"],"picked":"Guardian:Suspension","floor":5},{"not_picked":["Guardian:SentryBeam","Guardian:ConstructionForm"],"picked":"Guardian:GuardianWhirl","floor":6},{"not_picked":["Guardian:Planning","Guardian:PolyBeam","Guardian:RollAttack"],"picked":"Guardian:Emergency","floor":9},{"not_picked":["Guardian:Gem_Lightblue","Guardian:PolyBeam","Guardian:ChargeCore"],"picked":"Guardian:ShieldCharger","floor":11},{"not_picked":["Guardian:Planning","Guardian:TemporalShield","Guardian:BaubleBeam"],"picked":"Guardian:TemporalStrike","floor":14},{"not_picked":["Guardian:WalkerClaw","Guardian:VentSteam","Guardian:ChargeCore"],"picked":"Guardian:Gem_Green","floor":15},{"not_picked":["Guardian:FastForward","Guardian:StasisStrike","Guardian:TimeSifter"],"picked":"Guardian:Gem_Orange","floor":16},{"not_picked":["Guardian:RollAttack","Guardian:ChargeCore","Guardian:Gem_Crimson"],"picked":"Guardian:Incinerate+1","floor":19},{"not_picked":["Guardian:FloatingOrbs","Guardian:CrystalBeam","Guardian:ExploitGems"],"picked":"Guardian:Gem_Green","floor":22},{"not_picked":["Guardian:Repulse","Guardian:EvasiveProtocol","Guardian:ChargeCore"],"picked":"Guardian:Recover+1","floor":23}],"player_experience":252281,"relics_obtained":[{"floor":7,"key":"Question Card"},{"floor":23,"key":"jedi:matchstick"}],"event_choices":[],"is_beta":false,"boss_relics":[{"not_picked":["jedi:hotpepper","Replay:Fungal Core","Coffee Dripper"]}],"items_purged_floors":[],"is_endless":false,"potions_floor_spawned":[4,5,11,14,15,19],"killed_by":"3 Cultists","ascension_level":0}}