{"host":"sa7ebub27cgn5wai","time":1608965109,"event":{"mods":["BaseMod","Colored Map","Minty Spire (QoL Compilation)","SuperFastMode"],"gold_per_floor":[109,121,97,114,131,163,163,174,199,199,199,46,46,72,72,72,72],"floor_reached":16,"playtime":280,"items_purged":[],"score":160,"play_id":"bed0f32e-db85-44ae-866b-f202209938a8","local_time":"20201226154509","is_ascension_mode":true,"campfire_choices":[{"data":"Perfected Strike","floor":7,"key":"SMITH"},{"data":"Twin Strike","floor":10,"key":"SMITH"},{"floor":15,"key":"REST"}],"circlet_count":0,"master_deck":["AscendersBane","Strike_R+1","Strike_R","Strike_R","Strike_R","Strike_R","Defend_R","Defend_R","Defend_R","Defend_R","Bash","Perfected Strike+1","Twin Strike+1","Pommel Strike+1"],"relics":["Burning Blood","Smiling Mask","Toy Ornithopter","Pen Nib","Art of War","Odd Mushroom"],"acts_visited":["Exordium"],"potions_floor_usage":[8,16],"damage_taken":[{"damage":3,"enemies":"Jaw Worm","floor":1,"turns":4},{"damage":6,"enemies":"2 Louse","floor":2,"turns":2},{"damage":10,"enemies":"Small Slimes","floor":4,"turns":3},{"damage":11,"enemies":"Blue Slaver","floor":5,"turns":3},{"damage":40,"enemies":"Lagavulin","floor":6,"turns":5},{"damage":0,"enemies":"3 Louse","floor":8,"turns":3},{"damage":21,"enemies":"The Mushroom Lair","floor":14,"turns":4},{"damage":74,"enemies":"The Guardian","floor":16,"turns":9}],"seed_played":"258299286177630942","potions_obtained":[{"floor":4,"key":"Regen Potion"},{"floor":6,"key":"ColorlessPotion"},{"floor":8,"key":"BloodPotion"}],"is_trial":false,"path_per_floor":["M","M","$","M","M","E","R","M","T","R","?","$","?","?","R","B"],"character_chosen":"IRONCLAD","items_purchased":["Twin Strike","Pen Nib"],"campfire_rested":1,"item_purchase_floors":[3,12],"current_hp_per_floor":[75,75,75,71,66,32,32,54,54,54,54,54,42,27,51,0,0],"gold":72,"neow_bonus":"UPGRADE_CARD","is_daily":false,"chose_seed":false,"campfire_upgraded":2,"win_rate":0.0,"timestamp":1608965109,"path_taken":["M","M","$","M","M","E","R","M","T","R","?","$","?","?","R","BOSS"],"items_purchased_type":["Card","Relic"],"build_version":"2020-12-22","purchased_purges":0,"victory":false,"max_hp_per_floor":[80,80,80,80,80,80,80,80,80,80,80,80,80,80,80,80,80],"card_choices":[{"not_picked":["Body Slam","Infernal Blade"],"picked":"Perfected Strike","floor":1},{"not_picked":["Clothesline","Armaments","Clash"],"picked":"SKIP","floor":2},{"not_picked":["Havoc","Clothesline"],"picked":"Pommel Strike","floor":4},{"not_picked":["Carnage","Shockwave","Dark Embrace"],"picked":"SKIP","floor":5},{"not_picked":["Ghostly Armor","Infernal Blade","Clothesline"],"picked":"SKIP","floor":6},{"not_picked":["Shrug It Off","Sentinel","Headbutt"],"picked":"SKIP","floor":8}],"player_experience":282112,"relics_obtained":[{"floor":6,"key":"Smiling Mask"},{"floor":9,"key":"Toy Ornithopter"},{"floor":14,"key":"Odd Mushroom"}],"event_choices":[{"damage_healed":0,"gold_gain":0,"player_choice":"Grow","damage_taken":0,"max_hp_gain":0,"max_hp_loss":0,"event_name":"Living Wall","floor":11,"gold_loss":0,"cards_upgraded":["Pommel Strike"]},{"damage_healed":0,"gold_gain":0,"player_choice":"Success","damage_taken":12,"relics_obtained":["Art of War"],"max_hp_gain":0,"max_hp_loss":0,"event_name":"Scrap Ooze","floor":13,"gold_loss":0},{"damage_healed":0,"gold_gain":0,"player_choice":"Fought Mushrooms","damage_taken":0,"max_hp_gain":0,"max_hp_loss":0,"event_name":"Mushrooms","floor":14,"gold_loss":0}],"is_beta":false,"boss_relics":[],"items_purged_floors":[],"is_endless":false,"potions_floor_spawned":[4,6,8],"killed_by":"The Guardian","ascension_level":12}}