{"host":"nz11ypxva4e39b7q","time":1608945840,"event":{"mods":["BaseMod","Colored Map","Downfall","Minty Spire (QoL Compilation)","StSLib","The Marked"],"gold_per_floor":[99,111,111,127,127,143,143,68,88,119,134,167,185,218,232,332,332,257,276,296,310,395,395,395,395,395,425,480,494,113,147,166,270,270,195,215,227,14,27,77,150,150,177,191,191,191,222,222,236,236,236,262,60,60,60],"floor_reached":56,"playtime":5444,"items_purged":["hexamod:Strike","hexamod:Sear","hexamod:SpectralSpark+1"],"score":1488,"play_id":"2279f229-1508-4d03-8cc7-65bcc1617f70","local_time":"20201226022400","is_ascension_mode":true,"campfire_choices":[{"floor":1.0,"key":"RECALL"},{"data":"hexamod:SuperheatedStrike","floor":8.0,"key":"SMITH"},{"data":"hexamod:SpectralSpark","floor":18.0,"key":"SMITH"},{"data":"hexamod:PhantomCloak","floor":23.0,"key":"SMITH"},{"data":"hexamod:Float","floor":26.0,"key":"SMITH"},{"data":"hexamod:GhostflameInferno","floor":35,"key":"SMITH"},{"data":"hexamod:FastForward","floor":46,"key":"SMITH"},{"data":"expansioncontent:DecasProtection","floor":54,"key":"SMITH"}],"circlet_count":0,"master_deck":["hexamod:Strike","hexamod:Defend","hexamod:Defend","hexamod:Defend","hexamod:Float+1","hexamod:Firestarter","hexamod:SuperheatedStrike+1","hexamod:SpectersWail","hexamod:Haunt","hexamod:FastForward","hexamod:FastForward+1","hexamod:VolcanoVisage","hexamod:PhantomFireball+1","hexamod:Haunt+1","hexamod:GiftsFromTheDead+1","hexamod:PhantomCloak+1","hexamod:GhostOfSpireFuture+1","hexamod:ApocalypticArmor","hexamod:GhostflameInferno+1","hexamod:FastForward+1","hexamod:ThermalTransfer+1","hexamod:Hexaguard+1","hexamod:FastForward+1","hexamod:Hexaguard+1","expansioncontent:DecasProtection+1","hexamod:GhostOfSpireFuture+1","hexamod:PhantomCloak"],"relics":["hexamod:SpiritBrand","Orichalcum","Meat on the Bone","Du-Vu Doll","downfall:HeartBlessingRed","Shuriken","Lizard Tail","Blood Vial","Astrolabe","downfall:HeartBlessingGreen","InkBottle","Prayer Wheel","hexamod:RecyclingMachine","Nunchaku","Vajra","hexamod:IceCube","downfall:HeartBlessingBlue","Lee\u0027s Waffle","Gambling Chip","hexamod:Sixitude","White Beast Statue","Juzu Bracelet","Turnip","Pen Nib"],"acts_visited":["Exordium","TheCity","TheBeyond","TheEnding"],"potions_floor_usage":[31,40,50,55,55,55],"damage_taken":[{"damage":7.0,"enemies":"Small Slimes","floor":2.0,"turns":3.0},{"damage":0.0,"enemies":"Cultist","floor":4.0,"turns":3.0},{"damage":3.0,"enemies":"2 Louse","floor":6.0,"turns":2.0},{"damage":5.0,"enemies":"Blue Slaver","floor":9.0,"turns":3.0},{"damage":14.0,"enemies":"Lagavulin","floor":10.0,"turns":4.0},{"damage":10.0,"enemies":"3 Louse","floor":11.0,"turns":2.0},{"damage":7.0,"enemies":"Gremlin Nob","floor":12.0,"turns":3.0},{"damage":7.0,"enemies":"Large Slime","floor":13.0,"turns":5.0},{"damage":9.0,"enemies":"3 Sentries","floor":14.0,"turns":6.0},{"damage":23.0,"enemies":"Exordium Wildlife","floor":15.0,"turns":4.0},{"damage":29.0,"enemies":"downfall:Watcher","floor":16.0,"turns":6.0},{"damage":12.0,"enemies":"3 Byrds","floor":19.0,"turns":3.0},{"damage":22.0,"enemies":"Sentry and Sphere","floor":20.0,"turns":5.0},{"damage":14.0,"enemies":"Shelled Parasite and Fungi","floor":21.0,"turns":3.0},{"damage":12.0,"enemies":"Book of Stabbing","floor":27.0,"turns":4.0},{"damage":10.0,"enemies":"Snake Plant","floor":29.0,"turns":4.0},{"damage":4.0,"enemies":"downfall:FleeingMerchant","floor":30.0,"turns":5.0},{"damage":12,"enemies":"Gremlin Leader","floor":31,"turns":5},{"damage":9,"enemies":"Snecko","floor":32,"turns":4},{"damage":15,"enemies":"downfall:Ironclad","floor":33,"turns":8},{"damage":13,"enemies":"3 Darklings","floor":36,"turns":4},{"damage":17,"enemies":"Orb Walker","floor":37,"turns":4},{"damage":0,"enemies":"downfall:FleeingMerchant","floor":38,"turns":3},{"damage":1,"enemies":"Jaw Worm Horde","floor":39,"turns":5},{"damage":32,"enemies":"Mind Bloom Boss Battle","floor":40,"turns":7},{"damage":10,"enemies":"Giant Head","floor":43,"turns":7},{"damage":0,"enemies":"Maw","floor":44,"turns":6},{"damage":31,"enemies":"Nemesis","floor":47,"turns":7},{"damage":8,"enemies":"Sphere and 2 Shapes","floor":49,"turns":5},{"damage":8,"enemies":"downfall:Defect","floor":50,"turns":9},{"damage":28,"enemies":"downfall:CharBossMerchant","floor":52,"turns":7},{"damage":35,"enemies":"downfall:NeowBoss","floor":55,"turns":27}],"seed_played":"-7016209407858935639","potions_obtained":[{"floor":6.0,"key":"Swift Potion"},{"floor":11.0,"key":"DuplicationPotion"},{"floor":13.0,"key":"PowerPotion"},{"floor":16.0,"key":"Block Potion"},{"floor":29.0,"key":"ColorlessPotion"},{"floor":32,"key":"SmokeBomb"},{"floor":33,"key":"Explosive Potion"},{"floor":36,"key":"AttackPotion"},{"floor":39,"key":"BlessingOfTheForge"},{"floor":43,"key":"EssenceOfSteel"},{"floor":44,"key":"SkillPotion"},{"floor":47,"key":"Energy Potion"},{"floor":49,"key":"LiquidMemories"},{"floor":52,"key":"BlessingOfTheForge"}],"is_trial":false,"path_per_floor":["R","M","?","M","T","M","T","R","M","E","M","E","M","E","M","B",null,"R","M","M","M","?","R","T","?","R","E","T","M","$","E","M","B",null,"R","M","M","$","M","?","T","?","E","M","?","R","E","?","M","B",null,"E","$","R","B",null],"character_chosen":"THE_SPIRIT","items_purchased":["hexamod:RecyclingMachine","Nunchaku","Lee\u0027s Waffle","Gambling Chip","hexamod:PhantomCloak"],"campfire_rested":0,"item_purchase_floors":[30,30,38,38,53],"current_hp_per_floor":[70,63,63,63,63,60,60,60,55,41,43,36,41,44,35,20,70,70,58,38,38,24,24,24,47,47,37,37,41,39,41,46,45,70,80,67,52,87,86,55,55,55,47,49,39,39,22,22,28,34,87,59,59,59,38],"gold":60,"neow_bonus":"RANDOM_COMMON_RELIC","is_daily":false,"chose_seed":false,"campfire_upgraded":7,"win_rate":0.0,"timestamp":1608945840,"path_taken":["R","M","?","?","?","M","T","R","M","E","M","E","M","E","M","BOSS","R","M","M","?","?","R","T","?","R","E","?","M","$","E","M","BOSS","R","M","M","$","M","?","T","?","E","M","?","R","E","?","M","BOSS","E","$","R","BOSS"],"items_purchased_type":["Relic","Relic","Relic","Relic","Card"],"build_version":"2020-12-22","purchased_purges":3,"victory":true,"max_hp_per_floor":[70,70,70,70,70,70,70,70,70,70,70,70,70,70,70,70,70,70,70,70,70,70,70,70,70,70,70,70,70,70,70,70,70,70,80,80,80,87,87,87,87,87,87,87,87,87,87,87,87,87,87,87,87,87,87],"card_choices":[{"not_picked":["hexamod:NightmareStrike","hexamod:BacktrackSmack"],"picked":"hexamod:Firestarter","floor":2.0},{"not_picked":["hexamod:NightmareGuise","hexamod:AdvancingGuard"],"picked":"hexamod:SuperheatedStrike","floor":4.0},{"not_picked":["hexamod:NightmareStrike","hexamod:BacktrackSmack"],"picked":"hexamod:SpectersWail","floor":6.0},{"not_picked":["hexamod:NightmareGuise","hexamod:BurningTouch"],"picked":"hexamod:Haunt","floor":9.0},{"not_picked":["hexamod:BurningTouch","hexamod:Rewind","hexamod:AdvancingGuard"],"picked":"SKIP","floor":10.0},{"not_picked":["hexamod:EmpoweredFlame","hexamod:HauntingEcho"],"picked":"hexamod:Again","floor":11.0},{"not_picked":["hexamod:Again","hexamod:SwordOfDarkness"],"picked":"hexamod:FastForward","floor":12.0},{"not_picked":["hexamod:BacktrackSmack","hexamod:FlamesFromBeyond"],"picked":"hexamod:SpectralSpark","floor":13.0},{"not_picked":["hexamod:TurnItUp","hexamod:GhostShield","hexamod:BurningTouch"],"picked":"SKIP","floor":14.0},{"not_picked":["hexamod:AdvancingGuard","hexamod:HeatShield"],"picked":"hexamod:FastForward","floor":15.0},{"not_picked":["hexamod:UnlimitedPower","hexamod:ApocalypticArmor"],"picked":"hexamod:VolcanoVisage","floor":16.0},{"not_picked":["hexamod:BurningTouch","hexamod:Rewind"],"picked":"hexamod:PhantomCloak","floor":19.0},{"not_picked":["hexamod:SoulSteal+1","hexamod:BurningTouch"],"picked":"hexamod:GhostOfSpireFuture+1","floor":20.0},{"not_picked":["hexamod:NightmareGuise","hexamod:HauntingEcho","hexamod:FlamesFromBeyond+1"],"picked":"SKIP","floor":21.0},{"not_picked":["hexamod:InspiringFlames+1","hexamod:BacktrackSmack+1"],"picked":"hexamod:ApocalypticArmor","floor":27.0},{"not_picked":["hexamod:GhostLash","hexamod:HauntingEcho","hexamod:Firestarter"],"picked":"SKIP","floor":29.0},{"not_picked":["hexamod:SpectersWail","hexamod:NecessarySacrifice","hexamod:GhostLash"],"picked":"SKIP","floor":29.0},{"not_picked":["hexamod:FlamesFromBeyond","hexamod:SwordOfDarkness","hexamod:Firestarter"],"picked":"SKIP","floor":30.0},{"not_picked":["hexamod:BacktrackSmack","hexamod:NightmareGuise","hexamod:GhostflameBarrier"],"picked":"SKIP","floor":31},{"not_picked":["hexamod:BacktrackSmack","hexamod:SuperheatedStrike","hexamod:RetreatToShadows"],"picked":"SKIP","floor":32},{"not_picked":["hexamod:SpectersWail","hexamod:Rewind+1","hexamod:Again+1"],"picked":"SKIP","floor":32},{"not_picked":["hexamod:Toasty","hexamod:FifthSeal"],"picked":"hexamod:GhostflameInferno","floor":33},{"not_picked":["hexamod:EmpoweredFlame+1","hexamod:ThirdSeal"],"picked":"hexamod:FastForward+1","floor":36},{"not_picked":["hexamod:BurningTouch","hexamod:RetreatToShadows","hexamod:AdvancingGuard+1"],"picked":"SKIP","floor":36},{"not_picked":["hexamod:FourthSeal","hexamod:BurningTouch+1"],"picked":"hexamod:ThermalTransfer+1","floor":37},{"not_picked":["hexamod:BurningTouch+1","hexamod:GhostflameBarrier+1"],"picked":"hexamod:Hexaguard+1","floor":37},{"not_picked":["hexamod:NecessarySacrifice+1","hexamod:DynamicBlow+1","hexamod:GiftsFromTheDead"],"picked":"SKIP","floor":38},{"not_picked":["hexamod:PhantomFireball","hexamod:AdvancingGuard","hexamod:NightmareStrike"],"picked":"SKIP","floor":39},{"not_picked":["hexamod:ShieldOfDarkness+1","hexamod:NecessarySacrifice+1","hexamod:GhostLash"],"picked":"SKIP","floor":39},{"not_picked":["hexamod:SwordOfDarkness","hexamod:StepThrough"],"picked":"hexamod:FastForward+1","floor":40},{"not_picked":["hexamod:HauntingEcho","hexamod:AdvancingGuard+1","hexamod:BurningTouch+1"],"picked":"SKIP","floor":43},{"not_picked":["hexamod:NecessarySacrifice","hexamod:ThermalTransfer+1"],"picked":"hexamod:Hexaguard+1","floor":44},{"not_picked":["hexamod:BacktrackSmack","hexamod:SwordOfDarkness+1","hexamod:AdvancingGuard+1"],"picked":"SKIP","floor":44},{"not_picked":["expansioncontent:PolyBeam","expansioncontent:GuardianWhirl"],"picked":"expansioncontent:DecasProtection","floor":45},{"not_picked":["hexamod:Firestarter+1","hexamod:VolcanoVisage","hexamod:UnleashSpirits"],"picked":"SKIP","floor":47},{"not_picked":["hexamod:NightmareStrike+1","hexamod:SecondSeal"],"picked":"hexamod:GhostOfSpireFuture+1","floor":49},{"not_picked":["hexamod:FirstSeal","hexamod:AdvancingGuard","hexamod:HeatShield"],"picked":"SKIP","floor":49},{"not_picked":["hexamod:FastForward","hexamod:ApocalypseNow","hexamod:HauntingEcho"],"picked":"SKIP","floor":52}],"player_experience":1143716,"relics_obtained":[{"floor":5.0,"key":"Meat on the Bone"},{"floor":7.0,"key":"Du-Vu Doll"},{"floor":10.0,"key":"Shuriken"},{"floor":12.0,"key":"Lizard Tail"},{"floor":14.0,"key":"Blood Vial"},{"floor":24.0,"key":"InkBottle"},{"floor":27.0,"key":"Prayer Wheel"},{"floor":31,"key":"Vajra"},{"floor":40,"key":"hexamod:Sixitude"},{"floor":41,"key":"White Beast Statue"},{"floor":43,"key":"Juzu Bracelet"},{"floor":47,"key":"Turnip"},{"floor":52,"key":"Pen Nib"}],"event_choices":[{"cards_removed":["hexamod:Strike"],"damage_healed":0.0,"max_hp_gain":0.0,"max_hp_loss":0.0,"gold_gain":0.0,"event_name":"Purifier","player_choice":"Purged","floor":3.0,"gold_loss":0.0,"damage_taken":0.0},{"damage_healed":23.0,"max_hp_gain":0.0,"max_hp_loss":0.0,"gold_gain":0.0,"event_name":"The Library","player_choice":"Heal","floor":25.0,"gold_loss":0.0,"damage_taken":0.0}],"is_beta":false,"boss_relics":[{"not_picked":["Calling Bell","Philosopher\u0027s Stone"],"picked":"Astrolabe"},{"not_picked":["Empty Cage","SacredBark"],"picked":"hexamod:IceCube"}],"items_purged_floors":[30,38,53],"is_endless":false,"potions_floor_spawned":[6,11,13,14,15,16,20,21,29,32,33,36,39,43,44,47,49,52],"ascension_level":4}}