{"host":"qhhcmep1unj6mpf7","time":1608970178,"event":{"mods":["2.2 Compatiblity","AchievementEnabler","BaseMod","Colored Map","DeckTracker","Highlight Path","Keyboard Shortcuts","Minty Spire (QoL Compilation)","Permanent Neow","Quick Restart","Random Character Button","StSLib","SuperFastMode","everything is the same but u backflip on backflip"],"gold_per_floor":[116,116,129,46,46,46,46,64,64,92,92,108,33,60,60,158,158,158],"floor_reached":17,"playtime":520,"items_purged":["Defend_B"],"score":236,"play_id":"4742df99-22b3-4f6f-87be-866fba802a4c","local_time":"20201226170938","is_ascension_mode":true,"campfire_choices":[{"data":"Defragment","floor":6.0,"key":"SMITH"},{"data":"Seek","floor":11.0,"key":"SMITH"},{"data":"Zap","floor":15,"key":"SMITH"}],"circlet_count":0,"master_deck":["Strike_B","Strike_B","Defend_B","Defend_B","Defend_B","Zap+1","Dualcast","Compile Driver","Cold Snap","Defragment+1","Forethought+1","Seek+1"],"relics":["Cracked Core","Bottled Flame","Emotion Chip","Ancient Tea Set","Sozu"],"acts_visited":["Exordium","TheCity"],"potions_floor_usage":[16],"damage_taken":[{"damage":0.0,"enemies":"Small Slimes","floor":1.0,"turns":4.0},{"damage":7.0,"enemies":"Jaw Worm","floor":3.0,"turns":4.0},{"damage":1.0,"enemies":"Cultist","floor":8.0,"turns":4.0},{"damage":12.0,"enemies":"3 Sentries","floor":10.0,"turns":7.0},{"damage":7.0,"enemies":"Looter","floor":12.0,"turns":3.0},{"damage":9.0,"enemies":"Lagavulin","floor":14.0,"turns":7.0},{"damage":20,"enemies":"Slime Boss","floor":16,"turns":11}],"seed_played":"-1435006171034507525","potions_obtained":[{"floor":1.0,"key":"PowerPotion"},{"floor":3.0,"key":"ColorlessPotion"},{"floor":10.0,"key":"LiquidBronze"},{"floor":16,"key":"BlessingOfTheForge"}],"is_trial":false,"path_per_floor":["M","?","M","$","?","R","?","M","T","E","R","M","$","E","R","B",null],"character_chosen":"DEFECT","items_purchased":["Forethought"],"campfire_rested":0,"item_purchase_floors":[4],"current_hp_per_floor":[68,68,61,61,54,54,54,53,53,41,41,34,34,25,25,5,58,58],"gold":158,"neow_bonus":"TRANSFORM_CARD","is_daily":false,"chose_seed":false,"campfire_upgraded":3,"win_rate":0.0,"timestamp":1608970178,"path_taken":["M","?","M","$","?","R","?","?","T","E","R","M","$","E","R","BOSS"],"items_purchased_type":["Card"],"build_version":"2020-12-22","purchased_purges":1,"victory":false,"max_hp_per_floor":[75,75,75,75,75,75,75,75,75,75,75,75,75,75,75,75,75,75],"card_choices":[{"not_picked":["Hello World","Sweeping Beam"],"picked":"Cold Snap","floor":1.0},{"not_picked":["Streamline","Go for the Eyes"],"picked":"Defragment","floor":3.0},{"not_picked":["Redo","Go for the Eyes"],"picked":"Seek","floor":8.0},{"not_picked":["Rebound","Compile Driver","Steam Power"],"picked":"SKIP","floor":10.0},{"not_picked":["Ball Lightning","Sweeping Beam","Cold Snap"],"picked":"SKIP","floor":12.0},{"not_picked":["Turbo","Beam Cell","Redo"],"picked":"SKIP","floor":14}],"player_experience":316949,"relics_obtained":[{"floor":9.0,"key":"Bottled Flame"},{"floor":10.0,"key":"Emotion Chip"},{"floor":14,"key":"Ancient Tea Set"}],"event_choices":[{"damage_healed":0.0,"max_hp_gain":0.0,"max_hp_loss":0.0,"gold_gain":0.0,"event_name":"The Cleric","player_choice":"Leave","floor":2.0,"gold_loss":0.0,"damage_taken":0.0},{"cards_removed":["Strike_B"],"damage_healed":0.0,"max_hp_gain":0.0,"max_hp_loss":0.0,"gold_gain":0.0,"event_name":"Golden Wing","player_choice":"Card Removal","floor":5.0,"gold_loss":0.0,"damage_taken":7.0},{"damage_healed":0.0,"max_hp_gain":0.0,"max_hp_loss":0.0,"gold_gain":0.0,"event_name":"Accursed Blacksmith","player_choice":"Forge","floor":7.0,"gold_loss":0.0,"damage_taken":0.0,"cards_upgraded":["Forethought"]}],"is_beta":false,"boss_relics":[{"not_picked":["Fusion Hammer","Empty Cage"],"picked":"Sozu"}],"items_purged_floors":[13],"is_endless":false,"potions_floor_spawned":[1,3,10,16],"ascension_level":9}}