{"host":"3y2rtlgteqp2nuo3","time":1608981451,"event":{"mods":["2.2 Compatiblity","AchievementEnabler","BaseMod","Colored Map","DeckTracker","Highlight Path","Keyboard Shortcuts","Minty Spire (QoL Compilation)","Permanent Neow","Quick Restart","StSLib","SuperFastMode","everything is the same but u backflip on backflip"],"gold_per_floor":[10,27,45,57,57,57,91,91,91,126,51,64,78,98,98,201,201,215,229,243,258,276,307,68,68,68,68,158,177,190,190,190],"floor_reached":31,"playtime":814,"items_purged":["Strike_B"],"score":312,"play_id":"15ce7742-754e-48d3-aaa1-9eb86aaa1b96","local_time":"20201226201731","is_ascension_mode":true,"campfire_choices":[{"data":"Zap","floor":6.0,"key":"SMITH"},{"data":"Go for the Eyes","floor":8.0,"key":"SMITH"},{"floor":15.0,"key":"REST"},{"floor":25,"key":"REST"},{"data":"Reinforced Body","floor":27,"key":"SMITH"}],"circlet_count":0,"master_deck":["Defend_B","Defend_B","Defend_B","Zap+1","Dualcast","Biased Cognition","Tempest","Cold Snap","Gash","Go for the Eyes+1","Coolheaded","Lockon","Undo","Ball Lightning","Beam Cell","Sweeping Beam","Electrodynamics","Reinforced Body+1","Conserve Battery","Genetic Algorithm","Chill","Jack Of All Trades","Skim"],"relics":["Cracked Core","Gremlin Horn","Question Card","DataDisk","Odd Mushroom","Empty Cage","Regal Pillow","Sundial","Art of War"],"acts_visited":["Exordium","TheCity"],"potions_floor_usage":[23,23,30],"damage_taken":[{"damage":0.0,"enemies":"Jaw Worm","floor":1.0,"turns":3.0},{"damage":0.0,"enemies":"Cultist","floor":2.0,"turns":3.0},{"damage":3.0,"enemies":"Small Slimes","floor":3.0,"turns":2.0},{"damage":8.0,"enemies":"Blue Slaver","floor":4.0,"turns":2.0},{"damage":14.0,"enemies":"Lagavulin","floor":7.0,"turns":5.0},{"damage":32.0,"enemies":"3 Sentries","floor":10.0,"turns":6.0},{"damage":0.0,"enemies":"3 Louse","floor":12.0,"turns":2.0},{"damage":3.0,"enemies":"Looter","floor":13.0,"turns":2.0},{"damage":0.0,"enemies":"The Mushroom Lair","floor":14.0,"turns":3.0},{"damage":17.0,"enemies":"The Guardian","floor":16.0,"turns":10.0},{"damage":9.0,"enemies":"Shell Parasite","floor":18.0,"turns":4.0},{"damage":7.0,"enemies":"Chosen","floor":19.0,"turns":3.0},{"damage":0.0,"enemies":"Snecko","floor":20.0,"turns":4.0},{"damage":0.0,"enemies":"Cultist and Chosen","floor":21.0,"turns":4.0},{"damage":7.0,"enemies":"Chosen and Byrds","floor":22.0,"turns":5.0},{"damage":24,"enemies":"Book of Stabbing","floor":23,"turns":6},{"damage":33,"enemies":"Shelled Parasite and Fungi","floor":29,"turns":5},{"damage":0,"enemies":"Cultist and Chosen","floor":30,"turns":4},{"damage":16,"enemies":"Snake Plant","floor":31,"turns":2}],"seed_played":"-5956658962896647442","potions_obtained":[{"floor":2.0,"key":"PotionOfCapacity"},{"floor":4.0,"key":"Dexterity Potion"},{"floor":10.0,"key":"Block Potion"},{"floor":14.0,"key":"SteroidPotion"},{"floor":16.0,"key":"Ancient Potion"},{"floor":20.0,"key":"FocusPotion"},{"floor":23,"key":"SkillPotion"}],"is_trial":false,"path_per_floor":["M","M","M","M","$","R","E","R","T","E","$","M","M","?","R","B",null,"M","M","M","M","M","E","$","R","T","R","?","M","M","M"],"character_chosen":"DEFECT","items_purchased":["Sundial"],"campfire_rested":2,"item_purchase_floors":[24],"current_hp_per_floor":[75,75,72,64,64,64,50,50,50,18,18,18,15,15,37,20,75,66,59,59,59,52,28,28,65,65,65,47,14,14,0,0],"gold":190,"neow_bonus":"TRANSFORM_TWO_CARDS","is_daily":false,"chose_seed":false,"campfire_upgraded":3,"win_rate":0.0,"timestamp":1608981451,"path_taken":["M","M","M","M","$","R","E","R","T","E","$","M","M","?","R","BOSS","M","M","M","M","M","E","$","R","T","R","?","?","M","M"],"items_purchased_type":["Relic"],"build_version":"2020-12-22","purchased_purges":1,"victory":false,"max_hp_per_floor":[75,75,75,75,75,75,75,75,75,75,75,75,75,75,75,75,75,75,75,75,75,75,75,75,75,75,75,75,75,75,75,75],"card_choices":[{"not_picked":["Barrage","Turbo"],"picked":"Cold Snap","floor":1.0},{"not_picked":["Fission","Stack"],"picked":"Gash","floor":2.0},{"not_picked":["Conserve Battery","Recycle"],"picked":"Go for the Eyes","floor":3.0},{"not_picked":["Consume","Stack"],"picked":"Coolheaded","floor":4.0},{"not_picked":["Sweeping Beam","Recycle"],"picked":"Lockon","floor":7.0},{"not_picked":["Double Energy","Turbo","Go for the Eyes"],"picked":"Undo","floor":10.0},{"not_picked":["Barrage","Chaos","Rainbow"],"picked":"Ball Lightning","floor":12.0},{"not_picked":["Barrage","Heatsinks","Redo"],"picked":"Beam Cell","floor":13.0},{"not_picked":["Beam Cell","Coolheaded","Turbo"],"picked":"Sweeping Beam","floor":14.0},{"not_picked":["Seek","Buffer","Rainbow"],"picked":"Electrodynamics","floor":16.0},{"not_picked":["Go for the Eyes","Leap","Streamline"],"picked":"Reinforced Body","floor":18.0},{"not_picked":["Lockon","Gash","Electrodynamics"],"picked":"Conserve Battery","floor":19.0},{"not_picked":["Sunder","Redo","Hologram","Sweeping Beam"],"picked":"SKIP","floor":20.0},{"not_picked":["Tempest","Heatsinks+1","Coolheaded"],"picked":"Genetic Algorithm","floor":21.0},{"not_picked":["Fusion+1","Beam Cell","Sweeping Beam","Streamline+1"],"picked":"SKIP","floor":22.0},{"not_picked":["Ball Lightning","Scrape+1","Heatsinks+1"],"picked":"Chill","floor":23},{"not_picked":["Gash","Aggregate","Steam Power","Tempest"],"picked":"SKIP","floor":29},{"not_picked":["Stack","Storm","Ball Lightning"],"picked":"Skim","floor":30}],"player_experience":646552,"relics_obtained":[{"floor":7.0,"key":"Gremlin Horn"},{"floor":9.0,"key":"Question Card"},{"floor":10.0,"key":"DataDisk"},{"floor":14.0,"key":"Odd Mushroom"},{"floor":23,"key":"Regal Pillow"},{"floor":26,"key":"Art of War"}],"event_choices":[{"damage_healed":0.0,"max_hp_gain":0.0,"max_hp_loss":0.0,"gold_gain":0.0,"event_name":"Mushrooms","player_choice":"Fought Mushrooms","floor":14.0,"gold_loss":0.0,"damage_taken":0.0},{"damage_healed":0,"gold_gain":90,"player_choice":"CARD GOLD ","damage_taken":18,"max_hp_gain":0,"max_hp_loss":0,"event_name":"Knowing Skull","floor":28,"potions_obtained":[],"gold_loss":0,"cards_obtained":["Jack Of All Trades"]}],"is_beta":false,"boss_relics":[{"not_picked":["Snecko Eye","Tiny House"],"picked":"Empty Cage"}],"items_purged_floors":[11],"is_endless":false,"potions_floor_spawned":[2,4,10,13,14,16,20,21,23],"killed_by":"Snake Plant","ascension_level":3}}