{"host":"y3h3n3f7seyagppx","time":1608959058,"event":{"mods":["AlwaysNeverKeys","BaseMod","Better Vampires","Colored Powertips","DeckTracker","Emptier Cage","Minty Spire (QoL Compilation)","Permanent Neow","Quick Restart","Rare Cards Sparkle","Relic Sorter","Relic Stats","StSLib","Transform Curses"],"gold_per_floor":[110,160,177,189,201,201,231,231,258,273,273,273,273,304,304,378,378,391,391,391,306,316,342,342,371,397,397,417,0,19,50,50,124,124,137,156,156,167,167,196,206,244,244,279,142,142,163,207,207,207,207,207,207,20,61,61],"floor_reached":57,"playtime":5551,"items_purged":["Perfected Strike+1"],"score":3151,"play_id":"948330f1-0944-4eae-a489-f0164ad09709","local_time":"20201226000418","is_ascension_mode":true,"campfire_choices":[{"data":"Perfected Strike","floor":6,"key":"SMITH"},{"data":"Thunderclap","floor":8,"key":"SMITH"},{"data":"Bash","floor":11,"key":"SMITH"},{"data":"True Grit","floor":15,"key":"SMITH"},{"data":"Fiend Fire","floor":24,"key":"SMITH"},{"floor":32,"key":"REST"},{"data":"1","floor":46,"key":"LIFT"},{"data":"2","floor":49,"key":"LIFT"},{"data":"3","floor":53,"key":"LIFT"}],"circlet_count":0,"master_deck":["AscendersBane","Strike_R+1","Strike_R+1","Strike_R+1","Strike_R+1","Strike_R+1","Defend_R+1","Defend_R+1","Defend_R+1","Defend_R+1","Bash+1","Thunderclap+1","Offering","True Grit+1","Fiend Fire+1","Flame Barrier+1","Dropkick","Feel No Pain","Inflame","Sword Boomerang+1","Limit Break","CurseOfTheBell","Exhume","Ghostly Armor+1","Limit Break","Reaper","Power Through","Dark Embrace+1","Exhume","Shockwave+1","Intimidate+1","Heavy Blade"],"relics":["Burning Blood","Girya","Red Skull","Anchor","Art of War","Mango","Oddly Smooth Stone","SlaversCollar","Darkstone Periapt","Juzu Bracelet","Lantern","The Courier","Happy Flower","Vajra","Membership Card","Pocketwatch","Bag of Marbles","Nunchaku","Ice Cream","Calling Bell","Ancient Tea Set","Eternal Feather","Du-Vu Doll","Prayer Wheel","CeramicFish","Potion Belt","Frozen Egg 2","Bronze Scales","Pen Nib","Bag of Preparation","White Beast Statue"],"acts_visited":["Exordium","TheCity","TheBeyond","TheEnding"],"potions_floor_usage":[14,16,23,29,50,56,56,56],"damage_taken":[{"damage":2,"enemies":"Jaw Worm","floor":1,"turns":5},{"damage":1,"enemies":"Cultist","floor":3,"turns":3},{"damage":7,"enemies":"2 Louse","floor":4,"turns":3},{"damage":14,"enemies":"Large Slime","floor":5,"turns":6},{"damage":31,"enemies":"Lagavulin","floor":7,"turns":5},{"damage":12,"enemies":"Exordium Thugs","floor":10,"turns":3},{"damage":11,"enemies":"3 Sentries","floor":14,"turns":4},{"damage":28,"enemies":"Hexaghost","floor":16,"turns":7},{"damage":13,"enemies":"2 Thieves","floor":18,"turns":3},{"damage":18,"enemies":"Chosen","floor":22,"turns":3},{"damage":28,"enemies":"Slavers","floor":23,"turns":6},{"damage":19,"enemies":"Book of Stabbing","floor":25,"turns":4},{"damage":0,"enemies":"Centurion and Healer","floor":28,"turns":4},{"damage":6,"enemies":"Sentry and Sphere","floor":30,"turns":3},{"damage":13,"enemies":"Slavers","floor":31,"turns":4},{"damage":38,"enemies":"Collector","floor":33,"turns":6},{"damage":3,"enemies":"3 Darklings","floor":35,"turns":4},{"damage":0,"enemies":"Orb Walker","floor":36,"turns":2},{"damage":0,"enemies":"4 Shapes","floor":38,"turns":6},{"damage":6,"enemies":"Giant Head","floor":40,"turns":4},{"damage":12,"enemies":"Transient","floor":41,"turns":6},{"damage":11,"enemies":"Nemesis","floor":42,"turns":3},{"damage":6,"enemies":"Giant Head","floor":44,"turns":2},{"damage":0,"enemies":"Jaw Worm Horde","floor":47,"turns":4},{"damage":25,"enemies":"Nemesis","floor":48,"turns":3},{"damage":9,"enemies":"Awakened One","floor":50,"turns":4},{"damage":6,"enemies":"Donu and Deca","floor":51,"turns":7},{"damage":0,"enemies":"Shield and Spear","floor":55,"turns":3},{"damage":82,"enemies":"The Heart","floor":56,"turns":5}],"seed_played":"-4383264666504987981","potions_obtained":[{"floor":3,"key":"SteroidPotion"},{"floor":4,"key":"SteroidPotion"},{"floor":14,"key":"SmokeBomb"},{"floor":18,"key":"Weak Potion"},{"floor":22,"key":"Ancient Potion"},{"floor":31,"key":"Energy Potion"},{"floor":40,"key":"DistilledChaos"},{"floor":47,"key":"Fire Potion"}],"is_trial":false,"path_per_floor":["M","?","M","M","M","R","E","R","T","M","R","T","?","E","R","B",null,"M","?","T","?","M","E","R","E","T","T","M","$","M","E","R","B",null,"M","M","?","M","?","E","M","E","T","E","$","R","M","E","R","B","B",null,"R","$","E","B",null],"character_chosen":"IRONCLAD","items_purchased":["Membership Card","Pocketwatch","Bag of Marbles","Nunchaku","BloodPotion","SkillPotion","Exhume","EntropicBrew","Bronze Scales","Pen Nib","Bag of Preparation"],"campfire_rested":1,"item_purchase_floors":[29,29,29,29,29,29,45,45,54,54,54],"current_hp_per_floor":[72,65,70,69,61,61,36,36,36,30,30,44,44,39,39,17,71,64,64,64,64,52,30,30,17,17,17,23,40,40,33,59,27,80,83,89,89,95,95,95,89,95,95,95,95,95,95,76,94,91,95,95,95,95,95,95],"gold":61,"neow_bonus":"RANDOM_COMMON_RELIC","is_daily":false,"chose_seed":false,"campfire_upgraded":5,"win_rate":0.0,"timestamp":1608959058,"path_taken":["M","?","M","?","M","R","E","R","T","?","R","?","?","E","R","BOSS","M","?","?","?","M","E","R","E","T","?","M","$","M","E","R","BOSS","M","M","?","M","?","E","M","E","T","E","$","R","M","E","R","BOSS","BOSS","R","$","E","BOSS"],"items_purchased_type":["Relic","Relic","Relic","Relic","Potion","Potion","Card","Potion","Relic","Relic","Relic"],"build_version":"2020-12-22","purchased_purges":1,"victory":true,"max_hp_per_floor":[75,75,75,75,75,75,75,75,75,75,75,89,89,89,89,89,89,89,89,89,89,89,89,89,89,89,89,89,89,89,89,89,89,95,95,95,95,95,95,95,95,95,95,95,95,95,95,95,95,95,95,95,95,95,95,95],"relic_stats":{"Darkstone Periapt":6,"Happy Flower":[23],"counters":[29,122],"CeramicFish":45,"Eternal Feather":18,"Pen Nib":[1],"Juzu Bracelet":1,"Bag of Preparation":[4],"Burning Blood":146,"Nunchaku":[12],"Bronze Scales":[63],"Prayer Wheel":2,"Art of War":[10],"obtain_stats":[{"Darkstone Periapt":20,"Ice Cream":31,"Lantern":23,"CeramicFish":42,"Vajra":27,"Mango":12,"Juzu Bracelet":21,"Bag of Preparation":54,"Ancient Tea Set":34,"Burning Blood":0,"Nunchaku":29,"Prayer Wheel":40,"Red Skull":0,"Potion Belt":43,"Girya":44,"Happy Flower":26,"Oddly Smooth Stone":14,"Eternal Feather":34,"The Courier":25,"Pen Nib":54,"Frozen Egg 2":48,"White Beast Statue":55,"Calling Bell":34,"Du-Vu Doll":34,"SlaversCollar":17,"Anchor":7,"Bronze Scales":54,"Art of War":9,"Bag of Marbles":29,"Membership Card":29,"Pocketwatch":29},{"Darkstone Periapt":9,"Ice Cream":15,"Lantern":11,"CeramicFish":22,"Vajra":12,"Mango":6,"Juzu Bracelet":9,"Bag of Preparation":27,"Ancient Tea Set":16,"Burning Blood":0,"Nunchaku":13,"Prayer Wheel":20,"Red Skull":0,"Potion Belt":22,"Girya":23,"Happy Flower":12,"Oddly Smooth Stone":7,"Eternal Feather":16,"The Courier":12,"Pen Nib":27,"Frozen Egg 2":25,"White Beast Statue":28,"Calling Bell":16,"Du-Vu Doll":16,"SlaversCollar":8,"Anchor":5,"Bronze Scales":27,"Art of War":5,"Bag of Marbles":13,"Membership Card":13,"Pocketwatch":13},{"Darkstone Periapt":39,"Ice Cream":63,"Lantern":48,"CeramicFish":94,"Vajra":52,"Mango":25,"Juzu Bracelet":39,"Bag of Preparation":114,"Ancient Tea Set":69,"Burning Blood":0,"Nunchaku":56,"Prayer Wheel":85,"Red Skull":0,"Potion Belt":94,"Girya":96,"Happy Flower":52,"Oddly Smooth Stone":29,"Eternal Feather":69,"The Courier":52,"Pen Nib":114,"Frozen Egg 2":103,"White Beast Statue":117,"Calling Bell":69,"Du-Vu Doll":69,"SlaversCollar":36,"Anchor":22,"Bronze Scales":114,"Art of War":22,"Bag of Marbles":56,"Membership Card":56,"Pocketwatch":56}],"Pocketwatch":[81]},"card_choices":[{"not_picked":["Cleave","Sever Soul"],"picked":"Perfected Strike","floor":1},{"not_picked":["Body Slam","Havoc"],"picked":"Thunderclap","floor":3},{"not_picked":["Sentinel","True Grit","Warcry"],"picked":"SKIP","floor":4},{"not_picked":["Clothesline","Warcry"],"picked":"Offering","floor":5},{"not_picked":["Warcry","Body Slam","Cleave"],"picked":"SKIP","floor":7},{"not_picked":["Rampage","Combust","Seeing Red"],"picked":"SKIP","floor":10},{"not_picked":["Headbutt","Anger"],"picked":"True Grit","floor":14},{"not_picked":["Brutality","Impervious"],"picked":"Fiend Fire","floor":16},{"not_picked":["Combust","Evolve"],"picked":"Flame Barrier+1","floor":18},{"not_picked":["Clothesline","Bloodletting"],"picked":"Dropkick","floor":22},{"not_picked":["Juggernaut","Thunderclap","Sword Boomerang"],"picked":"SKIP","floor":23},{"not_picked":["Sentinel","Twin Strike"],"picked":"Feel No Pain","floor":25},{"not_picked":["Clash","Sever Soul","Second Wind"],"picked":"SKIP","floor":28},{"not_picked":["Warcry","Havoc"],"picked":"Inflame","floor":30},{"not_picked":["Inflame","Fiend Fire"],"picked":"Sword Boomerang+1","floor":31},{"not_picked":["Demon Form","Berserk"],"picked":"Limit Break","floor":33},{"not_picked":["Headbutt","Flex","Iron Wave"],"picked":"SKIP","floor":35},{"not_picked":["Sever Soul","Uppercut+1"],"picked":"Exhume","floor":36},{"not_picked":["Flex+1","Perfected Strike+1"],"picked":"Ghostly Armor+1","floor":38},{"not_picked":["Sword Boomerang","Headbutt+1","Seeing Red"],"picked":"SKIP","floor":40},{"not_picked":["Pommel Strike","Evolve"],"picked":"Reaper","floor":41},{"not_picked":["Perfected Strike","Wild Strike"],"picked":"Power Through","floor":41},{"not_picked":["Body Slam","Perfected Strike+1"],"picked":"Dark Embrace+1","floor":42},{"not_picked":["Anger+1","Iron Wave","Pommel Strike"],"picked":"SKIP","floor":44},{"not_picked":["Ghostly Armor","Uppercut+1"],"picked":"Shockwave+1","floor":47},{"not_picked":["Clothesline","Searing Blow","Pummel"],"picked":"SKIP","floor":47},{"not_picked":["Bloodletting","Intimidate+1","Twin Strike"],"picked":"SKIP","floor":48},{"not_picked":["Bloodletting","Twin Strike"],"picked":"Intimidate+1","floor":48},{"not_picked":["Battle Trance","Bludgeon"],"picked":"Heavy Blade","floor":55}],"player_experience":20132795,"relics_obtained":[{"floor":7,"key":"Anchor"},{"floor":9,"key":"Art of War"},{"floor":12,"key":"Mango"},{"floor":14,"key":"Oddly Smooth Stone"},{"floor":20,"key":"Darkstone Periapt"},{"floor":23,"key":"Lantern"},{"floor":25,"key":"The Courier"},{"floor":26,"key":"Happy Flower"},{"floor":27,"key":"Vajra"},{"floor":31,"key":"Ice Cream"},{"floor":34,"key":"Ancient Tea Set"},{"floor":34,"key":"Eternal Feather"},{"floor":34,"key":"Du-Vu Doll"},{"floor":40,"key":"Prayer Wheel"},{"floor":42,"key":"CeramicFish"},{"floor":43,"key":"Potion Belt"},{"floor":44,"key":"Girya"},{"floor":48,"key":"Frozen Egg 2"},{"floor":55,"key":"White Beast Statue"}],"event_choices":[{"damage_healed":0,"gold_gain":50,"player_choice":"Touch","damage_taken":7,"max_hp_gain":0,"max_hp_loss":0,"event_name":"FaceTrader","floor":2,"gold_loss":0},{"damage_healed":0,"gold_gain":0,"player_choice":"Ignored","damage_taken":0,"max_hp_gain":0,"max_hp_loss":0,"event_name":"Liars Game","floor":13,"gold_loss":0},{"damage_healed":0,"gold_gain":0,"player_choice":"Simplicity","damage_taken":0,"max_hp_gain":0,"max_hp_loss":0,"event_name":"Back to Basics","floor":19,"gold_loss":0,"cards_upgraded":["Strike_R","Strike_R","Strike_R","Strike_R","Strike_R","Defend_R","Defend_R","Defend_R","Defend_R"]},{"damage_healed":0,"gold_gain":0,"player_choice":"Obtained Relic","damage_taken":0,"relics_obtained":["Juzu Bracelet"],"max_hp_gain":0,"max_hp_loss":0,"event_name":"Addict","floor":21,"gold_loss":85},{"damage_healed":0,"gold_gain":0,"player_choice":"Memory 1","damage_taken":0,"max_hp_gain":0,"max_hp_loss":0,"event_name":"SensoryStone","floor":37,"gold_loss":0},{"damage_healed":0,"gold_gain":0,"player_choice":"Copied","damage_taken":0,"max_hp_gain":0,"max_hp_loss":0,"event_name":"Duplicator","floor":39,"gold_loss":0,"cards_obtained":["Limit Break"]}],"is_beta":false,"boss_relics":[{"not_picked":["Sozu","Fusion Hammer"],"picked":"SlaversCollar"},{"not_picked":["SacredBark","Astrolabe"],"picked":"Calling Bell"}],"items_purged_floors":[45],"is_endless":false,"potions_floor_spawned":[3,4,14,18,22,31,33,35,38,40,47],"ascension_level":20}}