{"host":"djfsqftupta9xgss","time":1608957864,"event":{"mods":["ATMod(°¢èªMod)","Act Like it!","BaseMod","Gensokyo","Minty Spire (QoL Compilation)","MostiFishMod","Replay The Spire","Spicy Shops","StSLib","TestMod"],"gold_per_floor":[119,119,131,10,27,55,55,55,129,905,951,963,1610,2242,2254,2340,2352,2981,2873,1813,1813,471,505,1118,1732,1732,1732,2426,1732,1783,1883,1883,2005,2005,2046,805,1494,1534,1296,2602,2602,2602,2674,2724,2775,2812,3569,2223,2223,2343,2367,2367,2367,774,1451,1475],"floor_reached":57,"playtime":2074,"items_purged":["Voices","Writhe","Writhe","Normality","Normality","Writhe","Voices"],"score":3847,"play_id":"729c793e-3c72-45d7-895c-b1b7b344f0e2","local_time":"20201226124424","is_ascension_mode":true,"campfire_choices":[{"data":"Coolheaded","floor":7.0,"key":"SMITH"},{"floor":15.0,"key":"RECALL"},{"data":"Coolheaded","floor":27,"key":"SMITH"},{"data":"Coolheaded","floor":32,"key":"SMITH"},{"data":"Coolheaded","floor":41,"key":"SMITH"},{"data":"Coolheaded","floor":49,"key":"SMITH"},{"data":"Coolheaded","floor":53,"key":"SMITH"}],"circlet_count":0,"master_deck":["AscendersBane","Strike_B","Strike_B","Strike_B","Defend_B","Defend_B","Defend_B","Defend_B","Zap","Dualcast","AT_FamilyPortrait","MostiFishMod:EE1D","MostiFishMod:EE1D","MostiFishMod:EE1D","Coolheaded+1","Turbo","Hologram","MostiFishMod:DeathFromBelow","Ball Lightning","Amnesia","Gensokyo:ImpossibleRequest","Doubt","Decay","Doubt","Meteor Strike+1","Skim","Recycle","Coolheaded+1","CommonCold","Languid","Amnesia","Sickly","CommonCold","MostiFishMod:ReadyAimFire+1","Languid","Decay","Amnesia","Coolheaded+1","Sickly","MostiFishMod:ActiveDefenseSystem+1","ReplayTheSpireMod:Doomed","ReplayTheSpireMod:Doomed","Sickly","Doubt","Pride","Capacitor+1","Ball Lightning+1","MostiFishMod:Impulse+1","MostiFishMod:ActiveDefenseSystem+1","Sweeping Beam+1","testmod-Mystery+1","Hologram+1","Replay:Hysterical Blindness","Replay:Hysterical Blindness","Coolheaded+1","Languid","Amnesia","ReplayTheSpireMod:Doomed","CommonCold","Regret","Regret","Sickly","Replay:Hysterical Blindness","Gensokyo:ImpossibleRequest","ReplayTheSpireMod:Splinters","Gensokyo:ImpossibleRequest","Voices","Clumsy","Writhe","Replay:Hysterical Blindness","Gensokyo:ImpossibleRequest","Shame","CommonCold","Coolheaded+1","testmod-Arrangement+1","AT_FalsePromise+1","Gensokyo:TarnishedGold","Gensokyo:LockedMedkit","MostiFishMod:InterfaceCompatibility+1","Coolheaded+1","MostiFishMod:DeathFromBelow+1","Capacitor","Stack","Heatsinks+1","Skim","MostiFishMod:Culaccino+1","AT_ThreeBodyProblem","Seek+1","MostiFishMod:Overload+1","MostiFishMod:Overload+1","Gash"],"relics":["AT_ATBox","DaveBox","testmod-TestBox","EE1DDrone","testmod-IntensifyImprint","Coffee Dripper","SynthV:TestCard","AT_BladeRuinedKing","Golden Egg","Ring of Panic","ReplayTheSpireMod:Ring of Collecting","Blue Doll","MawBank","AT_ChloranthyRing","Bottled Flame","AT_SunfireAegis","Snecko Eye","Gensokyo:MaskOfHope","DaCapo","Lantern","AT_ForceNature","testmod-Register","Lee\u0027s Waffle","Gensokyo:ConquerorOfFear","SynthV","Replay:WaspNest","AT_PhaseBoots","ReplayTheSpireMod:Lightbulb","Garlic","Orrery","AT_ArchangelStaff","Ring of Fury","AT_MibuBalloonWealth","MetatronsCube","TheAbacus","ReplayTheSpireMod:ShopPack","Replay:Mystery Machine","Honey Jar","Omamori","FossilizedHelix","CaptainsWheel","Mummified Hand","Runic Capacitor","MealTicket","BargainBundle","Dodecahedron","Geode","ReplayFunnel","Quantum Egg","Replay:Baseball","testmod-BlackFramedGlasses","ReplayTheSpireMod:Ring of Challenge","Onion Ring","Strawberry","testmod-Acrobat","AT_EbonyIvory","testmod-Charity","Chemical X","Unceasing Top","Dream Catcher","Happy Flower","Orichalcum","Oddly Smooth Stone","Shuriken","BrkXgEgg","ClockworkSouvenir","Sundial","Nunchaku","AT_TimeSand"],"acts_visited":["Exordium","Gensokyo:Gensokyo","TheBeyond","TheEnding"],"potions_floor_usage":[50],"damage_taken":[{"damage":9.0,"enemies":"Gensokyo:2_Kodama","floor":1.0,"turns":4.0},{"damage":3.0,"enemies":"Gensokyo:Gryphon","floor":3.0,"turns":3.0},{"damage":18.0,"enemies":"Gensokyo:3_Fairies","floor":5.0,"turns":6.0},{"damage":10.0,"enemies":"Gensokyo:Aya","floor":6.0,"turns":4.0},{"damage":0.0,"enemies":"Gensokyo:LivingMonolith","floor":10.0,"turns":3.0},{"damage":23.0,"enemies":"Gensokyo:Cirno","floor":11.0,"turns":6.0},{"damage":0.0,"enemies":"Gensokyo:Aya","floor":13.0,"turns":1.0},{"damage":0.0,"enemies":"Gensokyo:Kitsune","floor":14.0,"turns":1.0},{"damage":0.0,"enemies":"Gensokyo:Reimu","floor":16.0,"turns":1.0},{"damage":3.0,"enemies":"Gensokyo:3_Dogs","floor":18.0,"turns":2.0},{"damage":3.0,"enemies":"Gensokyo:Tenshi","floor":23.0,"turns":3.0},{"damage":0.0,"enemies":"Gensokyo:CosmicMonolith","floor":24.0,"turns":1.0},{"damage":0.0,"enemies":"Gensokyo:Wraith","floor":25.0,"turns":1.0},{"damage":0,"enemies":"Gensokyo:3_Gloops","floor":28,"turns":1},{"damage":3,"enemies":"Gensokyo:Koishi","floor":30,"turns":1},{"damage":0,"enemies":"Gensokyo:Eternal_Rivals","floor":33,"turns":2},{"damage":0,"enemies":"Orb Walker","floor":35,"turns":1},{"damage":0,"enemies":"3 Shapes","floor":37,"turns":1},{"damage":0,"enemies":"Transient","floor":38,"turns":1},{"damage":0,"enemies":"Reptomancer","floor":40,"turns":1},{"damage":0,"enemies":"Nemesis","floor":45,"turns":2},{"damage":0,"enemies":"Writhing Mass","floor":46,"turns":2},{"damage":0,"enemies":"Reptomancer","floor":47,"turns":2},{"damage":0,"enemies":"Awakened One","floor":50,"turns":2},{"damage":0,"enemies":"Time Eater","floor":51,"turns":2},{"damage":0,"enemies":"Shield and Spear","floor":55,"turns":1},{"damage":2,"enemies":"The Heart","floor":56,"turns":3}],"seed_played":"-4670831963980424721","potions_obtained":[{"floor":3.0,"key":"Elixir"},{"floor":5.0,"key":"BlessingOfTheForge"},{"floor":6.0,"key":"PotionOfCapacity"},{"floor":10.0,"key":"EntropicBrew"},{"floor":13.0,"key":"SpeedPotion"},{"floor":35,"key":"Strength Potion"},{"floor":37,"key":"PowerPotion"},{"floor":40,"key":"Fire Potion"},{"floor":46,"key":"Milkshake"},{"floor":55,"key":"SteroidPotion"}],"is_trial":false,"path_per_floor":["M","T","M","COS","M","E","R","?","T","M","E","?","E","M","R","B",null,"M","?","$","?","$","E","M","M","T","R","M","COS","E","?","R","B",null,"M","$","M","M","$","E","R","?","T","?","E","M","E","$","R","B","B",null,"R","$","E","B",null],"character_chosen":"DEFECT","items_purchased":["DaCapo","Lantern","AT_ForceNature","testmod-Register","FairyPotion","Lee\u0027s Waffle","SynthV","Replay:WaspNest","AT_SpeedBoots","ReplayTheSpireMod:Lightbulb","Garlic","Orrery","testmod-Mystery","Hologram","Omamori","FossilizedHelix","CaptainsWheel","Mummified Hand","Runic Capacitor","MostiFishMod:DeathFromBelow","BargainBundle","Dodecahedron","Geode","ReplayFunnel","Quantum Egg","Heatsinks","Replay:Baseball","testmod-Charity","Chemical X","Unceasing Top","Dream Catcher","Happy Flower","Orichalcum","Oddly Smooth Stone","Shuriken","BrkXgEgg","ClockworkSouvenir","Sundial","Nunchaku","MostiFishMod:Overload+1"],"campfire_rested":0,"item_purchase_floors":[20,20,20,20,20,20,22,22,22,22,22,22,22,22,36,36,36,36,36,36,39,39,39,39,39,39,39,48,48,48,48,48,48,54,54,54,54,54,54,54],"current_hp_per_floor":[55,55,52,52,34,24,24,24,24,24,1,1,1,1,1,1,54,51,51,78,78,78,75,75,75,75,75,75,75,72,72,72,72,77,77,77,77,77,78,78,78,78,78,78,85,85,85,85,85,88,99,102,102,103,111,115],"gold":1475,"neow_bonus":"BOSS_RELIC","is_daily":false,"chose_seed":false,"campfire_upgraded":6,"win_rate":0.0,"timestamp":1608957864,"path_taken":["M","?","M","COS","M","E","R","?","T","M","E","?","E","?","R","BOSS","M","?","$","?","$","E","M","?","T","R","M","COS","E","?","R","BOSS","M","$","M","M","$","E","R","?","T","?","E","?","E","?","R","BOSS","BOSS","R","$","E","BOSS"],"items_purchased_type":["Relic","Relic","Relic","Relic","Potion","Relic","Relic","Relic","Relic","Relic","Relic","Relic","Card","Card","Relic","Relic","Relic","Relic","Relic","Card","Relic","Relic","Relic","Relic","Relic","Card","Relic","Relic","Relic","Relic","Relic","Relic","Relic","Relic","Relic","Relic","Relic","Relic","Relic","Card"],"build_version":"2020-12-22","purchased_purges":7,"victory":true,"max_hp_per_floor":[71,71,71,71,71,71,71,71,71,71,71,71,71,71,71,71,71,71,71,78,78,78,78,78,78,78,78,78,78,78,78,78,78,78,78,78,78,78,78,78,78,78,78,78,85,85,85,85,85,94,103,103,103,103,111,115],"card_choices":[{"not_picked":["Gash","BootSequence"],"picked":"Coolheaded","floor":1.0},{"not_picked":["Hologram","Undo","AT_ThreeBodyProblem","Hello World"],"picked":"Turbo","floor":3.0},{"not_picked":["Redo","AT_HeatAcrobatics","Undo","Consume"],"picked":"Hologram","floor":5.0},{"not_picked":["Reboot","Electrodynamics","MostiFishMod:IntelligentEquipment","All For One"],"picked":"MostiFishMod:DeathFromBelow","floor":6.0},{"not_picked":["Loop","Cold Snap","Beam Cell","Rebound"],"picked":"Ball Lightning","floor":6.0},{"not_picked":["Conserve Battery","Ball Lightning","Rebound","Hologram"],"picked":"Meteor Strike","floor":10.0},{"not_picked":["Hologram","White Noise","Lockon","AT_EMC2"],"picked":"Skim","floor":11.0},{"not_picked":["Ball Lightning","Conserve Battery","White Noise","AT_HeatAcrobatics"],"picked":"Recycle","floor":12.0},{"not_picked":["MostiFishMod:PushDownKick","Turbo","Chaos","AT_HeatAcrobatics"],"picked":"Coolheaded","floor":12.0},{"not_picked":["Barrage","Rebound","Steam","Aggregate"],"picked":"MostiFishMod:ReadyAimFire","floor":13.0},{"not_picked":["AT_RobotInSpace","Sweeping Beam","Cold Snap","Darkness"],"picked":"Coolheaded","floor":14.0},{"not_picked":["MostiFishMod:SeaWaves","MostiFishMod:StarOceanB","AT_WaterDrop","Reboot"],"picked":"MostiFishMod:ActiveDefenseSystem","floor":16.0},{"not_picked":["Conserve Battery","Lockon","Steam","Rebound","Darkness"],"picked":"SKIP","floor":18.0},{"not_picked":["Turbo","Conserve Battery","MostiFishMod:FluxCapactior+1","Cold Snap"],"picked":"Capacitor","floor":22.0},{"not_picked":["Streamline","Hello World","Gash","Melter"],"picked":"Ball Lightning","floor":22.0},{"not_picked":["Compile Driver","AT_HeatAcrobatics+1","Steam","Cold Snap"],"picked":"MostiFishMod:Impulse+1","floor":22.0},{"not_picked":["AT_HeatAcrobatics","Go for the Eyes","Leap","AT_RightCognition"],"picked":"MostiFishMod:ActiveDefenseSystem","floor":22.0},{"not_picked":["Beam Cell","Ball Lightning","Stack+1","Gash"],"picked":"Sweeping Beam+1","floor":22.0},{"not_picked":["AT_RobotInSpace","Lockon","Undo+1","Gash","Conserve Battery"],"picked":"SKIP","floor":23.0},{"not_picked":["Streamline+1","Chaos","Sunder","Rainbow"],"picked":"Coolheaded","floor":24.0},{"not_picked":["Gash","Glacier","Leap+1","Recycle","Sunder"],"picked":"SKIP","floor":25.0},{"not_picked":["Turbo","Compile Driver","Ball Lightning","Cold Snap"],"picked":"Coolheaded","floor":28},{"not_picked":["Bandage Up","testmod-Superconductor","Blind","AT_PowerWithin"],"picked":"testmod-Arrangement","floor":29},{"not_picked":["testmod-Reverberation","testmod-ShutDown","testmod-Librarian","testmod-CardIndex"],"picked":"AT_FalsePromise","floor":29},{"not_picked":["Rebound","Chaos","Gash","Auto Shields","Conserve Battery"],"picked":"SKIP","floor":30},{"not_picked":["MostiFishMod:Tomorrow","Reboot","Hyperbeam","AT_RightCognition"],"picked":"MostiFishMod:InterfaceCompatibility","floor":33},{"not_picked":["Hologram","MostiFishMod:PushDownKick","AT_EMC2","Storm","Gash"],"picked":"Coolheaded","floor":35},{"not_picked":["Turbo","Steam","Streamline","White Noise+1","Hologram"],"picked":"Capacitor","floor":37},{"not_picked":["Capacitor","Chaos","Conserve Battery","Coolheaded","AT_ThunderBolt"],"picked":"Stack","floor":38},{"not_picked":["Glacier","FTL+1","Hologram","Turbo","MostiFishMod:LinkProtocol+1"],"picked":"Skim","floor":40},{"not_picked":["MostiFishMod:TalkingToTheRain","All For One","MostiFishMod:IntelligentEquipment","Biased Cognition","AT_RightCognition"],"picked":"MostiFishMod:Culaccino","floor":45},{"not_picked":["Beam Cell","Compile Driver","Conserve Battery+1","Stack","Steam Power+1"],"picked":"AT_ThreeBodyProblem","floor":45},{"not_picked":["Gash","White Noise","Cold Snap","Hologram","Steam"],"picked":"Seek","floor":46},{"not_picked":["Sunder","AT_StudyProgram+1","Stack+1","Defragment","Lockon"],"picked":"MostiFishMod:Overload","floor":47},{"not_picked":["AT_HeatAcrobatics","AT_RobotInSpace","Blizzard+1","Leap","Steam"],"picked":"Gash","floor":55}],"player_experience":339518,"relics_obtained":[{"floor":1.0,"key":"SynthV:TestCard"},{"floor":2.0,"key":"AT_BladeRuinedKing"},{"floor":6.0,"key":"Golden Egg"},{"floor":8.0,"key":"Ring of Panic"},{"floor":8.0,"key":"ReplayTheSpireMod:Ring of Collecting"},{"floor":9.0,"key":"Ring of Greed"},{"floor":9.0,"key":"Blue Doll"},{"floor":9.0,"key":"MawBank"},{"floor":11.0,"key":"Bottled Flame"},{"floor":13.0,"key":"AT_SunfireAegis"},{"floor":23.0,"key":"Gensokyo:ConquerorOfFear"},{"floor":23.0,"key":"AT_ArchangelStaff"},{"floor":26,"key":"Ring of Fury"},{"floor":26,"key":"AT_MibuBalloonWealth"},{"floor":30,"key":"Replay:Mystery Machine"},{"floor":40,"key":"testmod-BlackFramedGlasses"},{"floor":43,"key":"ReplayTheSpireMod:Ring of Challenge"},{"floor":43,"key":"Onion Ring"},{"floor":45,"key":"Strawberry"},{"floor":47,"key":"AT_EbonyIvory"},{"floor":55,"key":"AT_TimeSand"}],"event_choices":[{"damage_healed":0,"gold_gain":100,"player_choice":"Sell","damage_taken":0,"max_hp_gain":0,"max_hp_loss":0,"event_name":"¶÷ÂåË¹µÄÅÌ×Ó","floor":31,"relics_lost":["Ring of Greed"],"gold_loss":0},{"cards_removed":["Strike_B"],"damage_healed":0,"gold_gain":0,"player_choice":"Removed Attack","damage_taken":0,"max_hp_gain":0,"max_hp_loss":0,"event_name":"Falling","floor":42,"gold_loss":0},{"damage_healed":0,"gold_gain":50,"player_choice":"Pray","damage_taken":0,"max_hp_gain":0,"max_hp_loss":0,"event_name":"Golden Shrine","floor":44,"gold_loss":0}],"is_beta":false,"boss_relics":[{"not_picked":["TakeMeEscape","HaiYi:Twilight"],"picked":"Snecko Eye"},{"not_picked":["testmod-BatchProcessingSystem","ShadowXiaoBlade"],"picked":"Honey Jar"}],"items_purged_floors":[20,22,36,39,39,48,54],"is_endless":false,"potions_floor_spawned":[3,5,6,10,13,18,24,33,35,37,40,46,55],"ascension_level":20}}