{"host":"dbo0lztt1pyfwysk","time":1608991462,"event":{"mods":["Act Like it!","BaseMod","Conspire","Downfall","Gensokyo","GifTheSpireLib","Hubris","Infinite Spire","KinomotoSakuraMod(????)","Koishi","Luminous","Marisa????????","Minty Spire (QoL Compilation)","Prisma Mod","Remilia??????","Replay The Spire","Shade Mod","Shop Mod","StSLib","The Gatherer"],"gold_per_floor":[118,118,43,62,62,62,90,90,139,171,171,191,211,62,62,160,160,180,180,193,118,118,118,129,157,157,157,7,18,44,56,56,157,157,184,239,267,267,304,304,336,336,336,336,336],"floor_reached":44,"playtime":1239,"items_purged":["PrismaMod:MiyuCommonAttack","PrismaMod:MiyuCommonAttack","PrismaMod:MiyuCommonAttack","PrismaMod:MiyuCommonAttack","PrismaMod:MiyuEvokeAllAttack"],"score":1003,"play_id":"3817add5-909a-4246-86d2-a55a16504a41","local_time":"20201226150422","is_ascension_mode":true,"campfire_choices":[{"data":"PrismaMod:MiyuAttackChannelAttack","floor":6.0,"key":"SMITH"},{"data":"PrismaMod:MiyuEvokeAllAttack","floor":8.0,"key":"SMITH"},{"data":"PrismaMod:MiyuCheapChannelAttack","floor":11.0,"key":"SMITH"},{"data":"PrismaMod:MiyuUncommonDexBuff","floor":15.0,"key":"SMITH"},{"data":"PrismaMod:MiyuOrbIncreasePerm","floor":23.0,"key":"SMITH"},{"data":"PrismaMod:MiyuCheapChannelDefend","floor":32.0,"key":"PURGE"},{"floor":40.0,"key":"REST"},{"floor":42.0,"key":"REST"}],"circlet_count":0,"master_deck":["PrismaMod:MiyuCommonDefend","PrismaMod:MiyuCommonDefend","PrismaMod:MiyuCommonDefend","PrismaMod:MiyuCheapChannelAttack+1","PrismaMod:MiyuAttackChannelAttack+1","PrismaMod:MiyuUberAttack","PrismaMod:MiyuEvokeAllAttack+1","PrismaMod:MiyuCheapChannelAttack+1","PrismaMod:MiyuUberAttack","PrismaMod:MiyuOrbIncreasePerm+1","PrismaMod:MiyuUncommonDexBuff+1","PrismaMod:MiyuUncommonDexBuff","PrismaMod:MiyuOrbIncreasePerm","PrismaMod:MiyuOrbIncreasePerm+1"],"relics":["PrismaMod:PrismaSapphire","NeowsBlessing","Replay:Accelerometer","hubris:TenFootPole","Replay:Ringing Soul","Painkiller Herb","hubris:Icosahedron","Mummified Hand","conspire:DeflatedDodgeball","Pear","Sozu","Mercury Hourglass","infinitespire:EvilPickle","Empty Cage","conspire:Boomerang","Durian"],"acts_visited":["Exordium","TheCity","TheBeyond"],"potions_floor_usage":[],"damage_taken":[{"damage":0.0,"enemies":"2 Louse","floor":1.0,"turns":1.0},{"damage":0.0,"enemies":"Jaw Worm","floor":4.0,"turns":1.0},{"damage":0.0,"enemies":"Gremlin Nob","floor":7.0,"turns":1.0},{"damage":4.0,"enemies":"Lagavulin","floor":10.0,"turns":5.0},{"damage":0.0,"enemies":"Small Slimes","floor":12.0,"turns":2.0},{"damage":7.0,"enemies":"conspire:2 RoseBushes","floor":13.0,"turns":5.0},{"damage":0.0,"enemies":"Slime Boss","floor":16.0,"turns":7.0},{"damage":6.0,"enemies":"Chosen","floor":18.0,"turns":3.0},{"damage":0.0,"enemies":"Spheric Guardian","floor":20.0,"turns":3.0},{"damage":4.0,"enemies":"3 Cultists","floor":24.0,"turns":4.0},{"damage":5.0,"enemies":"Gremlin Leader","floor":25.0,"turns":6.0},{"damage":13.0,"enemies":"Cultist and Chosen","floor":29.0,"turns":6.0},{"damage":31.0,"enemies":"Slavers","floor":30.0,"turns":6.0},{"damage":15.0,"enemies":"Snake Plant","floor":31.0,"turns":3.0},{"damage":23.0,"enemies":"Pondfish","floor":33.0,"turns":6.0},{"damage":9.0,"enemies":"3 Darklings","floor":35.0,"turns":3.0},{"damage":54.0,"enemies":"2 Orb Walkers","floor":36.0,"turns":4.0},{"damage":0.0,"enemies":"3 Shapes","floor":37.0,"turns":4.0},{"damage":45.0,"enemies":"Spire Growth","floor":39.0,"turns":4.0},{"damage":40.0,"enemies":"Maw","floor":41.0,"turns":5.0},{"damage":0,"enemies":"R_Hoarder","floor":44,"turns":1}],"seed_played":"7934276042183694992","potions_obtained":[{"floor":1.0,"key":"SpeedPotion"},{"floor":12.0,"key":"Energy Potion"},{"floor":16.0,"key":"Energy Potion"},{"floor":18.0,"key":"LiquidMemories"},{"floor":20.0,"key":"Block Potion"},{"floor":24.0,"key":"ColorlessPotion"}],"is_trial":false,"path_per_floor":["M","?","$","M","?","R","E","R","T","E","R","M","M","$","R","B",null,"?","?","?","?","T","T","?","E","T","AVR","T","?","E","?","T","B",null,"?","?","?","AVR","?","T","?","T","T","E"],"character_chosen":"MIYU","items_purchased":["PrismaMod:MiyuUncommonDexBuff","PrismaMod:MiyuUncommonDexBuff"],"campfire_rested":2,"item_purchase_floors":[14,28],"current_hp_per_floor":[68,68,68,68,68,68,68,68,68,71,71,74,78,81,81,90,90,84,84,88,88,88,88,86,85,95,95,98,89,66,51,51,36,86,88,42,53,53,16,48,16,48,53,53,53],"gold":336,"neow_bonus":"THREE_ENEMY_KILL","is_daily":false,"chose_seed":false,"campfire_upgraded":5,"win_rate":0.0,"timestamp":1608991462,"path_taken":["M","?","$","M","?","R","E","R","T","E","R","M","?","$","R","BOSS","?","?","?","?","?","T","?","E","T","AVR","?","?","E","?","T","BOSS","?","?","?","AVR","?","T","?","T","T","E"],"items_purchased_type":["Card","Card"],"build_version":"2020-12-22","purchased_purges":5,"victory":false,"max_hp_per_floor":[75,75,75,75,75,75,75,75,75,78,78,81,84,87,87,90,90,90,90,90,90,90,90,90,90,100,100,103,103,103,103,103,103,103,106,106,109,109,109,109,109,109,114,114,114],"card_choices":[{"not_picked":["PrismaMod:MiyuCheapAttack2","PrismaMod:MiyuCheapDexBuff"],"picked":"PrismaMod:MiyuAttackChannelAttack","floor":1.0},{"not_picked":["PrismaMod:MiyuCheapEvoke","PrismaMod:MiyuDefenseExplosion"],"picked":"PrismaMod:MiyuUberAttack","floor":4.0},{"not_picked":["PrismaMod:MiyuUberAttack","PrismaMod:MiyuEvokeBuffStr"],"picked":"PrismaMod:MiyuEvokeAllAttack","floor":7.0},{"not_picked":["PrismaMod:MiyuBride","PrismaMod:MiyuCheapAttack2"],"picked":"PrismaMod:MiyuCheapChannelAttack","floor":10.0},{"not_picked":["PrismaMod:MiyuCheapAttack2","PrismaMod:MiyuCheapDexBuff"],"picked":"PrismaMod:MiyuUberAttack","floor":12.0},{"not_picked":["PrismaMod:MiyuCheapChannelVul","PrismaMod:MiyuAttackChannelWeak"],"picked":"PrismaMod:MiyuOrbIncreasePerm","floor":13.0},{"not_picked":["PrismaMod:MiyuDefenseAbsorbMinor","PrismaMod:MiyuDefendChannelDefend"],"picked":"PrismaMod:MiyuEvokeAllAttack","floor":16.0},{"not_picked":["PrismaMod:MiyuEvokeCheapAttack+1","PrismaMod:MiyuCheapChannelVul+1","PrismaMod:MiyuCheapDefend1"],"picked":"SKIP","floor":18.0},{"not_picked":["PrismaMod:MiyuCheapAttack2","PrismaMod:MiyuCarnivalAttack","PrismaMod:MiyuCheapChannelHeal+1"],"picked":"SKIP","floor":20.0},{"not_picked":["PrismaMod:MiyuMaid+1","PrismaMod:MiyuUberAOEAttack+1","PrismaMod:MiyuCheapDexBuff"],"picked":"SKIP","floor":24.0},{"not_picked":["PrismaMod:MiyuCheapEvoke+1","PrismaMod:MiyuAttackChannelVul","PrismaMod:MiyuChannelAttackEvoke"],"picked":"SKIP","floor":25.0},{"not_picked":["PrismaMod:MiyuCheapEvoke","PrismaMod:MiyuUncommonAttack","PrismaMod:MiyuEvokeBuffDex"],"picked":"SKIP","floor":29.0},{"not_picked":["PrismaMod:MiyuAttackChannelAttack","PrismaMod:MiyuDefenseRemoval+1","PrismaMod:MiyuCheapChannelWeak"],"picked":"SKIP","floor":30.0},{"not_picked":["PrismaMod:MiyuCheapEvoke","PrismaMod:MiyuUncommonAttack+1","PrismaMod:MiyuCheapStrBuff+1"],"picked":"SKIP","floor":31.0},{"not_picked":["PrismaMod:MiyuCheapChannelDefend","PrismaMod:MiyuCheapChannelRandom+1"],"picked":"PrismaMod:MiyuOrbIncreasePerm","floor":35.0},{"not_picked":["PrismaMod:MiyuMaid","PrismaMod:MiyuAttackChannelAttack+1"],"picked":"PrismaMod:MiyuOrbIncreasePerm+1","floor":37.0},{"not_picked":["PrismaMod:MiyuMaid","PrismaMod:MiyuCheapChannelRandom","PrismaMod:MiyuCheapStrBuff"],"picked":"SKIP","floor":39.0},{"not_picked":["PrismaMod:MiyuDefendChannelDefend","PrismaMod:MiyuEvokeAll+1","PrismaMod:MiyuCheapPlate+1"],"picked":"SKIP","floor":41.0}],"player_experience":610368,"relics_obtained":[{"floor":7.0,"key":"Replay:Accelerometer"},{"floor":9.0,"key":"hubris:TenFootPole"},{"floor":10.0,"key":"Replay:Ringing Soul"},{"floor":22.0,"key":"Mummified Hand"},{"floor":25.0,"key":"conspire:DeflatedDodgeball"},{"floor":26.0,"key":"Pear"},{"floor":30.0,"key":"Mercury Hourglass"},{"floor":36.0,"key":"conspire:Boomerang"},{"floor":43.0,"key":"Durian"}],"event_choices":[{"cards_removed":["PrismaMod:MiyuCommonAttack"],"damage_healed":0.0,"max_hp_gain":0.0,"max_hp_loss":0.0,"gold_gain":0.0,"event_name":"Beggar","player_choice":"Gave Gold","floor":21.0,"gold_loss":75.0,"damage_taken":0.0},{"damage_healed":0.0,"max_hp_gain":0.0,"max_hp_loss":0.0,"gold_gain":0.0,"event_name":"Mysterious Sphere","player_choice":"Fight","floor":36.0,"gold_loss":0.0,"damage_taken":0.0}],"is_beta":false,"boss_relics":[{"not_picked":["Fusion Hammer","ChewingGum"],"picked":"Painkiller Herb"},{"not_picked":["Replay:Bronze Core","SacredBark"],"picked":"Empty Cage"}],"items_purged_floors":[3,14,27,28,38],"is_endless":false,"potions_floor_spawned":[1,12,16,18,20,24,29,41],"killed_by":"R_Hoarder","ascension_level":8}}