{"host":"o7j6aatxjwpw1421","time":1608983419,"event":{"mods":["2.2 Compatiblity","AchievementEnabler","BaseMod","Colored Map","DeckTracker","Highlight Path","Keyboard Shortcuts","Minty Spire (QoL Compilation)","Permanent Neow","Quick Restart","StSLib","SuperFastMode","everything is the same but u backflip on backflip"],"gold_per_floor":[109,129,129,139,154,154,186,197,222,43,43,56,56,69,69,69,69],"floor_reached":16,"playtime":524,"items_purged":[],"score":172,"play_id":"5595f860-5f92-485a-84df-cf2f3ce0e6e7","local_time":"20201226205019","is_ascension_mode":true,"campfire_choices":[{"data":"Uppercut","floor":6,"key":"SMITH"},{"data":"Apotheosis","floor":11,"key":"SMITH"},{"data":"Power Through","floor":15,"key":"SMITH"}],"circlet_count":0,"master_deck":["AscendersBane","Strike_R","Strike_R","Defend_R","Defend_R","Defend_R","Defend_R","Bash","Uppercut+1","Shrug It Off","Intimidate","Apotheosis+1","Shrug It Off","Power Through+1"],"relics":["Burning Blood","Red Skull","Juzu Bracelet"],"acts_visited":["Exordium"],"potions_floor_usage":[7],"damage_taken":[{"damage":8,"enemies":"Jaw Worm","floor":1,"turns":7},{"damage":0,"enemies":"Cultist","floor":2,"turns":3},{"damage":0,"enemies":"Small Slimes","floor":4,"turns":3},{"damage":12,"enemies":"Looter","floor":5,"turns":4},{"damage":24,"enemies":"Gremlin Nob","floor":7,"turns":4},{"damage":4,"enemies":"Red Slaver","floor":8,"turns":3},{"damage":2,"enemies":"Blue Slaver","floor":12,"turns":4},{"damage":0,"enemies":"Looter","floor":14,"turns":3},{"damage":21,"enemies":"Slime Boss","floor":16,"turns":9}],"seed_played":"5402698703143612046","potions_obtained":[{"floor":2,"key":"SteroidPotion"},{"floor":5,"key":"PowerPotion"},{"floor":14,"key":"SmokeBomb"}],"is_trial":false,"path_per_floor":["M","M","?","M","M","R","E","M","T","$","R","M","?","M","R","B"],"character_chosen":"IRONCLAD","items_purchased":["Apotheosis"],"campfire_rested":0,"item_purchase_floors":[10],"current_hp_per_floor":[49,55,55,61,55,55,37,39,39,39,39,43,43,49,49,28,28],"gold":69,"neow_bonus":"REMOVE_TWO","is_daily":false,"chose_seed":false,"campfire_upgraded":3,"win_rate":0.0,"timestamp":1608983419,"path_taken":["M","M","?","M","M","R","E","M","T","?","R","M","?","M","R","BOSS"],"items_purchased_type":["Card"],"build_version":"2020-12-22","purchased_purges":0,"victory":false,"max_hp_per_floor":[80,80,80,80,80,80,80,80,80,80,80,80,80,80,80,80,80],"card_choices":[{"not_picked":["Anger","Thunderclap"],"picked":"Uppercut","floor":1},{"not_picked":["Body Slam","Cleave","Anger"],"picked":"SKIP","floor":2},{"not_picked":["Sword Boomerang","Clash"],"picked":"Shrug It Off","floor":4},{"not_picked":["Headbutt","Sword Boomerang","Anger"],"picked":"SKIP","floor":5},{"not_picked":["Pummel","Feel No Pain","Berserk"],"picked":"SKIP","floor":7},{"not_picked":["Anger","Clothesline"],"picked":"Intimidate","floor":8},{"not_picked":["Spot Weakness","Armaments","Twin Strike"],"picked":"SKIP","floor":12},{"not_picked":["Pommel Strike","True Grit"],"picked":"Power Through","floor":14}],"player_experience":364182,"relics_obtained":[{"floor":7,"key":"Red Skull"},{"floor":9,"key":"Juzu Bracelet"}],"event_choices":[{"damage_healed":0,"gold_gain":0,"player_choice":"Bought 0 Potions","damage_taken":0,"max_hp_gain":0,"max_hp_loss":0,"event_name":"The Woman in Blue","floor":3,"gold_loss":0},{"damage_healed":0,"gold_gain":0,"cards_transformed":["Strike_R"],"player_choice":"Change","damage_taken":0,"max_hp_gain":0,"max_hp_loss":0,"event_name":"Living Wall","floor":13,"gold_loss":0,"cards_obtained":["Shrug It Off"]}],"is_beta":false,"boss_relics":[],"items_purged_floors":[],"is_endless":false,"potions_floor_spawned":[2,5,14],"killed_by":"Slime Boss","ascension_level":13}}