{"host":"dh4nu8nelr2izibb","time":1608955667,"event":{"mods":["Act Like it!","BaseMod","Better Third Choice","Card Forge","Displayed Cursed Tome","HololiveMod","Marisa????????","Minty Spire (QoL Compilation)","Puzzle Mod","Quick Restart","Relic Filter","StSLib","The Marked","The Poker Player","The Servant 0.9.4","WarShipGirlsR/????R mod","Yakumo Yukari mod"],"gold_per_floor":[211,21,21,35,35,35,47,58,130,148,128,128,159,176,176,253,253,269,289,339,339,354,354,382,382,382,5,5,17,34,51,51,125,125,136,148,148,148,148,148,148,177,177,177,7,7,24,41,41,41,41,41],"floor_reached":51,"playtime":1704,"items_purged":["Strike_G"],"score":1294,"play_id":"e041d9ce-f572-48c0-aa3e-b853247e4399","local_time":"20201225230747","is_ascension_mode":true,"campfire_choices":[{"data":"Neutralize","floor":6.0,"key":"SMITH"},{"data":"Blade Dance","floor":12.0,"key":"SMITH"},{"floor":15.0,"key":"REST"},{"data":"Footwork","floor":23.0,"key":"SMITH"},{"floor":28.0,"key":"REST"},{"floor":32.0,"key":"REST"},{"data":"A Thousand Cuts","floor":40,"key":"SMITH"},{"floor":44,"key":"REST"},{"floor":49,"key":"REST"}],"circlet_count":0,"master_deck":["AscendersBane","Strike_G","Defend_G","Defend_G","Defend_G","Survivor","Neutralize+1","Blade Dance+1","Dash","Blind+1","Accuracy","Quick Slash","Terror+1","Infinite Blades","Blur","Backstab","Cloak And Dagger+1","Footwork+1","Storm of Steel","Backflip","Dagger Spray","Finisher+1","Blade Dance","Skewer","A Thousand Cuts+1","Dodge and Roll+1","Deflect+1","Adrenaline","Adrenaline"],"relics":["Ring of the Snake","Hammer of Thor","Seething Fire","Anvil of the Gods","Peace Pipe","Ornamental Fan","Mercury Hourglass","Dream Catcher","HoveringKite","Ancient Tea Set","Singing Bowl","Gambling Chip","Membership Card","Torii","Busted Crown","Toy Ornithopter","Paper Crane","DollysMirror"],"acts_visited":["Exordium","TheCity","TheBeyond"],"potions_floor_usage":[33,36,50],"damage_taken":[{"damage":5.0,"enemies":"2 Louse","floor":1.0,"turns":5.0},{"damage":0.0,"enemies":"Cultist","floor":4.0,"turns":3.0},{"damage":0.0,"enemies":"Small Slimes","floor":7.0,"turns":3.0},{"damage":0.0,"enemies":"Blue Slaver","floor":8.0,"turns":3.0},{"damage":0.0,"enemies":"Exordium Thugs","floor":10.0,"turns":3.0},{"damage":15.0,"enemies":"Lagavulin","floor":13.0,"turns":5.0},{"damage":0.0,"enemies":"2 Fungi Beasts","floor":14.0,"turns":3.0},{"damage":9.0,"enemies":"The Guardian","floor":16.0,"turns":8.0},{"damage":9.0,"enemies":"Spheric Guardian","floor":18.0,"turns":4.0},{"damage":0.0,"enemies":"Chosen","floor":19.0,"turns":3.0},{"damage":13.0,"enemies":"Snecko","floor":22.0,"turns":5.0},{"damage":23.0,"enemies":"Gremlin Leader","floor":24.0,"turns":5.0},{"damage":1.0,"enemies":"Cultist and Chosen","floor":29.0,"turns":3.0},{"damage":21.0,"enemies":"Sentry and Sphere","floor":30.0,"turns":4.0},{"damage":2.0,"enemies":"Snake Plant","floor":31.0,"turns":5.0},{"damage":12,"enemies":"Automaton","floor":33,"turns":9},{"damage":1,"enemies":"3 Shapes","floor":35,"turns":3},{"damage":25,"enemies":"3 Darklings","floor":36,"turns":3},{"damage":34,"enemies":"Nemesis","floor":42,"turns":5},{"damage":0,"enemies":"4 Shapes","floor":47,"turns":4},{"damage":0,"enemies":"Transient","floor":48,"turns":6},{"damage":85,"enemies":"Awakened One","floor":50,"turns":18},{"damage":10,"enemies":"Donu and Deca","floor":51,"turns":2}],"seed_played":"6072887163270537116","potions_obtained":[{"floor":1.0,"key":"DuplicationPotion"},{"floor":4.0,"key":"AttackPotion"},{"floor":16.0,"key":"Ancient Potion"},{"floor":22.0,"key":"Strength Potion"},{"floor":24.0,"key":"DuplicationPotion"},{"floor":33,"key":"DistilledChaos"},{"floor":36,"key":"SpeedPotion"},{"floor":42,"key":"FairyPotion"}],"is_trial":false,"path_per_floor":["M","$","?","M","?","R","M","M","T","M","?","R","E","M","R","B",null,"M","M","?","?","M","R","E","T","T","$","R","M","M","M","R","B",null,"M","M","?","?","$","R","$","E","T","R","$","?","M","M","R","B","B"],"character_chosen":"THE_SILENT","items_purchased":["Dash","Blind","Membership Card","Torii","Adrenaline","DollysMirror"],"campfire_rested":5,"item_purchase_floors":[2,2,27,27,45,45],"current_hp_per_floor":[54,54,54,54,38,38,38,38,38,38,38,38,23,23,42,33,58,49,49,49,49,36,36,13,13,13,13,34,35,16,14,35,23,60,61,38,38,38,38,38,38,4,4,26,26,26,28,30,56,7,0,0],"gold":41,"neow_bonus":"HUNDRED_GOLD","is_daily":false,"chose_seed":false,"campfire_upgraded":4,"win_rate":0.0,"timestamp":1608955667,"path_taken":["M","$","?","?","?","R","M","M","T","M","?","R","E","M","R","BOSS","M","M","?","?","?","R","E","?","T","$","R","M","M","M","R","BOSS","M","M","?","?","$","R","?","E","T","R","$","?","M","?","R","BOSS","BOSS"],"items_purchased_type":["Card","Card","Relic","Relic","Card","Relic"],"build_version":"2020-12-22","purchased_purges":1,"victory":false,"max_hp_per_floor":[66,66,66,66,66,66,66,66,66,66,66,66,66,66,66,66,66,66,66,66,66,66,66,66,66,66,66,68,70,72,72,72,72,72,74,76,76,76,76,76,76,76,76,76,76,76,78,80,82,82,82,82],"card_choices":[{"not_picked":["Caltrops","Outmaneuver"],"picked":"Blade Dance","floor":1.0},{"not_picked":["PiercingWail","Sucker Punch"],"picked":"Quick Slash","floor":4.0},{"not_picked":["Setup","Concentrate"],"picked":"Terror","floor":7.0},{"not_picked":["Choke","Eviscerate"],"picked":"Infinite Blades","floor":8.0},{"not_picked":["Distraction","Acrobatics"],"picked":"Blur","floor":10.0},{"not_picked":["Caltrops","Quick Slash"],"picked":"Backstab","floor":13.0},{"not_picked":["Acrobatics","Skewer"],"picked":"Cloak And Dagger","floor":14.0},{"not_picked":["Backflip","Dodge and Roll"],"picked":"Footwork","floor":15.0},{"not_picked":["Corpse Explosion","Doppelganger"],"picked":"Storm of Steel","floor":16.0},{"not_picked":["Terror","PiercingWail"],"picked":"Backflip","floor":18.0},{"not_picked":["Deadly Poison","Tactician","Escape Plan"],"picked":"SKIP","floor":19.0},{"not_picked":["Backstab","Dagger Throw"],"picked":"Dagger Spray","floor":22.0},{"not_picked":["Skewer","Caltrops"],"picked":"Finisher+1","floor":24.0},{"not_picked":["Deadly Poison","Endless Agony","Crippling Poison+1"],"picked":"Singing Bowl","floor":28.0},{"not_picked":["Slice","Terror","Concentrate"],"picked":"Singing Bowl","floor":29.0},{"not_picked":["Escape Plan","Well Laid Plans","Distraction"],"picked":"Singing Bowl","floor":30.0},{"not_picked":["Venomology","Dodge and Roll"],"picked":"Blade Dance","floor":31.0},{"not_picked":["Dodge and Roll+1","Calculated Gamble"],"picked":"Skewer","floor":32.0},{"not_picked":["Storm of Steel","Doppelganger"],"picked":"A Thousand Cuts","floor":33},{"not_picked":["Bane+1"],"picked":"Singing Bowl","floor":35},{"not_picked":["Underhanded Strike"],"picked":"Singing Bowl","floor":36},{"not_picked":[],"picked":"Dodge and Roll+1","floor":42},{"not_picked":[],"picked":"Deflect+1","floor":44},{"not_picked":["Outmaneuver"],"picked":"Singing Bowl","floor":47},{"not_picked":["Heel Hook"],"picked":"Singing Bowl","floor":48},{"not_picked":["Reflex"],"picked":"Singing Bowl","floor":49}],"player_experience":1118724,"relics_obtained":[{"floor":9.0,"key":"Mercury Hourglass"},{"floor":13.0,"key":"Dream Catcher"},{"floor":24.0,"key":"Ancient Tea Set"},{"floor":25.0,"key":"Singing Bowl"},{"floor":26.0,"key":"Gambling Chip"},{"floor":42,"key":"Toy Ornithopter"},{"floor":43,"key":"Paper Crane"}],"event_choices":[{"damage_healed":0.0,"max_hp_gain":0.0,"max_hp_loss":0.0,"gold_gain":0.0,"cards_transformed":["Strike_G"],"event_name":"Transmorgrifier","player_choice":"Transformed","floor":3.0,"gold_loss":0.0,"damage_taken":0.0,"cards_obtained":["Accuracy"]},{"damage_healed":0.0,"max_hp_gain":0.0,"max_hp_loss":0.0,"gold_gain":1.0,"event_name":"betterThird:BetterScrap","player_choice":"Relic Relic ","floor":5.0,"gold_loss":0.0,"damage_taken":16.0,"cards_obtained":["Storm"]},{"damage_healed":0.0,"max_hp_gain":0.0,"max_hp_loss":0.0,"gold_gain":0.0,"event_name":"The Woman in Blue","player_choice":"Bought 1 Potion","floor":11.0,"gold_loss":0.0,"damage_taken":0.0},{"damage_healed":0.0,"max_hp_gain":0.0,"max_hp_loss":0.0,"gold_gain":50.0,"event_name":"betterThird:BetterNest","player_choice":"Steal","floor":20.0,"gold_loss":0.0,"damage_taken":0.0},{"damage_healed":0.0,"max_hp_gain":0.0,"max_hp_loss":0.0,"gold_gain":0.0,"event_name":"Vampires","player_choice":"Ignored","floor":21.0,"gold_loss":0.0,"damage_taken":0.0},{"damage_healed":0,"gold_gain":0,"player_choice":"Ignored","damage_taken":0,"max_hp_gain":0,"max_hp_loss":0,"event_name":"Tomb of Lord Red Mask","floor":38,"gold_loss":0},{"damage_healed":0,"gold_gain":0,"player_choice":"Upgraded","damage_taken":0,"max_hp_gain":0,"max_hp_loss":0,"event_name":"Upgrade Shrine","floor":46,"gold_loss":0,"cards_upgraded":["Blind"]}],"is_beta":false,"boss_relics":[{"not_picked":["Coffee Dripper","Ectoplasm"],"picked":"HoveringKite"},{"not_picked":["Snecko Eye","Ring of the Serpent"],"picked":"Busted Crown"}],"items_purged_floors":[27],"is_endless":false,"potions_floor_spawned":[1,4,16,22,24,30,33,36,42,47,48],"killed_by":"Donu and Deca","ascension_level":20}}