{"host":"p6s16n2sj7zvsuor","time":1608976991,"event":{"mods":["BaseMod","Minty Spire (QoL Compilation)"],"gold_per_floor":[112,127,141,12,29,29,29,43,113,127,127,142,142,156,156,254,254,274,189,201,217,81,113,113,113,113],"floor_reached":25,"playtime":1101,"items_purged":["Strike_G","Strike_G"],"score":271,"play_id":"d77e8c5c-d1d4-480c-8a68-e9b206d65276","local_time":"20201226120311","is_ascension_mode":true,"campfire_choices":[{"data":"Terror","floor":6.0,"key":"SMITH"},{"data":"Blade Dance","floor":11.0,"key":"SMITH"},{"data":"Blade Dance","floor":13.0,"key":"SMITH"},{"data":"Footwork","floor":15.0,"key":"SMITH"},{"floor":24,"key":"REST"}],"circlet_count":0,"master_deck":["Strike_G","Strike_G","Strike_G","Defend_G","Defend_G","Defend_G","Defend_G","Defend_G","Survivor","Neutralize","Sadistic Nature","Blade Dance+1","Cloak And Dagger","Terror+1","Blade Dance+1","Dodge and Roll","Outmaneuver","Footwork+1","Cloak And Dagger","Grand Finale","Choke","Backflip","Venomology","Footwork","Riddle With Holes"],"relics":["Ring of the Snake","Letter Opener","SacredBark","Lizard Tail","Snake Skull"],"acts_visited":["Exordium","TheCity"],"potions_floor_usage":[18,21,23,23,25],"damage_taken":[{"damage":0.0,"enemies":"Cultist","floor":1.0,"turns":3.0},{"damage":5.0,"enemies":"2 Louse","floor":2.0,"turns":3.0},{"damage":0.0,"enemies":"Small Slimes","floor":3.0,"turns":2.0},{"damage":7.0,"enemies":"2 Fungi Beasts","floor":5.0,"turns":3.0},{"damage":5.0,"enemies":"Looter","floor":8.0,"turns":3.0},{"damage":0.0,"enemies":"3 Louse","floor":10.0,"turns":2.0},{"damage":5.0,"enemies":"Red Slaver","floor":12.0,"turns":3.0},{"damage":5.0,"enemies":"2 Fungi Beasts","floor":14.0,"turns":3.0},{"damage":14.0,"enemies":"Slime Boss","floor":16.0,"turns":9.0},{"damage":3,"enemies":"3 Byrds","floor":18,"turns":4},{"damage":17,"enemies":"Shell Parasite","floor":20,"turns":3},{"damage":10,"enemies":"Shelled Parasite and Fungi","floor":21,"turns":3},{"damage":16,"enemies":"Book of Stabbing","floor":23,"turns":8},{"damage":53,"enemies":"Slavers","floor":25,"turns":4}],"seed_played":"-8347011152459897653","potions_obtained":[{"floor":5.0,"key":"SteroidPotion"},{"floor":10.0,"key":"SteroidPotion"},{"floor":14.0,"key":"PowerPotion"},{"floor":21,"key":"AttackPotion"}],"is_trial":false,"path_per_floor":["M","M","M","$","M","R","$","M","T","M","R","M","R","M","R","B",null,"M","?","M","M","$","E","R","E"],"character_chosen":"THE_SILENT","items_purchased":["Blade Dance","Footwork"],"campfire_rested":1,"item_purchase_floors":[4,22],"current_hp_per_floor":[63,58,58,58,51,51,51,46,46,46,46,41,41,36,36,22,53,50,50,33,23,23,7,25,3,3],"gold":113,"neow_bonus":"RANDOM_COLORLESS_2","is_daily":false,"chose_seed":false,"campfire_upgraded":4,"win_rate":0.0,"timestamp":1608976991,"path_taken":["M","M","M","$","?","R","$","M","T","M","R","M","R","M","R","BOSS","M","?","M","M","$","E","R","E"],"items_purchased_type":["Card","Card"],"build_version":"2020-12-22","purchased_purges":2,"victory":false,"max_hp_per_floor":[63,63,63,63,63,63,63,63,63,63,63,63,63,63,63,63,63,63,63,63,63,63,63,63,63,63],"card_choices":[{"not_picked":["Transmutation","Master of Strategy"],"picked":"Sadistic Nature","floor":0.0},{"not_picked":["Cloak And Dagger","Acrobatics"],"picked":"Blade Dance","floor":1.0},{"not_picked":["Underhanded Strike","Dagger Throw"],"picked":"Cloak And Dagger","floor":2.0},{"not_picked":["Choke","Concentrate"],"picked":"Terror","floor":3.0},{"not_picked":["Caltrops","Expertise"],"picked":"Dodge and Roll","floor":5.0},{"not_picked":["Acrobatics","Dagger Spray","Venomology"],"picked":"SKIP","floor":8.0},{"not_picked":["Skewer","Quick Slash"],"picked":"Outmaneuver","floor":10.0},{"not_picked":["Reflex","Deadly Poison"],"picked":"Footwork","floor":12.0},{"not_picked":["Dagger Throw","Distraction"],"picked":"Cloak And Dagger","floor":14.0},{"not_picked":["Tools of the Trade","Wraith Form v2"],"picked":"Grand Finale","floor":16.0},{"not_picked":["Outmaneuver","Underhanded Strike"],"picked":"Choke","floor":18},{"not_picked":["Deflect","Acrobatics"],"picked":"Backflip","floor":20},{"not_picked":["Flying Knee","Dagger Throw"],"picked":"Venomology","floor":21},{"not_picked":["Masterful Stab+1","Crippling Poison"],"picked":"Riddle With Holes","floor":23}],"player_experience":766328,"relics_obtained":[{"floor":9.0,"key":"Letter Opener"},{"floor":23,"key":"Snake Skull"}],"event_choices":[{"damage_healed":0,"gold_gain":0,"player_choice":"Obtained Relic","damage_taken":0,"relics_obtained":["Lizard Tail"],"max_hp_gain":0,"max_hp_loss":0,"event_name":"Addict","floor":19,"gold_loss":85}],"is_beta":false,"boss_relics":[{"not_picked":["HoveringKite","Pandora\u0027s Box"],"picked":"SacredBark"}],"items_purged_floors":[4,22],"is_endless":false,"potions_floor_spawned":[5,10,14,16,21],"killed_by":"Slavers","ascension_level":5}}