{"host":"q0ozth74idsfmf0a","time":1608945411,"event":{"mods":["BaseMod","Colored Powertips","Minty Spire (QoL Compilation)","Relic Stats","StSLib"],"gold_per_floor":[109,59,59,130,148,168,193,204,204,229,229,244,254,272,272,368,368,387,387,387,400,420,452,465,465,513,527,537,571,236,247,247,344,344,354,372,386,486,190,190,220,233,233,247,15,26,44,54,54,54],"floor_reached":51,"playtime":4609,"items_purged":["Strike_G","Strike_G"],"score":864,"play_id":"0a897c8b-a8cf-4479-96f6-ba00748bb93e","local_time":"20201225201651","is_ascension_mode":false,"campfire_choices":[{"data":"Neutralize","floor":11,"key":"SMITH"},{"floor":15,"key":"REST"},{"floor":25,"key":"REST"},{"floor":32,"key":"REST"},{"floor":40,"key":"REST"},{"floor":49,"key":"REST"}],"circlet_count":0,"master_deck":["Strike_G","Strike_G","Defend_G","Defend_G","Defend_G","Defend_G","Defend_G","Survivor","Neutralize+1","Underhanded Strike","Dagger Spray","Backflip","Footwork","Well Laid Plans","Prepared","Blur","Poisoned Stab","Blur","A Thousand Cuts","Dodge and Roll","Sucker Punch+1","Bouncing Flask","Backflip","Flying Knee","Backflip+1","Bouncing Flask","Adrenaline","PiercingWail","Malaise","PiercingWail","Footwork+1","Noxious Fumes","Footwork","After Image","Dagger Spray+1","Acrobatics+1","Parasite","Footwork"],"relics":["Ring of the Snake","NeowsBlessing","Thread and Needle","CaptainsWheel","Sundial","Fusion Hammer","Calipers","Bag of Marbles","Mercury Hourglass","Pantograph","Philosopher\u0027s Stone","Membership Card","Pen Nib","Mummified Hand","Bottled Lightning","TungstenRod","Toy Ornithopter"],"acts_visited":["Exordium","TheCity","TheBeyond"],"potions_floor_usage":[10,14,16,16,23,23,33,37,42,50,50],"damage_taken":[{"damage":0,"enemies":"2 Louse","floor":1,"turns":1},{"damage":0,"enemies":"Jaw Worm","floor":5,"turns":1},{"damage":0,"enemies":"Cultist","floor":6,"turns":1},{"damage":45,"enemies":"Gremlin Nob","floor":7,"turns":6},{"damage":0,"enemies":"2 Fungi Beasts","floor":8,"turns":4},{"damage":6,"enemies":"3 Sentries","floor":10,"turns":9},{"damage":6,"enemies":"Looter","floor":12,"turns":4},{"damage":0,"enemies":"Exordium Thugs","floor":13,"turns":5},{"damage":0,"enemies":"Gremlin Gang","floor":14,"turns":2},{"damage":16,"enemies":"Hexaghost","floor":16,"turns":19},{"damage":4,"enemies":"3 Byrds","floor":18,"turns":6},{"damage":0,"enemies":"Chosen","floor":21,"turns":6},{"damage":0,"enemies":"Shelled Parasite and Fungi","floor":22,"turns":7},{"damage":10,"enemies":"Gremlin Leader","floor":23,"turns":9},{"damage":0,"enemies":"3 Cultists","floor":24,"turns":6},{"damage":0,"enemies":"Centurion and Healer","floor":27,"turns":8},{"damage":0,"enemies":"Snecko","floor":28,"turns":6},{"damage":47,"enemies":"Slavers","floor":29,"turns":8},{"damage":0,"enemies":"Sentry and Sphere","floor":31,"turns":5},{"damage":0,"enemies":"Automaton","floor":33,"turns":13},{"damage":0,"enemies":"3 Darklings","floor":35,"turns":6},{"damage":0,"enemies":"3 Shapes","floor":36,"turns":5},{"damage":3,"enemies":"Sphere and 2 Shapes","floor":37,"turns":7},{"damage":0,"enemies":"Giant Head","floor":41,"turns":12},{"damage":0,"enemies":"3 Darklings","floor":42,"turns":6},{"damage":0,"enemies":"4 Shapes","floor":44,"turns":2},{"damage":0,"enemies":"Writhing Mass","floor":46,"turns":6},{"damage":0,"enemies":"3 Darklings","floor":47,"turns":4},{"damage":0,"enemies":"Spire Growth","floor":48,"turns":5},{"damage":0,"enemies":"Donu and Deca","floor":50,"turns":9}],"seed_played":"2192287784494864450","potions_obtained":[{"floor":5,"key":"CunningPotion"},{"floor":10,"key":"Strength Potion"},{"floor":12,"key":"LiquidBronze"},{"floor":13,"key":"Weak Potion"},{"floor":14,"key":"LiquidMemories"},{"floor":18,"key":"Regen Potion"},{"floor":22,"key":"ColorlessPotion"},{"floor":23,"key":"FearPotion"},{"floor":27,"key":"SpeedPotion"},{"floor":29,"key":"CunningPotion"},{"floor":33,"key":"EssenceOfSteel"},{"floor":37,"key":"Block Potion"},{"floor":46,"key":"CultistPotion"}],"is_trial":false,"path_per_floor":["M","?","?","?","M","M","E","M","T","E","R","M","M","M","R","B",null,"M","?","?","M","M","E","M","R","T","M","M","E","$","M","R","B",null,"M","M","M","?","$","R","E","M","T","M","$","M","M","M","R","B",null],"character_chosen":"THE_SILENT","items_purchased":["Pantograph","Membership Card","Footwork","Pen Nib","TungstenRod","Toy Ornithopter"],"campfire_rested":5,"item_purchase_floors":[30,39,39,39,45,45],"current_hp_per_floor":[70,70,75,75,75,75,30,30,30,24,24,18,18,18,40,24,75,71,71,57,57,57,47,47,71,71,71,71,24,24,24,48,73,80,80,80,77,77,77,80,80,80,80,80,80,80,80,80,80,80],"gold":54,"neow_bonus":"THREE_ENEMY_KILL","is_daily":false,"chose_seed":false,"campfire_upgraded":1,"win_rate":0.0,"timestamp":1608945411,"path_taken":["M","?","?","?","?","M","E","M","T","E","R","M","?","M","R","BOSS","M","?","?","M","M","E","M","R","T","?","M","E","$","M","R","BOSS","M","M","?","?","$","R","E","M","T","?","$","M","?","M","R","BOSS"],"items_purchased_type":["Relic","Relic","Card","Relic","Relic","Relic"],"build_version":"2020-12-22","purchased_purges":2,"victory":true,"max_hp_per_floor":[70,70,75,75,75,75,75,75,75,75,75,75,75,75,75,75,75,75,75,80,80,80,80,80,80,80,80,80,80,80,80,80,80,80,80,80,80,80,80,80,80,80,80,80,80,80,80,80,80,80],"relic_stats":{"counters":[30,188],"Sundial":[22],"Mummified Hand":[42],"Pantograph":25,"Pen Nib":[5],"obtain_stats":[{"Calipers":23,"NeowsBlessing":0,"Thread and Needle":7,"Pen Nib":39,"Mercury Hourglass":29,"CaptainsWheel":9,"Sundial":10,"Mummified Hand":41,"Pantograph":30,"Philosopher\u0027s Stone":34,"Fusion Hammer":17,"Bag of Marbles":26,"Membership Card":39,"Bottled Lightning":43,"TungstenRod":45,"Toy Ornithopter":45,"Ring of the Snake":0},{"Calipers":14,"NeowsBlessing":0,"Thread and Needle":4,"Pen Nib":23,"Mercury Hourglass":18,"CaptainsWheel":5,"Sundial":6,"Mummified Hand":24,"Pantograph":18,"Philosopher\u0027s Stone":20,"Fusion Hammer":10,"Bag of Marbles":15,"Membership Card":23,"Bottled Lightning":25,"TungstenRod":26,"Toy Ornithopter":26,"Ring of the Snake":0},{"Calipers":80,"NeowsBlessing":0,"Thread and Needle":9,"Pen Nib":144,"Mercury Hourglass":108,"CaptainsWheel":13,"Sundial":22,"Mummified Hand":156,"Pantograph":108,"Philosopher\u0027s Stone":126,"Fusion Hammer":52,"Bag of Marbles":86,"Membership Card":144,"Bottled Lightning":162,"TungstenRod":164,"Toy Ornithopter":164,"Ring of the Snake":0}],"TungstenRod":0,"Toy Ornithopter":0,"Ring of the Snake":[60],"Mercury Hourglass":[315]},"card_choices":[{"not_picked":["Outmaneuver","Slice"],"picked":"Underhanded Strike","floor":1},{"not_picked":["Sucker Punch","Outmaneuver"],"picked":"Dagger Spray","floor":5},{"not_picked":["Deadly Poison","Dagger Spray"],"picked":"Backflip","floor":6},{"not_picked":["Slice","Expertise"],"picked":"Footwork","floor":7},{"not_picked":["Deadly Poison","Dagger Spray"],"picked":"Well Laid Plans","floor":8},{"not_picked":["Flechettes","Bullet Time"],"picked":"Prepared","floor":10},{"not_picked":["All Out Attack","Dash"],"picked":"Blur","floor":12},{"not_picked":["Tactician","Quick Slash"],"picked":"Poisoned Stab","floor":13},{"not_picked":["Backstab","Reflex"],"picked":"Blur","floor":14},{"not_picked":["Burst","Envenom"],"picked":"A Thousand Cuts","floor":16},{"not_picked":["Dagger Throw","Prepared"],"picked":"Dodge and Roll","floor":18},{"not_picked":["Quick Slash","Deadly Poison"],"picked":"Sucker Punch+1","floor":21},{"not_picked":["Deadly Poison","Poisoned Stab+1"],"picked":"Bouncing Flask","floor":22},{"not_picked":["Tactician","Distraction"],"picked":"Backflip","floor":23},{"not_picked":["Sucker Punch+1","Night Terror"],"picked":"Flying Knee","floor":24},{"not_picked":["Poisoned Stab","Outmaneuver+1"],"picked":"Backflip+1","floor":27},{"not_picked":["Riddle With Holes","Poisoned Stab"],"picked":"Bouncing Flask","floor":28},{"not_picked":["Bouncing Flask","All Out Attack+1"],"picked":"Adrenaline","floor":29},{"not_picked":["Flying Knee","Underhanded Strike"],"picked":"PiercingWail","floor":31},{"not_picked":["Wraith Form v2","Phantasmal Killer"],"picked":"Malaise","floor":33},{"not_picked":["Dodge and Roll+1","Flying Knee+1"],"picked":"PiercingWail","floor":35},{"not_picked":["Crippling Poison+1","Dagger Throw+1"],"picked":"Footwork+1","floor":36},{"not_picked":["Dagger Spray","Outmaneuver+1"],"picked":"Noxious Fumes","floor":37},{"not_picked":["Infinite Blades+1","Skewer+1"],"picked":"After Image","floor":41},{"not_picked":["Backstab","Dagger Throw"],"picked":"Dagger Spray+1","floor":42},{"not_picked":["Poisoned Stab","Terror+1"],"picked":"Acrobatics+1","floor":44},{"not_picked":["Endless Agony","Slice","Acrobatics+1"],"picked":"SKIP","floor":46},{"not_picked":["Blade Dance","Reflex+1"],"picked":"Footwork","floor":47},{"not_picked":["Sucker Punch","Distraction+1","Choke"],"picked":"SKIP","floor":48}],"player_experience":8764,"relics_obtained":[{"floor":7,"key":"Thread and Needle"},{"floor":9,"key":"CaptainsWheel"},{"floor":10,"key":"Sundial"},{"floor":23,"key":"Calipers"},{"floor":26,"key":"Bag of Marbles"},{"floor":29,"key":"Mercury Hourglass"},{"floor":41,"key":"Mummified Hand"},{"floor":43,"key":"Bottled Lightning"}],"event_choices":[{"cards_removed":["Strike_G"],"damage_healed":0,"gold_gain":0,"player_choice":"Card Removal","damage_taken":0,"max_hp_gain":0,"max_hp_loss":0,"event_name":"The Cleric","floor":2,"gold_loss":50},{"damage_healed":0,"gold_gain":0,"player_choice":"Donut","damage_taken":0,"max_hp_gain":5,"max_hp_loss":0,"event_name":"Big Fish","floor":3,"gold_loss":0},{"damage_healed":0,"gold_gain":71,"player_choice":"Gained Gold","damage_taken":0,"max_hp_gain":0,"max_hp_loss":0,"event_name":"Golden Wing","floor":4,"gold_loss":0},{"damage_healed":0,"gold_gain":0,"player_choice":"Ignored","damage_taken":0,"max_hp_gain":0,"max_hp_loss":0,"event_name":"The Mausoleum","floor":19,"gold_loss":0},{"damage_healed":0,"gold_gain":0,"player_choice":"Shed Blood","damage_taken":19,"max_hp_gain":5,"max_hp_loss":0,"event_name":"Forgotten Altar","floor":20,"gold_loss":0},{"damage_healed":0,"gold_gain":100,"player_choice":"Pray","damage_taken":0,"max_hp_gain":0,"max_hp_loss":0,"event_name":"Golden Shrine","floor":38,"gold_loss":0}],"is_beta":false,"boss_relics":[{"not_picked":["Ring of the Serpent","HoveringKite"],"picked":"Fusion Hammer"},{"not_picked":["Tiny House","Empty Cage"],"picked":"Philosopher\u0027s Stone"}],"items_purged_floors":[30,39],"is_endless":false,"potions_floor_spawned":[5,10,12,13,14,18,22,23,27,29,33,36,37,41,46],"ascension_level":0}}