{"host":"uae2ry9d6rl7cq98","time":1608946833,"event":{"mods":["AchievementEnabler","BaseMod","BetterRewards","Colored Map","Custom Start","Hermit","Hubris","Infinite Spire","Minty Spire (QoL Compilation)","Replay The Spire","Shop Mod","StSLib","SuperFastMode","The Animator","The Hierophant","The Servant 0.9.4"],"gold_per_floor":[116,66,66,83,7,39,39,39,62,62,73,73,73,92,92,191,191,201,214,65,65,65,93,112,112,189,209,228,228,228,228,228,325,325,335,335,355,434,434,466,466,466,489,489,489,505,156,181,181,181,181,181,24,56,56],"floor_reached":56,"playtime":3031,"items_purged":["Defend_B","Defend_B","Defend_B"],"score":1269,"play_id":"fea6bbd7-1f92-4969-9e02-5e8b7b36df4c","local_time":"20201225174033","is_ascension_mode":false,"campfire_choices":[{"floor":7,"key":"RECALL"},{"data":"Fusion","floor":10,"key":"SMITH"},{"data":"Self Repair","floor":13,"key":"SMITH"},{"data":"Seek","floor":15,"key":"SMITH"},{"data":"infinitespire:Oblivion","floor":30,"key":"SMITH"},{"data":"Compile Driver","floor":32,"key":"PURGE"},{"floor":41,"key":"DIG"},{"floor":44,"key":"DIG"},{"data":"Loop","floor":49,"key":"SMITH"},{"floor":52,"key":"DIG"}],"circlet_count":0,"master_deck":["Strike_B","Defend_B","Zap","Dualcast","Conserve Battery","Fusion+1","Self Repair+1","Panic Button","Seek+1","Electrodynamics","Auto Shields+1","Self Repair+1","Static Discharge","infinitespire:Oblivion+1","Capacitor","Barrage+1","Capacitor","infinitespire:UltimateForm+1","Creative AI","Conserve Battery","Conserve Battery+1","Streamline+1","Loop+1","Fission"],"relics":["Cracked Core","NeowsBlessing","hubris:Icosahedron","DataDisk","Bronze Scales","hubris:Towel","Replay:Bronze Core","Replay:Rubber Ducky","Ring of Chaos","Replay:WaspNest","infinitespire:Cupcake","infinitespire:Bottled Soul","Shovel","infinitespire:Joker Card","Pen Nib","Oddly Smooth Stone","Anchor","MerchantsRug","Lizard Tail","hubris:Teleporter","Carrot","Happy Flower","Strawberry"],"acts_visited":["Exordium","TheCity","TheBeyond","TheEnding"],"potions_floor_usage":[48,54,55,55],"damage_taken":[{"damage":0,"enemies":"Small Slimes","floor":1,"turns":1},{"damage":0,"enemies":"Cultist","floor":4,"turns":1},{"damage":0,"enemies":"Lagavulin","floor":6,"turns":1},{"damage":6,"enemies":"Jaw Worm","floor":11,"turns":4},{"damage":3,"enemies":"Large Slime","floor":14,"turns":5},{"damage":48,"enemies":"The Guardian","floor":16,"turns":12},{"damage":14,"enemies":"Spheric Guardian","floor":18,"turns":4},{"damage":16,"enemies":"Shell Parasite","floor":19,"turns":6},{"damage":27,"enemies":"Slavers","floor":23,"turns":3},{"damage":12,"enemies":"Snake Plant","floor":24,"turns":6},{"damage":0,"enemies":"3 Cultists","floor":27,"turns":3},{"damage":4,"enemies":"Snecko","floor":28,"turns":5},{"damage":17,"enemies":"Automaton","floor":33,"turns":8},{"damage":0,"enemies":"Orb Walker","floor":35,"turns":5},{"damage":12,"enemies":"3 Darklings","floor":37,"turns":4},{"damage":0,"enemies":"Giant Head","floor":40,"turns":7},{"damage":21,"enemies":"Transient","floor":46,"turns":5},{"damage":47,"enemies":"Reptomancer","floor":48,"turns":5},{"damage":0,"enemies":"Donu and Deca","floor":50,"turns":5},{"damage":15,"enemies":"Shield and Spear","floor":54,"turns":6},{"damage":88,"enemies":"The Heart","floor":55,"turns":8}],"seed_played":"2191692660076572742","potions_obtained":[{"floor":11,"key":"Adrenaline Potion"},{"floor":19,"key":"SpeedPotion"},{"floor":33,"key":"PowerPotion"},{"floor":48,"key":"Block Potion"}],"is_trial":false,"path_per_floor":["M","?","?","M","$","E","R","?","T","R","M","?","R","M","R","B",null,"M","M","$","?","$","E","M","AVR","T","M","M","?","R","?","R_BF","B",null,"M","?","M","T","AVR","E","R","?","T","R","?","M","$","E","R","B",null,"R","$","E","B",null],"character_chosen":"DEFECT","items_purchased":["Fusion","Replay:Rubber Ducky","MerchantsRug","Lizard Tail","Happy Flower"],"campfire_rested":0,"item_purchase_floors":[5,20,47,47,53],"current_hp_per_floor":[75,75,75,75,75,75,75,57,57,57,58,58,58,65,65,27,75,71,65,65,65,65,48,56,56,56,75,75,75,75,58,58,61,75,75,75,75,75,75,75,75,75,75,75,71,70,70,53,53,53,71,71,71,78,66],"gold":56,"neow_bonus":"THREE_ENEMY_KILL","is_daily":false,"chose_seed":false,"campfire_upgraded":5,"win_rate":0.0,"timestamp":1608946833,"path_taken":["M","?","?","M","$","E","R","?","T","R","M","?","R","M","R","BOSS","M","M","$","?","$","E","M","AVR","T","?","M","?","R","?","R_BF","BOSS","M","?","M","?","AVR","E","R","?","T","R","?","M","$","E","R","BOSS","R","$","E","BOSS"],"items_purchased_type":["Card","Relic","Relic","Relic","Relic"],"build_version":"2020-12-22","purchased_purges":3,"victory":true,"max_hp_per_floor":[75,75,75,75,75,75,75,75,75,75,75,75,75,75,75,75,75,75,75,75,75,75,75,75,75,75,75,75,75,75,75,75,75,75,75,75,75,75,75,75,75,75,75,75,71,71,71,71,71,71,71,71,71,78,78],"card_choices":[{"not_picked":["Undo","Stack"],"picked":"Compile Driver","floor":1},{"not_picked":["Beam Cell","Stack"],"picked":"Conserve Battery","floor":4},{"not_picked":["Streamline","Glacier"],"picked":"Self Repair","floor":6},{"not_picked":["ReplayTheSpireMod:Reroute Power","Doom and Gloom"],"picked":"Panic Button","floor":11},{"not_picked":["Steam","Reinforced Body"],"picked":"Seek","floor":14},{"not_picked":["hubris:SpecializedCircuitry","Reboot"],"picked":"Electrodynamics","floor":16},{"not_picked":["Go for the Eyes","Turbo"],"picked":"Auto Shields+1","floor":18},{"not_picked":["Compile Driver","ReplaySolidLightProjector","Aggregate+1"],"picked":"SKIP","floor":19},{"not_picked":["Steam","hubris:PowerSurge","Go for the Eyes"],"picked":"SKIP","floor":23},{"not_picked":["Time Bomb","Gash"],"picked":"Static Discharge","floor":24},{"not_picked":["Chaos","ReplayTheSpireMod:Calculation Training"],"picked":"Capacitor","floor":27},{"not_picked":["ReplayTheSpireMod:GoodbyeWorld","Go for the Eyes"],"picked":"Barrage+1","floor":28},{"not_picked":["infinitespire:Oblivion","infinitespire:Punishment"],"picked":"infinitespire:UltimateForm","floor":31},{"not_picked":["hubris:SpecializedCircuitry","Machine Learning"],"picked":"Creative AI","floor":33},{"not_picked":["Aggregate+1","Go for the Eyes+1"],"picked":"Conserve Battery","floor":35},{"not_picked":["Gash+1","BasicCrystalCard","Coolheaded"],"picked":"SKIP","floor":37},{"not_picked":["Barrage","Hologram+1"],"picked":"Conserve Battery+1","floor":40},{"not_picked":["BootSequence","hubris:DoWhile"],"picked":"Streamline+1","floor":46},{"not_picked":["Redo+1","Coolheaded+1"],"picked":"Loop","floor":48},{"not_picked":["Beam Cell","Gash"],"picked":"Fission","floor":54}],"player_experience":254668,"relics_obtained":[{"floor":6,"key":"DataDisk"},{"floor":23,"key":"Replay:Bottled Snecko"},{"floor":26,"key":"Bottled Lightning"},{"floor":38,"key":"infinitespire:Bottled Soul"},{"floor":40,"key":"infinitespire:Joker Card"},{"floor":41,"key":"Pen Nib"},{"floor":43,"key":"Oddly Smooth Stone"},{"floor":44,"key":"Anchor"},{"floor":48,"key":"hubris:Teleporter"},{"floor":52,"key":"Carrot"},{"floor":54,"key":"Strawberry"}],"event_choices":[{"cards_removed":["Strike_B"],"damage_healed":0,"gold_gain":0,"player_choice":"Card Removal","damage_taken":0,"max_hp_gain":0,"max_hp_loss":0,"event_name":"The Cleric","floor":2,"gold_loss":50},{"damage_healed":0,"gold_gain":0,"player_choice":"Success","damage_taken":18,"relics_obtained":["Bronze Scales"],"max_hp_gain":0,"max_hp_loss":0,"event_name":"Scrap Ooze","floor":8,"gold_loss":0},{"damage_healed":0,"gold_gain":0,"player_choice":"Copied","damage_taken":0,"max_hp_gain":0,"max_hp_loss":0,"event_name":"Duplicator","floor":21,"gold_loss":0,"cards_obtained":["Self Repair"]},{"damage_healed":0,"gold_gain":0,"player_choice":"Read","damage_taken":0,"max_hp_gain":0,"max_hp_loss":0,"event_name":"The Library","floor":29,"gold_loss":0,"cards_obtained":["Capacitor"]},{"damage_healed":0,"gold_gain":0,"player_choice":"Max HP","damage_taken":0,"max_hp_gain":0,"max_hp_loss":4,"event_name":"Winding Halls","floor":45,"gold_loss":0}],"is_beta":false,"boss_relics":[{"not_picked":["Painkiller Herb","Busted Crown"],"picked":"Replay:Bronze Core"},{"not_picked":["Abe\u0027s Treasure","FrozenCore"],"picked":"infinitespire:Cupcake"}],"items_purged_floors":[25,39,47],"is_endless":false,"potions_floor_spawned":[11,19,33,40,48],"ascension_level":0}}