{"host":"3j7xx3dgykcuif7u","time":1608970303,"event":{"mods":["2.2 Compatiblity","Bard","BaseMod","Better Note","Better Third Choice","BetterRewards","Colored Map","Colored Powertips","Conspire","Custom Start","Downfall","Faster Ascension Climbing","Friendly Minions","GifTheSpireLib","Gremlin Skip","Hermit","Highlight Path","Hubris","Infinite Spire","Mad Scientist","Marisa????????","Mimic Mod","Minty Spire (QoL Compilation)","Permanent Neow","Potionbrewer","Quick Restart","RNG Fix","Relic Sorter","Relic Stats","Replay The Spire","Shop Mod","Somnambulant","StSLib","Stuff the Spire","SuperFastMode","The Blue Laboratory","The Construct","The Disciple","The Jungle","The Mystic","The Servant 0.9.4","vexMod"],"gold_per_floor":[116,116,132,145,145,145,190,190,241,282,314,332,332,347,347,436,436,480,480,480,524,524,524,560,614,614,655,655,655],"floor_reached":28,"playtime":1618,"items_purged":[],"score":438,"play_id":"24ba5953-c94c-4c84-982f-b2af0ff3b921","local_time":"20201226021143","is_ascension_mode":true,"campfire_choices":[{"data":"MasterSpark","floor":6.0,"key":"SMITH"},{"data":"NonDirectionalLaser","floor":8.0,"key":"SMITH"},{"data":"UnstableBomb","floor":13.0,"key":"SMITH"},{"data":"GalacticHalo","floor":15.0,"key":"SMITH"},{"data":"MilkyWay","floor":23.0,"key":"SMITH"}],"circlet_count":0,"master_deck":["AscendersBane","Strike_MRS","Strike_MRS","Strike_MRS","Strike_MRS","Defend_MRS+1","Defend_MRS+1","Defend_MRS+1","Defend_MRS+1","MasterSpark+1","UpSweep+1","UnstableBomb+1","NonDirectionalLaser+1","WitchOfGreed+1","SporeBomb+1","DarkMatter+1","GalacticHalo+1","MilkyWay","MadScienceMod:OmniHammer+1","MilkyWay+1","Acceleration"],"relics":["MiniHakkero","Replay:Ringing Soul","War Paint","Eternal Feather","Smiling Mask","Matryoshka","vexMod:ImprovementManual","Singing Bowl","Lantern","AmplifyWand"],"acts_visited":["Exordium","TheCity"],"potions_floor_usage":[27,28],"damage_taken":[{"damage":4.0,"enemies":"Jaw Worm","floor":1.0,"turns":4.0},{"damage":0.0,"enemies":"Cultist","floor":3.0,"turns":3.0},{"damage":3.0,"enemies":"Small Slimes","floor":4.0,"turns":3.0},{"damage":26.0,"enemies":"Gremlin Nob","floor":7.0,"turns":4.0},{"damage":14.0,"enemies":"3 Sentries","floor":10.0,"turns":7.0},{"damage":9.0,"enemies":"3 Louse","floor":11.0,"turns":3.0},{"damage":0.0,"enemies":"Exordium Wildlife","floor":12.0,"turns":2.0},{"damage":7.0,"enemies":"Exordium Thugs","floor":14.0,"turns":3.0},{"damage":19.0,"enemies":"Hexaghost","floor":16.0,"turns":9.0},{"damage":4.0,"enemies":"Chosen","floor":18.0,"turns":4.0},{"damage":16.0,"enemies":"conspire:FuzzyDice","floor":21.0,"turns":6.0},{"damage":28.0,"enemies":"Snecko","floor":24.0,"turns":5.0},{"damage":21.0,"enemies":"conspire:SneckoGhost","floor":25.0,"turns":8.0},{"damage":21,"enemies":"Snake Plant","floor":27,"turns":4},{"damage":5,"enemies":"conspire:Head Lice","floor":28,"turns":2}],"seed_played":"3560479315021376636","potions_obtained":[{"floor":3.0,"key":"blueLaboratory:HorrorPotion"},{"floor":7.0,"key":"blueLaboratory:BottleOfRum"},{"floor":7.0,"key":"potionbrewer:EndurancePotion"},{"floor":10.0,"key":"Strength Potion"},{"floor":12.0,"key":"infinitespire:BlackPotion"},{"floor":16.0,"key":"blueLaboratory:Moonshine"},{"floor":18.0,"key":"SpeedPotion"},{"floor":21.0,"key":"blueLaboratory:CorrosionFlask"},{"floor":24.0,"key":"blueLaboratory:LouseDecoction"},{"floor":27,"key":"Fire Potion"}],"is_trial":false,"path_per_floor":["M","?","M","M","?","R","E","R","T","E","M","M","R","M","R","B",null,"M","?","?","M","?","R","M","E","T","M","E"],"character_chosen":"MARISA","items_purchased":[],"campfire_rested":0,"item_purchase_floors":[],"current_hp_per_floor":[64,64,67,67,49,49,23,29,29,18,9,12,21,17,26,7,69,68,68,71,55,58,70,42,23,23,5,0,0],"gold":655,"neow_bonus":"UPGRADE_CARD","is_daily":false,"chose_seed":false,"campfire_upgraded":5,"win_rate":0.0,"timestamp":1608970303,"path_taken":["M","?","M","M","?","R","E","R","T","E","M","M","R","M","R","BOSS","M","?","?","?","?","R","?","E","T","M","E"],"items_purchased_type":[],"build_version":"2020-12-22","purchased_purges":0,"victory":false,"max_hp_per_floor":[75,75,78,81,81,81,81,81,81,84,84,87,87,90,90,90,90,93,93,96,96,99,99,99,101,101,104,104,104],"relic_stats":{"Singing Bowl":2,"counters":[15,67],"Eternal Feather":36,"War Paint":["Defend_MRS","Defend_MRS"],"Smiling Mask":0,"obtain_stats":[{"AmplifyWand":26,"Replay:Ringing Soul":2,"Lantern":26,"Matryoshka":10,"Singing Bowl":25,"Eternal Feather":7,"MiniHakkero":0,"War Paint":5,"Smiling Mask":9,"vexMod:ImprovementManual":17},{"AmplifyWand":13,"Replay:Ringing Soul":1,"Lantern":13,"Matryoshka":5,"Singing Bowl":13,"Eternal Feather":4,"MiniHakkero":0,"War Paint":3,"Smiling Mask":4,"vexMod:ImprovementManual":9},{"AmplifyWand":61,"Replay:Ringing Soul":4,"Lantern":61,"Matryoshka":21,"Singing Bowl":61,"Eternal Feather":14,"MiniHakkero":0,"War Paint":10,"Smiling Mask":14,"vexMod:ImprovementManual":38}]},"card_choices":[{"not_picked":["PropBag","MysteriousBeam"],"picked":"UnstableBomb","floor":1.0},{"not_picked":["PowerUp","6A"],"picked":"NonDirectionalLaser","floor":3.0},{"not_picked":["EscapeVelocity","FairyDestructionRay"],"picked":"WitchOfGreed","floor":4.0},{"not_picked":["GravityBeat","AsteroidBelt","ChargeUpSpray"],"picked":"SKIP","floor":7.0},{"not_picked":["NonDirectionalLaser","WitchLeyline"],"picked":"SporeBomb","floor":10.0},{"not_picked":["SporeBomb","WitchLeyline","IllusionStar"],"picked":"SKIP","floor":11.0},{"not_picked":["StarDustReverie","WitchLeyline"],"picked":"DarkMatter","floor":12.0},{"not_picked":["Acceleration","MysteriousBeam"],"picked":"GalacticHalo","floor":14.0},{"not_picked":["LuminesStrike","ChargingUp"],"picked":"MilkyWay","floor":18.0},{"not_picked":["6A","GravityBeat","WitchLeyline"],"picked":"SKIP","floor":21.0},{"not_picked":["FairyDestructionRay","IllusionStar","6A"],"picked":"SKIP","floor":24.0},{"not_picked":["EnergyRecoil","WitchLeyline","EventHorizon+1"],"picked":"Singing Bowl","floor":25.0},{"not_picked":["GrandCross","RefractionSpark"],"picked":"Acceleration","floor":27}],"player_experience":951877,"relics_obtained":[{"floor":2.0,"key":"Replay:Ringing Soul"},{"floor":7.0,"key":"Eternal Feather"},{"floor":9.0,"key":"Smiling Mask"},{"floor":10.0,"key":"Matryoshka"},{"floor":25.0,"key":"Singing Bowl"},{"floor":26.0,"key":"Lantern"},{"floor":26.0,"key":"AmplifyWand"}],"event_choices":[{"damage_healed":0.0,"max_hp_gain":0.0,"max_hp_loss":0.0,"gold_gain":1.0,"event_name":"betterThird:BetterScrap","player_choice":"Relic ","floor":5.0,"gold_loss":0.0,"damage_taken":18.0,"cards_obtained":["ReplayTheSpireMod:LeadingStrike"]},{"cards_removed":["WitchOfGreed"],"damage_healed":0.0,"max_hp_gain":0.0,"max_hp_loss":0.0,"gold_gain":0.0,"event_name":"betterNote:BetterNote","player_choice":"Take \u0026 Give","floor":20.0,"gold_loss":0.0,"damage_taken":0.0,"cards_obtained":["MadScienceMod:OmniHammer"]}],"is_beta":false,"boss_relics":[{"not_picked":["vexMod:MegatonBomb","StuffTheSpire:RunicHypercube"],"picked":"vexMod:ImprovementManual"}],"items_purged_floors":[],"is_endless":false,"potions_floor_spawned":[3,7,10,12,18,24,25,27],"killed_by":"conspire:Head Lice","ascension_level":13}}