{"host":"BK","time":1608950111,"event":{"mods":["BaseMod","Highlight Path","Minty Spire (QoL Compilation)","StSLib"],"gold_per_floor":[117,137,187,205,224,256,256,256,256,256,266,283,300,310,310,387,387,399,314,314,66,85,114,127,127,127],"floor_reached":25,"playtime":1136,"items_purged":["Writhe"],"score":454,"play_id":"5d845070-8674-4ae3-a503-1d6b60fc34f2","local_time":"20201225193511","is_ascension_mode":true,"campfire_choices":[{"data":"CutThroughFate","floor":7.0,"key":"SMITH"},{"data":"FollowUp","floor":10.0,"key":"SMITH"},{"floor":15.0,"key":"REST"}],"circlet_count":0,"master_deck":["AscendersBane","Strike_P","Strike_P","Defend_P","Defend_P","Defend_P","Defend_P","Eruption","Vigilance","Tantrum","FollowUp+1","CutThroughFate+1","WaveOfTheHand","Protect","FlurryOfBlows","EmptyFist","Brilliance","Wireheading","Worship+1","Protect+1"],"relics":["SacredBark","Strawberry","Eternal Feather","Matryoshka","Empty Cage","FossilizedHelix","Lantern","ClockworkSouvenir","Prayer Wheel"],"acts_visited":["Exordium","TheCity"],"potions_floor_usage":[25,25],"damage_taken":[{"damage":6.0,"enemies":"Small Slimes","floor":1.0,"turns":4.0},{"damage":0.0,"enemies":"Cultist","floor":2.0,"turns":2.0},{"damage":0.0,"enemies":"2 Louse","floor":4.0,"turns":1.0},{"damage":4.0,"enemies":"Looter","floor":5.0,"turns":3.0},{"damage":8.0,"enemies":"Gremlin Nob","floor":6.0,"turns":3.0},{"damage":10.0,"enemies":"Exordium Wildlife","floor":11.0,"turns":4.0},{"damage":13.0,"enemies":"Blue Slaver","floor":12.0,"turns":5.0},{"damage":6.0,"enemies":"Red Slaver","floor":13.0,"turns":3.0},{"damage":7.0,"enemies":"Exordium Wildlife","floor":14.0,"turns":4.0},{"damage":12.0,"enemies":"Slime Boss","floor":16.0,"turns":8.0},{"damage":0.0,"enemies":"Chosen","floor":18.0,"turns":3.0},{"damage":3.0,"enemies":"3 Byrds","floor":22.0,"turns":5.0},{"damage":2.0,"enemies":"Gremlin Leader","floor":23.0,"turns":6.0},{"damage":10.0,"enemies":"Snecko","floor":24.0,"turns":4.0},{"damage":52,"enemies":"Slavers","floor":25,"turns":5}],"seed_played":"3154782535351437659","potions_obtained":[{"floor":1.0,"key":"Strength Potion"},{"floor":2.0,"key":"Explosive Potion"},{"floor":4.0,"key":"Ambrosia"},{"floor":13.0,"key":"SkillPotion"},{"floor":24.0,"key":"LiquidMemories"}],"is_trial":false,"path_per_floor":["M","M","?","M","M","E","R","T","T","R","M","M","M","M","R","B",null,"M","?","?","$","M","E","M","E"],"character_chosen":"WATCHER","items_purchased":["ClockworkSouvenir"],"campfire_rested":1,"item_purchase_floors":[21],"current_hp_per_floor":[55,55,49,49,45,44,44,44,44,53,43,30,24,17,48,36,65,65,65,65,65,62,60,50,0,0],"gold":127,"neow_bonus":"BOSS_RELIC","is_daily":false,"chose_seed":false,"campfire_upgraded":2,"win_rate":0.0,"timestamp":1608950111,"path_taken":["M","M","?","M","?","E","R","?","T","R","M","M","?","M","R","BOSS","M","?","?","$","M","E","M","E"],"items_purchased_type":["Relic"],"build_version":"2020-12-18","purchased_purges":1,"victory":false,"max_hp_per_floor":[68,68,68,68,68,75,75,75,75,75,75,75,75,75,75,75,75,75,75,75,75,75,75,75,75,75],"card_choices":[{"not_picked":["CutThroughFate","EmptyBody"],"picked":"Tantrum","floor":1.0},{"not_picked":["Weave","Prostrate"],"picked":"FollowUp","floor":2.0},{"not_picked":["Pray","Crescendo","ForeignInfluence"],"picked":"SKIP","floor":4.0},{"not_picked":["ThirdEye","JustLucky"],"picked":"CutThroughFate","floor":5.0},{"not_picked":["DevaForm","Tantrum"],"picked":"WaveOfTheHand","floor":6.0},{"not_picked":["Halt","EmptyFist"],"picked":"Protect","floor":11.0},{"not_picked":["Halt","InnerPeace"],"picked":"FlurryOfBlows","floor":12.0},{"not_picked":["JustLucky","Study"],"picked":"EmptyFist","floor":13.0},{"not_picked":["FlurryOfBlows","PathToVictory","CrushJoints"],"picked":"SKIP","floor":14.0},{"not_picked":["Devotion","Ragnarok"],"picked":"Brilliance","floor":16.0},{"not_picked":["FlurryOfBlows","Nirvana"],"picked":"Wireheading","floor":18.0},{"not_picked":["CrushJoints","Nirvana","Crescendo"],"picked":"SKIP","floor":22.0},{"not_picked":["Wish","EmptyFist"],"picked":"Worship+1","floor":23.0},{"not_picked":["Perseverance","FlurryOfBlows"],"picked":"Protect+1","floor":24.0},{"not_picked":["WaveOfTheHand","Swivel","Consecrate+1"],"picked":"SKIP","floor":24.0}],"player_experience":2431923,"relics_obtained":[{"floor":6.0,"key":"Strawberry"},{"floor":8.0,"key":"Eternal Feather"},{"floor":9.0,"key":"Matryoshka"},{"floor":23.0,"key":"Prayer Wheel"}],"event_choices":[{"damage_healed":0.0,"max_hp_gain":0.0,"max_hp_loss":0.0,"gold_gain":50.0,"event_name":"FaceTrader","player_choice":"Touch","floor":3.0,"gold_loss":0.0,"damage_taken":6.0},{"damage_healed":0.0,"max_hp_gain":0.0,"max_hp_loss":0.0,"gold_gain":0.0,"event_name":"Addict","player_choice":"Obtained Relic","floor":19.0,"gold_loss":85.0,"damage_taken":0.0,"relics_obtained":["FossilizedHelix"]},{"damage_healed":0.0,"max_hp_gain":0.0,"max_hp_loss":0.0,"gold_gain":0.0,"event_name":"The Mausoleum","player_choice":"Opened","floor":20.0,"gold_loss":0.0,"damage_taken":0.0,"relics_obtained":["Lantern"],"cards_obtained":["Writhe"]}],"is_beta":true,"boss_relics":[{"not_picked":["Sozu","Snecko Eye"],"picked":"Empty Cage"}],"items_purged_floors":[21],"is_endless":false,"potions_floor_spawned":[1,2,4,13,14,18,24],"killed_by":"Slavers","ascension_level":20}}