{"host":"63rwe7p34ct1i0qu","time":1608983360,"event":{"mods":["BaseMod","Colored Map","DeckTracker","Minty Spire (QoL Compilation)","Permanent Neow","Quick Restart","StSLib"],"gold_per_floor":[11,23,35,0,0,0,38,73,110,142,154,199,66,91,91,212,212,231,231,245,97,97,97],"floor_reached":22,"playtime":4486,"items_purged":["Strike_R"],"score":314,"play_id":"a1227b8b-c85e-4b0e-86e8-e727d892085f","local_time":"20201226204920","is_ascension_mode":true,"campfire_choices":[{"data":"Demon Form","floor":6,"key":"SMITH"},{"floor":11,"key":"REST"},{"data":"Sword Boomerang","floor":15,"key":"SMITH"}],"circlet_count":0,"master_deck":["AscendersBane","Strike_R","Strike_R","Strike_R","Strike_R","Defend_R","Defend_R","Defend_R","Defend_R","Bash","Demon Form+1","Headbutt","Sword Boomerang+1","Immolate","Ghostly Armor","Shrug It Off","Offering","Demon Form","Enlightenment"],"relics":["Burning Blood","Golden Idol","MawBank","Tiny Chest","Red Skull","SlaversCollar","Orichalcum"],"acts_visited":["Exordium","TheCity"],"potions_floor_usage":[20,22],"damage_taken":[{"damage":1,"enemies":"Small Slimes","floor":1,"turns":4},{"damage":12,"enemies":"Jaw Worm","floor":2,"turns":3},{"damage":11,"enemies":"Cultist","floor":3,"turns":4},{"damage":15,"enemies":"Lagavulin","floor":7,"turns":5},{"damage":25,"enemies":"Lots of Slimes","floor":8,"turns":3},{"damage":21,"enemies":"Exordium Wildlife","floor":10,"turns":5},{"damage":20,"enemies":"3 Sentries","floor":12,"turns":3},{"damage":0,"enemies":"Blue Slaver","floor":14,"turns":3},{"damage":29,"enemies":"Slime Boss","floor":16,"turns":7},{"damage":32,"enemies":"3 Byrds","floor":18,"turns":4},{"damage":22,"enemies":"Shell Parasite","floor":20,"turns":5},{"damage":27,"enemies":"Centurion and Healer","floor":22,"turns":3}],"seed_played":"3130680835090696085","potions_obtained":[{"floor":3,"key":"Strength Potion"},{"floor":7,"key":"Energy Potion"},{"floor":20,"key":"BloodPotion"}],"is_trial":false,"path_per_floor":["M","M","M","?","?","R","E","M","T","M","R","E","$","M","R","B",null,"M","?","M","$","M"],"character_chosen":"IRONCLAD","items_purchased":["Offering","Orichalcum"],"campfire_rested":1,"item_purchase_floors":[13,21],"current_hp_per_floor":[77,71,66,80,60,60,51,32,32,17,41,27,27,33,33,10,63,37,25,25,25,0,0],"gold":97,"neow_bonus":"THREE_RARE_CARDS","is_daily":false,"chose_seed":false,"campfire_upgraded":2,"win_rate":0.0,"timestamp":1608983360,"path_taken":["M","M","M","?","?","R","E","M","T","M","R","E","?","M","R","BOSS","M","?","?","$","M"],"items_purchased_type":["Card","Relic"],"build_version":"2020-12-22","purchased_purges":1,"victory":false,"max_hp_per_floor":[80,80,80,80,80,80,80,80,80,80,80,80,80,80,80,80,80,80,80,80,80,80,80],"card_choices":[{"not_picked":["Exhume","Double Tap"],"picked":"Demon Form","floor":0},{"not_picked":["Thunderclap","Anger"],"picked":"Headbutt","floor":1},{"not_picked":["Dual Wield","Combust","Pommel Strike"],"picked":"SKIP","floor":2},{"not_picked":["Cleave","Perfected Strike"],"picked":"Sword Boomerang","floor":3},{"not_picked":["Pommel Strike","Reckless Charge"],"picked":"Immolate","floor":7},{"not_picked":["Clash","Body Slam"],"picked":"Ghostly Armor","floor":8},{"not_picked":["Warcry","Carnage","Clothesline"],"picked":"SKIP","floor":10},{"not_picked":["Perfected Strike","Rupture"],"picked":"Shrug It Off","floor":12},{"not_picked":["Searing Blow","Havoc","Body Slam"],"picked":"SKIP","floor":14},{"not_picked":["Offering","Corruption"],"picked":"Demon Form","floor":16},{"not_picked":["Clash+1","Wild Strike+1","Reckless Charge"],"picked":"SKIP","floor":18},{"not_picked":["Fire Breathing+1","Sever Soul","Flame Barrier"],"picked":"SKIP","floor":20}],"player_experience":819560,"relics_obtained":[{"floor":7,"key":"MawBank"},{"floor":9,"key":"Tiny Chest"},{"floor":12,"key":"Red Skull"}],"event_choices":[{"damage_healed":20,"gold_gain":0,"player_choice":"Healed","damage_taken":0,"max_hp_gain":0,"max_hp_loss":0,"event_name":"The Cleric","floor":4,"gold_loss":35},{"damage_healed":0,"gold_gain":0,"player_choice":"Take Damage","damage_taken":20,"relics_obtained":["Golden Idol"],"max_hp_gain":0,"max_hp_loss":0,"event_name":"Golden Idol","floor":5,"gold_loss":0},{"damage_healed":0,"gold_gain":0,"player_choice":"CARD ","damage_taken":12,"max_hp_gain":0,"max_hp_loss":0,"event_name":"Knowing Skull","floor":19,"potions_obtained":[],"gold_loss":0,"cards_obtained":["Enlightenment"]}],"is_beta":false,"boss_relics":[{"not_picked":["Runic Pyramid","Snecko Eye"],"picked":"SlaversCollar"}],"items_purged_floors":[13],"is_endless":false,"potions_floor_spawned":[3,7,14,16,20],"killed_by":"Centurion and Healer","ascension_level":12}}