{"host":"zzf13dk0jcen0ncv","time":1608966556,"event":{"mods":["AchievementEnabler","BaseMod","BetterRewards","Colored Map","Keyboard Shortcuts","Minty Spire (QoL Compilation)","Quick Restart","Shop Mod","StSLib","SuperFastMode","Waifu the Spire"],"gold_per_floor":[119,0,0,0,0,41,41,26,26,65,80,80,80,94,94,193,193,209,225,240,3,28,28,372,372,372,60,96,115,139,139,139,228,228,248,248,248,0,13,13,37,71,119,134,159,193,193,234,234,234,234,234,234,0,31,31],"floor_reached":57,"playtime":2116,"items_purged":["Strike_B","Strike_B","Strike_B"],"score":3847,"play_id":"8cfbf134-d80d-40a8-be87-73c75ffb9614","local_time":"20201226160916","is_ascension_mode":true,"campfire_choices":[{"data":"Apotheosis","floor":7,"key":"SMITH"},{"floor":12,"key":"RECALL"},{"data":"Amplify","floor":15,"key":"SMITH"},{"data":"Trip","floor":23,"key":"SMITH"},{"data":"Recycle","floor":32,"key":"SMITH"},{"data":"Panacea","floor":40,"key":"SMITH"},{"floor":47,"key":"REST"},{"data":"Double Energy","floor":49,"key":"SMITH"},{"data":"Chill","floor":53,"key":"SMITH"}],"circlet_count":0,"master_deck":["AscendersBane","Defend_B","Defend_B","Defend_B+1","Defend_B+1","Zap","Dualcast+1","Electrodynamics+1","Doom and Gloom","Apotheosis+1","Deep Breath","Amplify+1","Capacitor+1","Chill+1","Capacitor+1","Turbo","Sadistic Nature+1","Double Energy+1","Go for the Eyes","Sadistic Nature+1","Storm+1","Dark Shackles","Sadistic Nature+1","Turbo","Static Discharge+1","Self Repair+1","Coolheaded","Trip+1","Steam Power","Cold Snap","Fusion","Chaos","Buffer+1","Undo","Turbo+1","Recycle+1","Panacea+1","Sadistic Nature+1","BootSequence","Creative AI+1","Heatsinks+1","Loop+1","Defragment+1","Machine Learning+1","Static Discharge+1","Steam Power+1","Turbo","Tempest+1","Steam Power+1","Echo Form+1","Heatsinks+1","Force Field","Aggregate","Coolheaded"],"relics":["Cracked Core","Nunchaku","Bag of Marbles","Bag of Preparation","Frozen Egg 2","HandDrill","Matryoshka","Kunai","Dead Branch","Bird Faced Urn","Runic Capacitor","Membership Card","Lantern","Orichalcum","ClockworkSouvenir","War Paint","Pantograph","Golden Idol","Bottled Tornado","Bronze Scales","StrikeDummy","Shuriken","Runic Pyramid","Art of War","Question Card","Toy Ornithopter","Old Coin","Mercury Hourglass","Bottled Lightning","Meat on the Bone","Boot","Black Star","Lizard Tail","Oddly Smooth Stone","Pen Nib","CaptainsWheel","Regal Pillow","Letter Opener","Omamori","Blue Candle","Happy Flower","Mummified Hand","Torii","Anchor"],"acts_visited":["Exordium","TheCity","TheBeyond","TheEnding"],"potions_floor_usage":[16,51,53,56,56],"damage_taken":[{"damage":7,"enemies":"Jaw Worm","floor":1,"turns":3},{"damage":3,"enemies":"Gremlin Nob","floor":6,"turns":3},{"damage":4,"enemies":"3 Sentries","floor":10,"turns":2},{"damage":0,"enemies":"2 Louse","floor":11,"turns":1},{"damage":0,"enemies":"Small Slimes","floor":14,"turns":2},{"damage":24,"enemies":"Hexaghost","floor":16,"turns":5},{"damage":0,"enemies":"Shell Parasite","floor":18,"turns":1},{"damage":4,"enemies":"3 Byrds","floor":19,"turns":1},{"damage":0,"enemies":"Centurion and Healer","floor":20,"turns":2},{"damage":4,"enemies":"Book of Stabbing","floor":24,"turns":2},{"damage":0,"enemies":"Gremlin Leader","floor":28,"turns":2},{"damage":0,"enemies":"3 Cultists","floor":29,"turns":2},{"damage":0,"enemies":"Snake Plant","floor":30,"turns":3},{"damage":0,"enemies":"Automaton","floor":33,"turns":4},{"damage":0,"enemies":"3 Darklings","floor":35,"turns":2},{"damage":0,"enemies":"3 Shapes","floor":39,"turns":1},{"damage":0,"enemies":"Writhing Mass","floor":41,"turns":4},{"damage":0,"enemies":"Reptomancer","floor":42,"turns":2},{"damage":0,"enemies":"3 Darklings","floor":44,"turns":2},{"damage":6,"enemies":"4 Shapes","floor":45,"turns":2},{"damage":23,"enemies":"Giant Head","floor":46,"turns":6},{"damage":0,"enemies":"Reptomancer","floor":48,"turns":4},{"damage":10,"enemies":"Donu and Deca","floor":50,"turns":3},{"damage":31,"enemies":"Time Eater","floor":51,"turns":4},{"damage":11,"enemies":"Shield and Spear","floor":55,"turns":3},{"damage":3,"enemies":"The Heart","floor":56,"turns":5}],"seed_played":"-5492717504600587552","potions_obtained":[{"floor":1,"key":"EssenceOfSteel"},{"floor":14,"key":"FairyPotion"},{"floor":16,"key":"EntropicBrew"},{"floor":19,"key":"DuplicationPotion"},{"floor":45,"key":"DistilledChaos"},{"floor":55,"key":"Dexterity Potion"}],"is_trial":false,"path_per_floor":["M","$","?","?","$","E","R","$","T","E","M","R","?","M","R","B",null,"M","M","M","$","T","R","E","T","T","$","E","M","M","?","R","B",null,"M","?","?","$","M","R","M","E","T","M","M","E","R","E","R","B","B",null,"R","$","E","B",null],"character_chosen":"DEFECT","items_purchased":["Electrodynamics","Nunchaku","Bag of Marbles","Doom and Gloom","Bag of Preparation","Frozen Egg 2","HandDrill","Matryoshka","Apotheosis","Kunai","Deep Breath","Amplify","Capacitor+1","Chill","Dead Branch","Bird Faced Urn","Runic Capacitor","Capacitor+1","Turbo","Sadistic Nature+1","Double Energy","Go for the Eyes","Membership Card","Lantern","Orichalcum","Sadistic Nature+1","Storm+1","Dark Shackles","ClockworkSouvenir","Sadistic Nature+1","War Paint","Pantograph","Turbo","Blizzard","Self Repair+1","Coolheaded","Trip","Cold Snap","Art of War","Panacea","Sadistic Nature+1","BootSequence","Bottled Lightning","Heatsinks+1","Meat on the Bone","Lizard Tail","Oddly Smooth Stone","Mummified Hand","Heatsinks+1","Force Field","Aggregate"],"campfire_rested":1,"item_purchase_floors":[0,0,0,0,0,0,0,0,0,0,0,0,0,0,0,0,0,0,0,0,0,0,0,0,0,0,0,0,0,0,0,0,0,0,2,2,2,8,21,21,21,21,27,27,27,38,38,54,54,54,54],"current_hp_per_floor":[67,67,46,46,46,64,64,64,64,60,64,64,64,64,64,62,64,64,60,64,64,64,64,64,64,64,64,64,64,64,64,64,64,64,64,64,64,64,64,64,64,64,64,64,64,55,64,64,64,64,53,61,64,64,55,64],"gold":31,"neow_bonus":"","is_daily":false,"chose_seed":false,"campfire_upgraded":7,"win_rate":0.0,"timestamp":1608966556,"path_taken":["M","$","?","?","?","E","R","$","T","E","M","R","?","M","R","BOSS","M","M","M","$","?","R","E","?","T","$","E","M","?","?","R","BOSS","M","?","?","$","?","R","M","E","T","M","M","E","R","E","R","BOSS","BOSS","R","$","E","BOSS"],"items_purchased_type":["Card","Relic","Relic","Card","Relic","Relic","Relic","Relic","Card","Relic","Card","Card","Card","Card","Relic","Relic","Relic","Card","Card","Card","Card","Card","Relic","Relic","Relic","Card","Card","Card","Relic","Card","Relic","Relic","Card","Card","Card","Card","Card","Card","Relic","Card","Card","Card","Relic","Card","Relic","Relic","Relic","Relic","Card","Card","Card"],"build_version":"2020-12-22","purchased_purges":3,"victory":true,"max_hp_per_floor":[71,71,71,64,64,64,64,64,64,64,64,64,64,64,64,64,64,64,64,64,64,64,64,64,64,64,64,64,64,64,64,64,64,64,64,64,64,64,64,64,64,64,64,64,64,64,64,64,64,64,64,64,64,64,64,64],"card_choices":[{"not_picked":["Recycle","Barrage"],"picked":"Static Discharge+1","floor":1},{"not_picked":["Stack","All For One"],"picked":"Steam Power","floor":6},{"not_picked":["Streamline","Leap","Darkness"],"picked":"SKIP","floor":10},{"not_picked":["Aggregate","Ball Lightning"],"picked":"Fusion","floor":11},{"not_picked":["Blizzard","Ball Lightning"],"picked":"Chaos","floor":14},{"not_picked":["Meteor Strike","Fission"],"picked":"Buffer+1","floor":16},{"not_picked":["Self Repair+1","Barrage"],"picked":"Undo","floor":18},{"not_picked":["Steam","Lockon"],"picked":"Turbo+1","floor":19},{"not_picked":["Fusion","Hologram"],"picked":"Recycle","floor":20},{"not_picked":["Reprogram","Steam","Scrape"],"picked":"Creative AI+1","floor":24},{"not_picked":["Aggregate","Compile Driver","Turbo","Self Repair+1"],"picked":"SKIP","floor":28},{"not_picked":["Heatsinks+1","Redo","Compile Driver"],"picked":"Loop+1","floor":29},{"not_picked":["Steam","Streamline+1","Gash"],"picked":"Defragment+1","floor":30},{"not_picked":["Hyperbeam","Thunder Strike","Rainbow"],"picked":"Machine Learning+1","floor":33},{"not_picked":["Gash+1","Doom and Gloom+1","Beam Cell"],"picked":"Static Discharge+1","floor":35},{"not_picked":["Leap+1","Lockon","Rip and Tear+1","Streamline+1"],"picked":"SKIP","floor":39},{"not_picked":["Ball Lightning+1","Hello World+1","Reprogram"],"picked":"Steam Power+1","floor":41},{"not_picked":["Sweeping Beam","Steam","Stack"],"picked":"Turbo","floor":42},{"not_picked":["Ball Lightning","Cold Snap","Rip and Tear"],"picked":"Tempest+1","floor":44},{"not_picked":["Go for the Eyes","Rebound+1","Redo+1"],"picked":"Steam Power+1","floor":45},{"not_picked":["Beam Cell+1","Glacier","Force Field"],"picked":"Echo Form+1","floor":46},{"not_picked":["Hologram","Genetic Algorithm+1","Fusion","Compile Driver"],"picked":"SKIP","floor":48},{"not_picked":["Conserve Battery","Ball Lightning","Leap"],"picked":"Coolheaded","floor":55}],"player_experience":915440,"relics_obtained":[{"floor":6,"key":"Bottled Tornado"},{"floor":9,"key":"Bronze Scales"},{"floor":9,"key":"StrikeDummy"},{"floor":10,"key":"Shuriken"},{"floor":22,"key":"Question Card"},{"floor":22,"key":"Toy Ornithopter"},{"floor":24,"key":"Old Coin"},{"floor":26,"key":"Mercury Hourglass"},{"floor":28,"key":"Boot"},{"floor":42,"key":"Pen Nib"},{"floor":42,"key":"CaptainsWheel"},{"floor":43,"key":"Regal Pillow"},{"floor":46,"key":"Letter Opener"},{"floor":46,"key":"Omamori"},{"floor":48,"key":"Blue Candle"},{"floor":48,"key":"Happy Flower"},{"floor":55,"key":"Torii"},{"floor":55,"key":"Anchor"}],"event_choices":[{"damage_healed":0,"gold_gain":0,"player_choice":"Entered Light","damage_taken":21,"max_hp_gain":0,"max_hp_loss":0,"event_name":"Shining Light","floor":3,"gold_loss":0,"cards_upgraded":["Defend_B","Electrodynamics"]},{"damage_healed":0,"gold_gain":0,"player_choice":"Lose Max HP","damage_taken":0,"relics_obtained":["Golden Idol"],"max_hp_gain":0,"max_hp_loss":7,"event_name":"Golden Idol","floor":4,"gold_loss":0},{"damage_healed":0,"gold_gain":0,"cards_transformed":["Strike_B"],"player_choice":"Transformed","damage_taken":0,"max_hp_gain":0,"max_hp_loss":0,"event_name":"Transmorgrifier","floor":13,"gold_loss":0,"cards_obtained":["Rebound"]},{"cards_removed":["Rebound"],"damage_healed":0,"gold_gain":0,"player_choice":"Elegance","damage_taken":0,"max_hp_gain":0,"max_hp_loss":0,"event_name":"Back to Basics","floor":31,"gold_loss":0},{"cards_removed":["Blizzard"],"damage_healed":0,"gold_gain":0,"player_choice":"Removed Attack","damage_taken":0,"max_hp_gain":0,"max_hp_loss":0,"event_name":"Falling","floor":36,"gold_loss":0},{"damage_healed":0,"gold_gain":0,"player_choice":"Ignored","damage_taken":0,"max_hp_gain":0,"max_hp_loss":0,"event_name":"SecretPortal","floor":37,"gold_loss":0}],"is_beta":false,"boss_relics":[{"not_picked":["SlaversCollar","Ectoplasm"],"picked":"Runic Pyramid"},{"not_picked":["Pandora\u0027s Box","Snecko Eye"],"picked":"Black Star"}],"items_purged_floors":[0,0,0],"is_endless":false,"potions_floor_spawned":[1,14,16,19,20,41,42,45,48,55],"ascension_level":20}}