{"host":"l1ihaotq1cxp1b6b","time":1608990656,"event":{"mods":["AchievementEnabler","BaseMod","Colored Map","Custom Start","DeckTracker","Minty Spire (QoL Compilation)","StSLib","SuperFastMode","everything is the same but u backflip on backflip"],"gold_per_floor":[118,43,54,54,2,37,37,48,98,98,98,98,98],"floor_reached":12,"playtime":146,"items_purged":[],"score":202,"play_id":"a2596010-5931-4933-820a-d115a94273fb","local_time":"20201226225056","is_ascension_mode":true,"campfire_choices":[{"data":"Zap","floor":7,"key":"SMITH"},{"data":"Creative AI","floor":10,"key":"SMITH"}],"circlet_count":0,"master_deck":["AscendersBane","Strike_B","Strike_B","Strike_B","Defend_B","Defend_B","Defend_B","Defend_B+1","Zap+1","Dualcast+1","Cold Snap","Redo","Sweeping Beam","Scrape","Creative AI+1"],"relics":["Cracked Core","NeowsBlessing","Centennial Puzzle","Blood Vial"],"acts_visited":["Exordium"],"potions_floor_usage":[],"damage_taken":[{"damage":0,"enemies":"Cultist","floor":1,"turns":1},{"damage":0,"enemies":"2 Louse","floor":3,"turns":1},{"damage":0,"enemies":"Gremlin Nob","floor":6,"turns":1},{"damage":0,"enemies":"Small Slimes","floor":8,"turns":3},{"damage":53,"enemies":"3 Sentries","floor":12,"turns":5}],"seed_played":"2094352591177466896","potions_obtained":[{"floor":1,"key":"Weak Potion"},{"floor":3,"key":"PotionOfCapacity"}],"is_trial":true,"path_per_floor":["M","?","M","?","$","E","R","M","T","R","?","E"],"character_chosen":"DEFECT","items_purchased":["Sweeping Beam"],"campfire_rested":0,"item_purchase_floors":[5],"current_hp_per_floor":[64,64,64,43,43,43,43,43,43,43,48,0,0],"gold":98,"neow_bonus":"","is_daily":false,"chose_seed":false,"campfire_upgraded":2,"win_rate":0.0,"timestamp":1608990656,"path_taken":["M","?","M","?","$","E","R","M","T","R","?","E"],"items_purchased_type":["Card"],"build_version":"2020-12-22","purchased_purges":0,"victory":false,"max_hp_per_floor":[71,71,71,71,71,71,71,71,71,71,76,76,76],"card_choices":[{"not_picked":["Redo","Melter"],"picked":"Cold Snap","floor":1},{"not_picked":["Genetic Algorithm","Leap"],"picked":"Redo","floor":3},{"not_picked":["Hello World","Rebound"],"picked":"Scrape","floor":6},{"not_picked":["Tempest","BootSequence"],"picked":"Creative AI","floor":8}],"player_experience":530993,"relics_obtained":[{"floor":6,"key":"Centennial Puzzle"},{"floor":9,"key":"Blood Vial"}],"event_choices":[{"cards_removed":["Strike_B"],"damage_healed":0,"gold_gain":0,"player_choice":"Card Removal","damage_taken":0,"max_hp_gain":0,"max_hp_loss":0,"event_name":"The Cleric","floor":2,"gold_loss":75},{"damage_healed":0,"gold_gain":0,"player_choice":"Entered Light","damage_taken":21,"max_hp_gain":0,"max_hp_loss":0,"event_name":"Shining Light","floor":4,"gold_loss":0,"cards_upgraded":["Defend_B","Dualcast"]},{"damage_healed":0,"gold_gain":0,"player_choice":"Donut","damage_taken":0,"max_hp_gain":5,"max_hp_loss":0,"event_name":"Big Fish","floor":11,"gold_loss":0}],"is_beta":false,"boss_relics":[],"items_purged_floors":[],"is_endless":false,"potions_floor_spawned":[1,3],"killed_by":"3 Sentries","ascension_level":20}}