{"host":"f6f8cjhjgha9mpdq","time":1608986081,"event":{"mods":["BaseMod","Emptier Cage","Minty Spire (QoL Compilation)","Permanent Neow","StSLib","SuperFastMode"],"gold_per_floor":[119,194,194,194,212,243,262,262,286,304,187,218,183,218,218,290,290,260,260,160,172,192,192,192,192],"floor_reached":24,"playtime":1025,"items_purged":["Defend_G","Strike_G"],"score":515,"play_id":"bc3bfca5-a8fd-4175-b97f-749672c27699","local_time":"20201226213441","is_ascension_mode":true,"campfire_choices":[{"data":"Cloak And Dagger","floor":8,"key":"SMITH"},{"data":"Predator","floor":15,"key":"SMITH"},{"data":"Tactician","floor":23,"key":"SMITH"}],"circlet_count":0,"master_deck":["AscendersBane","Strike_G","Strike_G","Strike_G","Strike_G","Defend_G","Defend_G","Defend_G","Defend_G+1","Survivor","Neutralize","Choke+1","Blade Dance+1","Cloak And Dagger+1","Acrobatics","Leg Sweep","Doppelganger","Predator+1","After Image","Tactician+1","Prepared+1"],"relics":["Runic Dome","Ancient Tea Set","Blood Vial","War Paint","Nunchaku","Meat on the Bone","Black Star"],"acts_visited":["Exordium","TheCity"],"potions_floor_usage":[12,14,22],"damage_taken":[{"damage":1,"enemies":"2 Louse","floor":1,"turns":3},{"damage":0,"enemies":"Small Slimes","floor":5,"turns":5},{"damage":27,"enemies":"3 Sentries","floor":6,"turns":10},{"damage":0,"enemies":"Cultist","floor":7,"turns":2},{"damage":0,"enemies":"Looter","floor":10,"turns":3},{"damage":0,"enemies":"Lagavulin","floor":12,"turns":4},{"damage":0,"enemies":"Gremlin Nob","floor":14,"turns":2},{"damage":20,"enemies":"Hexaghost","floor":16,"turns":9},{"damage":15,"enemies":"2 Thieves","floor":18,"turns":4},{"damage":0,"enemies":"Chosen","floor":21,"turns":3},{"damage":8,"enemies":"Centurion and Healer","floor":22,"turns":6},{"damage":56,"enemies":"Gremlin Leader","floor":24,"turns":7}],"seed_played":"-1619750035435808183","potions_obtained":[{"floor":5,"key":"Energy Potion"},{"floor":6,"key":"Weak Potion"},{"floor":21,"key":"AttackPotion"}],"is_trial":false,"path_per_floor":["M","?","?","?","M","E","M","R","T","M","$","E","?","E","R","B",null,"M","?","$","M","M","R","E"],"character_chosen":"THE_SILENT","items_purchased":["Leg Sweep"],"campfire_rested":0,"item_purchase_floors":[11],"current_hp_per_floor":[58,47,42,42,42,15,17,17,17,19,19,21,37,39,39,33,58,45,58,58,60,54,54,0,0],"gold":192,"neow_bonus":"BOSS_RELIC","is_daily":false,"chose_seed":false,"campfire_upgraded":3,"win_rate":0.0,"timestamp":1608986081,"path_taken":["M","?","?","?","M","E","?","R","T","M","$","E","?","E","R","BOSS","M","?","$","M","M","R","E"],"items_purchased_type":["Card"],"build_version":"2020-12-22","purchased_purges":2,"victory":false,"max_hp_per_floor":[66,66,66,66,66,66,66,66,66,66,66,66,66,66,66,66,66,66,66,66,66,66,66,66,66],"card_choices":[{"not_picked":["Outmaneuver","Reflex"],"picked":"Choke","floor":1},{"not_picked":["Riddle With Holes","Deadly Poison"],"picked":"Blade Dance","floor":5},{"not_picked":["Deadly Poison","Deflect","Dagger Spray"],"picked":"SKIP","floor":6},{"not_picked":["Prepared","Blade Dance"],"picked":"Cloak And Dagger","floor":7},{"not_picked":["PiercingWail","Slice"],"picked":"Acrobatics","floor":10},{"not_picked":["Blade Dance","Sucker Punch"],"picked":"Doppelganger","floor":12},{"not_picked":["Night Terror","A Thousand Cuts"],"picked":"Predator","floor":14},{"not_picked":["Die Die Die","Corpse Explosion"],"picked":"After Image","floor":16},{"not_picked":["Flying Knee+1","PiercingWail","Terror"],"picked":"SKIP","floor":18},{"not_picked":["Flying Knee+1","PiercingWail","Terror"],"picked":"SKIP","floor":18},{"not_picked":["Blur","Acrobatics"],"picked":"Tactician","floor":21},{"not_picked":["Catalyst+1","Noxious Fumes"],"picked":"Prepared+1","floor":22}],"player_experience":513777,"relics_obtained":[{"floor":6,"key":"Blood Vial"},{"floor":9,"key":"War Paint"},{"floor":12,"key":"Nunchaku"},{"floor":14,"key":"Meat on the Bone"}],"event_choices":[{"damage_healed":0,"gold_gain":75,"player_choice":"Gather Gold","damage_taken":11,"max_hp_gain":0,"max_hp_loss":0,"event_name":"World of Goop","floor":2,"gold_loss":0},{"damage_healed":0,"gold_gain":0,"player_choice":"Success","damage_taken":5,"relics_obtained":["Ancient Tea Set"],"max_hp_gain":0,"max_hp_loss":0,"event_name":"Scrap Ooze","floor":3,"gold_loss":0},{"damage_healed":0,"gold_gain":0,"player_choice":"Upgraded","damage_taken":0,"max_hp_gain":0,"max_hp_loss":0,"event_name":"Upgrade Shrine","floor":4,"gold_loss":0,"cards_upgraded":["Choke"]},{"damage_healed":16,"gold_gain":0,"player_choice":"Healed","damage_taken":0,"max_hp_gain":0,"max_hp_loss":0,"event_name":"The Cleric","floor":13,"gold_loss":35},{"damage_healed":13,"gold_gain":0,"player_choice":"Heal","damage_taken":0,"max_hp_gain":0,"max_hp_loss":0,"event_name":"The Library","floor":19,"gold_loss":0}],"is_beta":false,"boss_relics":[{"not_picked":["HoveringKite","Snecko Eye"],"picked":"Black Star"}],"items_purged_floors":[11,20],"is_endless":false,"potions_floor_spawned":[5,6,10,21],"killed_by":"Gremlin Leader","ascension_level":19}}