{"host":"4edbuligkc8x13l4","time":1608990664,"event":{"mods":["BaseMod","Minty Spire (QoL Compilation)","StSLib","SuperFastMode"],"gold_per_floor":[112,112,112,112,112,112,138,138,214,24,24,24,38,38,38],"floor_reached":14,"playtime":256,"items_purged":[],"score":164,"play_id":"04bcf005-30dd-4434-b323-1a9589624a8e","local_time":"20201226215104","is_ascension_mode":true,"campfire_choices":[{"data":"Whirlwind","floor":6.0,"key":"SMITH"},{"floor":8,"key":"REST"}],"circlet_count":0,"master_deck":["AscendersBane","Strike_R","Strike_R","Strike_R","Strike_R","Defend_R","Defend_R","Defend_R","Defend_R","Whirlwind+1","Flex","Feel No Pain","Spot Weakness"],"relics":["Burning Blood","Matryoshka","Gambling Chip","Tiny Chest","Eternal Feather","Membership Card","Toy Ornithopter","Prayer Wheel"],"acts_visited":["Exordium"],"potions_floor_usage":[7],"damage_taken":[{"damage":15.0,"enemies":"Small Slimes","floor":1.0,"turns":4.0},{"damage":40,"enemies":"Lagavulin","floor":7,"turns":4},{"damage":7,"enemies":"Jaw Worm","floor":13,"turns":2},{"damage":45,"enemies":"Gremlin Nob","floor":14,"turns":3}],"seed_played":"-7792843219081398316","potions_obtained":[{"floor":1.0,"key":"FearPotion"}],"is_trial":false,"path_per_floor":["M","?","?","$","?","R","E","R","T","$","T","$","M","E"],"character_chosen":"IRONCLAD","items_purchased":["Membership Card","Flex"],"campfire_rested":1,"item_purchase_floors":[10,10],"current_hp_per_floor":[41,41,66,66,55,55,21,43,43,43,43,43,42,0,0],"gold":38,"neow_bonus":"REMOVE_TWO","is_daily":false,"chose_seed":false,"campfire_upgraded":1,"win_rate":0.0,"timestamp":1608990664,"path_taken":["M","?","?","$","?","R","E","R","T","?","?","$","?","E"],"items_purchased_type":["Relic","Card"],"build_version":"2020-12-22","purchased_purges":0,"victory":false,"max_hp_per_floor":[75,75,75,75,75,75,75,75,75,75,75,75,75,75,75],"card_choices":[{"not_picked":["Clothesline","Evolve"],"picked":"Whirlwind","floor":1.0},{"not_picked":["Heavy Blade","Twin Strike","Anger"],"picked":"SKIP","floor":7},{"not_picked":["Pommel Strike","Anger"],"picked":"Feel No Pain","floor":13},{"not_picked":["Warcry","Second Wind"],"picked":"Spot Weakness","floor":13}],"player_experience":923970,"relics_obtained":[{"floor":7,"key":"Gambling Chip"},{"floor":9,"key":"Tiny Chest"},{"floor":9,"key":"Eternal Feather"},{"floor":11,"key":"Toy Ornithopter"},{"floor":11,"key":"Prayer Wheel"}],"event_choices":[{"damage_healed":0.0,"max_hp_gain":0.0,"max_hp_loss":0.0,"gold_gain":0.0,"event_name":"Liars Game","player_choice":"Ignored","floor":2.0,"gold_loss":0.0,"damage_taken":0.0},{"damage_healed":25.0,"max_hp_gain":0.0,"max_hp_loss":0.0,"gold_gain":0.0,"event_name":"Big Fish","player_choice":"Banana","floor":3.0,"gold_loss":0.0,"damage_taken":0.0},{"damage_healed":0.0,"max_hp_gain":0.0,"max_hp_loss":0.0,"gold_gain":0.0,"event_name":"Scrap Ooze","player_choice":"Success","floor":5.0,"gold_loss":0.0,"damage_taken":11.0,"relics_obtained":["Matryoshka"]}],"is_beta":false,"boss_relics":[],"items_purged_floors":[],"is_endless":false,"potions_floor_spawned":[1],"killed_by":"Gremlin Nob","ascension_level":19}}