{"host":"lvhfn8l5bvc4nolx","time":1608960310,"event":{"mods":["AchievementEnabler","BaseMod","Colored Map","Keyboard Shortcuts","Minty Spire (QoL Compilation)","Permanent Neow","Quick Restart","SuperFastMode"],"gold_per_floor":[10,10,10,10,30,30,71,71,95,129,148,173,173,16,16,139,139,152,173,20,20,1994,1994,2028,1556,1556,1556,1595,1620,1632,1559,1571,1711,1723,1756,1768,1794,1806,1837,1849,1877,1924,1963,1975,2007,2058,1875,1908,1908,1908,1908,1908,1517,1560,1560],"floor_reached":56,"playtime":2628,"items_purged":["Strike_R","Strike_R","Ghostly Armor","Pain","Thunderclap+1"],"score":1778,"play_id":"a51e9601-a988-44b9-8514-3bc5a7737eeb","local_time":"20201226142510","is_ascension_mode":true,"campfire_choices":[{"data":"Uppercut","floor":6.0,"key":"SMITH"},{"floor":8.0,"key":"REST"},{"data":"Warcry","floor":13.0,"key":"SMITH"},{"data":"Intimidate","floor":15.0,"key":"SMITH"},{"data":"Double Tap","floor":23.0,"key":"SMITH"},{"data":"Sentinel","floor":27.0,"key":"SMITH"},{"data":"Dropkick","floor":32,"key":"SMITH"},{"data":"Pommel Strike","floor":40,"key":"SMITH"},{"floor":44,"key":"RECALL"},{"data":"Thunderclap","floor":49,"key":"SMITH"},{"data":"Flash of Steel","floor":52,"key":"SMITH"}],"circlet_count":0,"master_deck":["Disarm+1","Sentinel+1","Dropkick+1","Flash of Steel+1","Double Tap+1","Pommel Strike+1","Burning Pact+1","Dropkick+1","Trip"],"relics":["Burning Blood","Golden Idol","Incense Burner","Whetstone","Art of War","TheAbacus","Cursed Key","Nilry\u0027s Codex","Kunai","Toy Ornithopter","Ornamental Fan","Red Skull","MawBank","HornCleat","SacredBark","Vajra","Smiling Mask","Bag of Preparation","Blood Vial","DollysMirror","Sundial"],"acts_visited":["Exordium","TheCity","TheBeyond","TheEnding"],"potions_floor_usage":[35,50,50,54,55,55],"damage_taken":[{"damage":7.0,"enemies":"Small Slimes","floor":1.0,"turns":5.0},{"damage":0.0,"enemies":"2 Louse","floor":5.0,"turns":2.0},{"damage":36.0,"enemies":"Lagavulin","floor":7.0,"turns":6.0},{"damage":38.0,"enemies":"3 Sentries","floor":10.0,"turns":6.0},{"damage":0.0,"enemies":"Cultist","floor":11.0,"turns":3.0},{"damage":12.0,"enemies":"3 Louse","floor":12.0,"turns":3.0},{"damage":33.0,"enemies":"Hexaghost","floor":16.0,"turns":10.0},{"damage":6.0,"enemies":"Shell Parasite","floor":18.0,"turns":4.0},{"damage":0.0,"enemies":"3 Byrds","floor":19.0,"turns":3.0},{"damage":4.0,"enemies":"Gremlin Leader","floor":24.0,"turns":4.0},{"damage":6.0,"enemies":"Book of Stabbing","floor":28.0,"turns":4.0},{"damage":10,"enemies":"3 Cultists","floor":29,"turns":5},{"damage":5,"enemies":"Collector","floor":33,"turns":5},{"damage":1,"enemies":"3 Shapes","floor":35,"turns":3},{"damage":0,"enemies":"Orb Walker","floor":37,"turns":3},{"damage":18,"enemies":"4 Shapes","floor":39,"turns":3},{"damage":8,"enemies":"Jaw Worm Horde","floor":41,"turns":5},{"damage":18,"enemies":"Reptomancer","floor":42,"turns":4},{"damage":7,"enemies":"Transient","floor":45,"turns":3},{"damage":13,"enemies":"Nemesis","floor":46,"turns":5},{"damage":0,"enemies":"Giant Head","floor":48,"turns":2},{"damage":28,"enemies":"Time Eater","floor":50,"turns":7},{"damage":1,"enemies":"Shield and Spear","floor":54,"turns":2},{"damage":54,"enemies":"The Heart","floor":55,"turns":4}],"seed_played":"946696586023855302","potions_obtained":[{"floor":7.0,"key":"SkillPotion"},{"floor":11.0,"key":"BloodPotion"},{"floor":12.0,"key":"Energy Potion"},{"floor":16.0,"key":"Explosive Potion"},{"floor":19.0,"key":"Fire Potion"},{"floor":28.0,"key":"Swift Potion"},{"floor":29,"key":"Block Potion"},{"floor":37,"key":"SteroidPotion"},{"floor":42,"key":"ColorlessPotion"},{"floor":45,"key":"Explosive Potion"}],"is_trial":false,"path_per_floor":["M","?","?","?","M","R","E","R","T","E","M","M","R","$","R","B",null,"M","M","$","?","$","R","E","$","T","R","E","M","?","?","R","B",null,"M","?","M","?","M","R","M","E","T","R","M","E","$","E","R","B",null,"R","$","E","B",null],"character_chosen":"IRONCLAD","items_purchased":["TheAbacus","Dropkick","Flash of Steel","Kunai","Ornamental Fan","Dark Shackles","Bag of Preparation","DollysMirror","Trip","SteroidPotion","Strength Potion"],"campfire_rested":1,"item_purchase_floors":[14,20,22,22,25,25,47,53,53,53,53],"current_hp_per_floor":[71,51,51,51,57,57,27,51,51,19,25,19,19,19,19,8,62,62,68,68,52,52,52,54,54,54,54,54,50,50,50,50,51,73,80,80,80,80,68,68,66,54,54,54,53,46,46,52,52,42,71,71,71,80,42],"gold":1560,"neow_bonus":"TRANSFORM_TWO_CARDS","is_daily":false,"chose_seed":false,"campfire_upgraded":9,"win_rate":0.0,"timestamp":1608960310,"path_taken":["M","?","?","?","M","R","E","R","T","E","M","M","R","$","R","BOSS","M","?","$","?","?","R","E","$","T","R","E","M","?","?","R","BOSS","M","?","?","?","M","R","M","E","T","R","M","E","$","E","R","BOSS","R","$","E","BOSS"],"items_purchased_type":["Relic","Card","Card","Relic","Relic","Card","Relic","Relic","Card","Potion","Potion"],"build_version":"2020-12-22","purchased_purges":5,"victory":true,"max_hp_per_floor":[80,80,80,80,80,80,80,80,80,80,80,80,80,80,80,80,80,80,80,80,80,80,80,80,80,80,80,80,80,80,80,80,80,80,80,80,80,80,80,80,80,80,80,80,80,80,80,80,80,80,80,80,80,80,80],"card_choices":[{"not_picked":["Wild Strike","Reckless Charge"],"picked":"Uppercut","floor":1.0},{"not_picked":["Reckless Charge","True Grit"],"picked":"Warcry","floor":5.0},{"not_picked":["Sword Boomerang","Dark Embrace","Rupture"],"picked":"SKIP","floor":7.0},{"not_picked":["Infernal Blade","Fire Breathing"],"picked":"Second Wind","floor":10.0},{"not_picked":["Wild Strike","Pummel"],"picked":"Intimidate","floor":11.0},{"not_picked":["Blood for Blood","Cleave"],"picked":"Ghostly Armor","floor":12.0},{"not_picked":["Fiend Fire","Feed"],"picked":"Double Tap","floor":16.0},{"not_picked":["Heavy Blade","Anger+1"],"picked":"Disarm","floor":18.0},{"not_picked":["Whirlwind","Anger+1"],"picked":"Sentinel","floor":19.0},{"not_picked":["Clash+1","Burning Pact"],"picked":"Shrug It Off","floor":24.0},{"not_picked":["Intimidate","Anger"],"picked":"Rage","floor":28.0},{"not_picked":["Juggernaut","Intimidate","Havoc+1"],"picked":"SKIP","floor":29},{"not_picked":["Pummel+1","Wild Strike","Flame Barrier"],"picked":"SKIP","floor":35},{"not_picked":["Armaments+1","Perfected Strike","Sentinel+1"],"picked":"SKIP","floor":37},{"not_picked":["Clash+1","Fire Breathing+1","Cleave"],"picked":"SKIP","floor":39},{"not_picked":["Bloodletting","Reaper","Blood for Blood+1"],"picked":"SKIP","floor":41},{"not_picked":["Infernal Blade","Power Through+1"],"picked":"Pommel Strike+1","floor":42},{"not_picked":["Anger+1","Dual Wield+1","Whirlwind"],"picked":"SKIP","floor":45},{"not_picked":["Warcry+1","Corruption","Heavy Blade"],"picked":"SKIP","floor":46},{"not_picked":["Perfected Strike","Shrug It Off"],"picked":"Burning Pact+1","floor":48},{"not_picked":["Searing Blow","Pummel","Sentinel"],"picked":"SKIP","floor":54}],"player_experience":327889,"relics_obtained":[{"floor":7.0,"key":"Incense Burner"},{"floor":9.0,"key":"Whetstone"},{"floor":10.0,"key":"Art of War"},{"floor":21.0,"key":"Nilry\u0027s Codex"},{"floor":24.0,"key":"Toy Ornithopter"},{"floor":26.0,"key":"Red Skull"},{"floor":28.0,"key":"MawBank"},{"floor":42,"key":"Vajra"},{"floor":46,"key":"Smiling Mask"},{"floor":48,"key":"Blood Vial"},{"floor":54,"key":"Sundial"}],"event_choices":[{"damage_healed":0.0,"max_hp_gain":0.0,"max_hp_loss":0.0,"gold_gain":0.0,"event_name":"Golden Idol","player_choice":"Take Damage","floor":2.0,"gold_loss":0.0,"damage_taken":20.0,"relics_obtained":["Golden Idol"]},{"damage_healed":0.0,"max_hp_gain":0.0,"max_hp_loss":0.0,"gold_gain":0.0,"cards_transformed":["Iron Wave"],"event_name":"Living Wall","player_choice":"Change","floor":3.0,"gold_loss":0.0,"damage_taken":0.0,"cards_obtained":["Reckless Charge"]},{"damage_healed":0.0,"max_hp_gain":0.0,"max_hp_loss":0.0,"gold_gain":0.0,"cards_transformed":["Defend_R"],"event_name":"Transmorgrifier","player_choice":"Transformed","floor":4.0,"gold_loss":0.0,"damage_taken":0.0,"cards_obtained":["Infernal Blade"]},{"damage_healed":0.0,"max_hp_gain":0.0,"max_hp_loss":0.0,"gold_gain":0.0,"event_name":"Cursed Tome","player_choice":"Obtained Book","floor":21.0,"gold_loss":0.0,"damage_taken":16.0},{"damage_healed":0,"gold_gain":0,"player_choice":"Read","damage_taken":0,"max_hp_gain":0,"max_hp_loss":0,"event_name":"The Library","floor":30,"gold_loss":0,"cards_obtained":["Thunderclap"]},{"damage_healed":0,"gold_gain":0,"player_choice":"Obtained Relic","damage_taken":0,"relics_obtained":["HornCleat"],"max_hp_gain":0,"max_hp_loss":0,"event_name":"Addict","floor":31,"gold_loss":85},{"damage_healed":0,"gold_gain":0,"player_choice":"Forge","damage_taken":0,"max_hp_gain":0,"max_hp_loss":0,"event_name":"Accursed Blacksmith","floor":36,"gold_loss":0,"cards_upgraded":["Disarm"]},{"cards_removed":["Rage"],"damage_healed":0,"gold_gain":0,"player_choice":"Offered Uncommon","damage_taken":0,"max_hp_gain":0,"max_hp_loss":0,"event_name":"Bonfire Elementals","floor":38,"gold_loss":0}],"is_beta":false,"boss_relics":[{"not_picked":["Philosopher\u0027s Stone","Sozu"],"picked":"Cursed Key"},{"not_picked":["Black Blood","Mark of Pain"],"picked":"SacredBark"}],"items_purged_floors":[20,22,25,47,53],"is_endless":false,"potions_floor_spawned":[7,11,12,16,19,28,29,37,39,42,45],"ascension_level":6}}