{"host":"wg33yb1rgt3nbe17","time":1608973809,"event":{"mods":["AchievementEnabler","BaseMod","Colored Map","Minty Spire (QoL Compilation)","Permanent Neow","Relic Stats","StSLib"],"gold_per_floor":[362,49,49,49,149,149,194,226,250,250,294,322,95,118,118,248,248,248,173,173,173,92,92,92,92,92,92,92,92,92,52,52,52,52,52,52,52,52,52,52,52,52,52,52,52,52,52,52,52,52],"floor_reached":51,"playtime":2058,"items_purged":["Doubt"],"score":1021,"play_id":"50055edf-46c5-470e-a0e5-0cb3d4d50aaf","local_time":"20201226041009","is_ascension_mode":true,"campfire_choices":[{"data":"Noxious Fumes","floor":6.0,"key":"SMITH"},{"floor":10.0,"key":"REST"},{"floor":15.0,"key":"REST"},{"data":"Catalyst","floor":23.0,"key":"SMITH"},{"floor":25.0,"key":"REST"},{"data":"Leg Sweep","floor":32,"key":"SMITH"},{"data":"Wraith Form v2","floor":40,"key":"SMITH"},{"floor":42,"key":"REST"},{"data":"After Image","floor":46,"key":"SMITH"},{"floor":49,"key":"REST"}],"circlet_count":0,"master_deck":["Survivor","Neutralize","Backflip","Noxious Fumes+1","PiercingWail","Deadly Poison","Dagger Spray","Dodge and Roll","Calculated Gamble","Envenom","Wraith Form v2+1","Wraith Form v2+1","Acrobatics","Bane+1","Catalyst+1","Bouncing Flask","Noxious Fumes","Leg Sweep+1","After Image+1","Masterful Stab","Burst","Heel Hook","Blur","Skewer","Quick Slash","Flechettes","Corpse Explosion","Venomology","Calculated Gamble","Reflex","Reflex+1","Catalyst","Prepared","Outmaneuver+1","Expertise+1"],"relics":["Ring of the Snake","TwistedFunnel","CeramicFish","Lantern","Art of War","Ectoplasm","Nloth\u0027s Gift","StrikeDummy","Bag of Marbles","Pandora\u0027s Box","Torii","Girya","Letter Opener"],"acts_visited":["Exordium","TheCity","TheBeyond"],"potions_floor_usage":[33,37,41,44,47,50,50,50,50],"damage_taken":[{"damage":5.0,"enemies":"2 Louse","floor":1.0,"turns":4.0},{"damage":31.0,"enemies":"Lagavulin","floor":7.0,"turns":6.0},{"damage":0.0,"enemies":"Small Slimes","floor":8.0,"turns":3.0},{"damage":14.0,"enemies":"3 Sentries","floor":11.0,"turns":6.0},{"damage":2.0,"enemies":"Cultist","floor":12.0,"turns":3.0},{"damage":10.0,"enemies":"Exordium Thugs","floor":14.0,"turns":5.0},{"damage":26.0,"enemies":"Hexaghost","floor":16.0,"turns":9.0},{"damage":0.0,"enemies":"Spheric Guardian","floor":18.0,"turns":5.0},{"damage":1.0,"enemies":"2 Thieves","floor":19.0,"turns":4.0},{"damage":12.0,"enemies":"Shelled Parasite and Fungi","floor":21.0,"turns":6.0},{"damage":6.0,"enemies":"Slavers","floor":24.0,"turns":5.0},{"damage":1,"enemies":"Snecko","floor":30,"turns":4},{"damage":42,"enemies":"Collector","floor":33,"turns":8},{"damage":6,"enemies":"3 Darklings","floor":35,"turns":4},{"damage":0,"enemies":"Orb Walker","floor":37,"turns":3},{"damage":22,"enemies":"Nemesis","floor":41,"turns":8},{"damage":4,"enemies":"4 Shapes","floor":44,"turns":3},{"damage":4,"enemies":"Writhing Mass","floor":45,"turns":4},{"damage":0,"enemies":"Maw","floor":47,"turns":5},{"damage":45,"enemies":"Awakened One","floor":50,"turns":12}],"seed_played":"1149175173274228892","potions_obtained":[{"floor":7.0,"key":"DistilledChaos"},{"floor":12.0,"key":"SpeedPotion"},{"floor":14.0,"key":"Strength Potion"},{"floor":21.0,"key":"ColorlessPotion"},{"floor":24.0,"key":"SteroidPotion"},{"floor":35,"key":"AttackPotion"}],"is_trial":false,"path_per_floor":["M","$","?","?","?","R","E","M","T","R","E","M","$","M","R","B",null,"M","M","?","M","$","R","E","R","T","?","?","$","M","$","R","B",null,"M","$","M","?","?","R","E","R","T","M","M","R","M","T","R","B",null],"character_chosen":"THE_SILENT","items_purchased":["TwistedFunnel","Noxious Fumes","PiercingWail","Envenom","DuplicationPotion","Catalyst","Leg Sweep"],"campfire_rested":5,"item_purchase_floors":[2,2,2,13,13,22,31],"current_hp_per_floor":[58,58,58,58,58,58,27,27,27,48,34,32,32,22,43,17,57,57,56,56,44,44,44,38,59,59,59,59,59,58,58,58,16,57,51,51,51,51,51,51,29,50,50,46,42,42,42,42,63,18],"gold":52,"neow_bonus":"TWO_FIFTY_GOLD","is_daily":false,"chose_seed":false,"campfire_upgraded":5,"win_rate":0.0,"timestamp":1608973809,"path_taken":["M","$","?","?","?","R","E","M","T","R","E","?","?","M","R","BOSS","M","M","?","M","?","R","E","R","T","?","?","$","M","$","R","BOSS","M","?","M","?","?","R","E","R","T","?","M","R","M","?","R","BOSS"],"items_purchased_type":["Relic","Card","Card","Card","Potion","Card","Card"],"build_version":"2020-12-22","purchased_purges":1,"victory":true,"max_hp_per_floor":[70,70,70,70,70,70,70,70,70,70,70,70,70,70,70,70,70,70,70,70,70,70,70,70,70,70,70,70,70,70,70,70,70,70,70,70,70,70,70,70,70,70,70,70,70,70,70,70,70,70],"relic_stats":{"Torii":11,"counters":[20,107],"CeramicFish":63,"Pandora\u0027s Box":["Masterful Stab","Burst","Heel Hook","Blur","Skewer","Quick Slash","Flechettes","Corpse Explosion","Venomology","Calculated Gamble"],"Ectoplasm":558,"Art of War":[20],"Nloth\u0027s Gift":1,"Letter Opener":[80],"obtain_stats":[{"TwistedFunnel":2,"Girya":43,"Lantern":9,"Torii":41,"Golden Idol":3,"CeramicFish":7,"Letter Opener":48,"Pandora\u0027s Box":34,"Ectoplasm":17,"Art of War":11,"Nloth\u0027s Gift":20,"Bag of Marbles":26,"StrikeDummy":24,"Ring of the Snake":0},{"TwistedFunnel":1,"Girya":16,"Lantern":3,"Torii":16,"Golden Idol":1,"CeramicFish":2,"Letter Opener":19,"Pandora\u0027s Box":13,"Ectoplasm":7,"Art of War":4,"Nloth\u0027s Gift":9,"Bag of Marbles":11,"StrikeDummy":11,"Ring of the Snake":0},{"TwistedFunnel":4,"Girya":83,"Lantern":13,"Torii":83,"Golden Idol":4,"CeramicFish":10,"Letter Opener":95,"Pandora\u0027s Box":68,"Ectoplasm":36,"Art of War":19,"Nloth\u0027s Gift":45,"Bag of Marbles":56,"StrikeDummy":56,"Ring of the Snake":0}],"Ring of the Snake":[40]},"card_choices":[{"not_picked":["Setup","Backstab"],"picked":"Backflip","floor":1.0},{"not_picked":["Riddle With Holes","Well Laid Plans"],"picked":"Deadly Poison","floor":7.0},{"not_picked":["Choke","Setup"],"picked":"Dagger Spray","floor":8.0},{"not_picked":["Underhanded Strike","Masterful Stab"],"picked":"Dodge and Roll","floor":11.0},{"not_picked":["PiercingWail","Deflect"],"picked":"Calculated Gamble","floor":12.0},{"not_picked":["Sucker Punch","Underhanded Strike"],"picked":"Wraith Form v2","floor":14.0},{"not_picked":["Doppelganger","Storm of Steel"],"picked":"Wraith Form v2","floor":16.0},{"not_picked":["Blade Dance","PiercingWail"],"picked":"Acrobatics","floor":18.0},{"not_picked":["Underhanded Strike","Endless Agony"],"picked":"Cloak And Dagger","floor":19.0},{"not_picked":["Slice","Poisoned Stab"],"picked":"Bane+1","floor":21.0},{"not_picked":["Caltrops+1","All Out Attack"],"picked":"Bouncing Flask","floor":24.0},{"not_picked":["Finisher","Bane"],"picked":"Noxious Fumes","floor":30},{"not_picked":["Envenom","Phantasmal Killer"],"picked":"After Image","floor":33},{"not_picked":["Underhanded Strike","Dagger Throw+1"],"picked":"Reflex","floor":35},{"not_picked":["Flechettes","Sucker Punch"],"picked":"Reflex+1","floor":37},{"not_picked":["Doppelganger","Skewer+1"],"picked":"Catalyst","floor":41},{"not_picked":["All Out Attack","Flying Knee"],"picked":"Prepared","floor":44},{"not_picked":["Skewer","Deflect+1"],"picked":"Outmaneuver+1","floor":45},{"not_picked":["Riddle With Holes","Sucker Punch"],"picked":"Expertise+1","floor":47}],"player_experience":541750,"relics_obtained":[{"floor":7.0,"key":"CeramicFish"},{"floor":9.0,"key":"Lantern"},{"floor":11.0,"key":"Art of War"},{"floor":24.0,"key":"StrikeDummy"},{"floor":26.0,"key":"Bag of Marbles"},{"floor":41,"key":"Torii"},{"floor":43,"key":"Girya"},{"floor":48,"key":"Letter Opener"}],"event_choices":[{"damage_healed":0.0,"max_hp_gain":0.0,"max_hp_loss":0.0,"gold_gain":0.0,"event_name":"Golden Idol","player_choice":"Take Wound","floor":3.0,"gold_loss":0.0,"damage_taken":0.0,"relics_obtained":["Golden Idol"],"cards_obtained":["Injury"]},{"cards_removed":["Injury"],"damage_healed":0.0,"max_hp_gain":0.0,"max_hp_loss":0.0,"gold_gain":0.0,"event_name":"Living Wall","player_choice":"Forget","floor":4.0,"gold_loss":0.0,"damage_taken":0.0},{"damage_healed":0.0,"max_hp_gain":0.0,"max_hp_loss":0.0,"gold_gain":100.0,"event_name":"Golden Shrine","player_choice":"Pray","floor":5.0,"gold_loss":0.0,"damage_taken":0.0},{"damage_healed":0.0,"max_hp_gain":0.0,"max_hp_loss":0.0,"gold_gain":0.0,"event_name":"N\u0027loth","player_choice":"Traded Relic","floor":20.0,"relics_lost":["Golden Idol"],"gold_loss":0.0,"damage_taken":0.0,"relics_obtained":["Nloth\u0027s Gift"]},{"damage_healed":0,"gold_gain":0,"player_choice":"Simplicity","damage_taken":0,"max_hp_gain":0,"max_hp_loss":0,"event_name":"Back to Basics","floor":27,"gold_loss":0,"cards_upgraded":["Strike_G","Strike_G","Strike_G","Strike_G","Strike_G","Defend_G","Defend_G","Defend_G","Defend_G","Defend_G"]},{"cards_removed":["Cloak And Dagger"],"damage_healed":0,"gold_gain":0,"player_choice":"Purged","damage_taken":0,"max_hp_gain":0,"max_hp_loss":0,"event_name":"Purifier","floor":28,"gold_loss":0},{"damage_healed":0,"gold_gain":0,"player_choice":"Ignored","damage_taken":0,"max_hp_gain":0,"max_hp_loss":0,"event_name":"Mysterious Sphere","floor":38,"gold_loss":0},{"damage_healed":0,"gold_gain":0,"player_choice":"Upgraded","damage_taken":0,"max_hp_gain":0,"max_hp_loss":0,"event_name":"Upgrade Shrine","floor":39,"gold_loss":0,"cards_upgraded":["Wraith Form v2"]}],"is_beta":false,"boss_relics":[{"not_picked":["Astrolabe","Runic Dome"],"picked":"Ectoplasm"},{"not_picked":["Philosopher\u0027s Stone","Black Star"],"picked":"Pandora\u0027s Box"}],"items_purged_floors":[2],"is_endless":false,"potions_floor_spawned":[7,12,14,21,24,35,44,45],"ascension_level":8}}