{"host":"1tmagqyeywr2w44t","time":1608968947,"event":{"mods":["2.2 Compatiblity","BaseMod","Colored Powertips","Downfall","Marisa£¨Ùöéë¡¡Øª×âÞÞ£©","Minty Spire (QoL Compilation)","Rare Cards Sparkle","Replay The Spire","StSLib","SuperFastMode","The Marked"],"gold_per_floor":[0,14,114,140,151,151,175,192,192,192,117,143,161,161,172,275,275,275,290,310,69,83,183,209,242,135,60,79,27,27,127,146,247,247,172,184,194,194,44,64,64,10,27,58,158,175,192,192,192,192],"floor_reached":48,"playtime":2274,"items_purged":["champ:PerfectForm"],"score":581,"play_id":"b0af8acb-b06b-4014-9a06-0e7ecff71f32","local_time":"20201226164907","is_ascension_mode":true,"campfire_choices":[{"data":"champ:Execute","floor":1,"key":"SMITH"},{"data":"champ:Taunt","floor":6,"key":"SMITH"},{"data":"1","floor":11,"key":"LIFT"},{"floor":18,"key":"RECALL"},{"floor":27,"key":"REST"},{"data":"2","floor":30,"key":"LIFT"},{"data":"3","floor":35,"key":"LIFT"}],"circlet_count":0,"master_deck":["champ:Strike+1","champ:Strike","champ:Defend+1","champ:Defend+1","champ:Execute+1","champ:Taunt+1","champ:HoldFirm+1","champ:PreciseThrust","champ:FaceSlap+1","champ:GladiatorStyle","champ:BringItOn","champ:FanOfKnives","champ:HeavySlash","champ:FalseCounter+1","champ:IronFortress+1","champ:BladeFlurry+1","champ:GladiatorsShout+1","champ:RisingSlash","champ:LastStand","Enlightenment","champ:Balance","champ:SteelEdge","Pot Of Greed","Pot Of Greed","champ:CrookedStrike","champ:BladeFlurry","Pot Of Greed","champ:DancingMaster","champ:FocusedDefense","champ:Backstep","Writhe","champ:Taunt","expansioncontent:Torchfire","champ:HoldFirm"],"relics":["champ:ChampionCrown","War Paint","Girya","downfall:HeartBlessingBlue","Whetstone","Astrolabe","Oddly Smooth Stone","Potion Belt","Centennial Puzzle","Onion Ring","downfall:HeartBlessingRed","Replay:Bottled Snecko","champ:BerserkersGuideToSlaughter","Runic Pyramid","downfall:HeartBlessingGreen","ReplayTheSpireMod:Ring of Exchange","Grinning Jar","Durian","downfall:GremlinSack"],"acts_visited":["Exordium","TheCity","TheBeyond"],"potions_floor_usage":[12,25,33],"damage_taken":[{"damage":6,"enemies":"2 Louse","floor":2,"turns":3},{"damage":5,"enemies":"Jaw Worm","floor":5,"turns":4},{"damage":0,"enemies":"Cultist","floor":8,"turns":2},{"damage":20,"enemies":"3 Sentries","floor":12,"turns":8},{"damage":10,"enemies":"Large Slime","floor":13,"turns":6},{"damage":9,"enemies":"Exordium Wildlife","floor":15,"turns":5},{"damage":25,"enemies":"downfall:Silent","floor":16,"turns":12},{"damage":14,"enemies":"3 Byrds","floor":19,"turns":7},{"damage":40,"enemies":"3 Cultists","floor":20,"turns":6},{"damage":0,"enemies":"downfall:FleeingMerchant","floor":21,"turns":4},{"damage":18,"enemies":"Sentry and Sphere","floor":22,"turns":6},{"damage":31,"enemies":"downfall:LadyInBlue","floor":23,"turns":11},{"damage":15,"enemies":"Gremlin Leader","floor":25,"turns":6},{"damage":0,"enemies":"downfall:FleeingMerchant","floor":26,"turns":4},{"damage":9,"enemies":"Chosen and Byrds","floor":28,"turns":5},{"damage":9,"enemies":"downfall:FleeingMerchant","floor":29,"turns":3},{"damage":6,"enemies":"Snecko","floor":32,"turns":3},{"damage":21,"enemies":"downfall:Watcher","floor":33,"turns":5},{"damage":0,"enemies":"Orb Walker","floor":36,"turns":2},{"damage":6,"enemies":"3 Shapes","floor":37,"turns":3},{"damage":1,"enemies":"Jaw Worm Horde","floor":40,"turns":4},{"damage":21,"enemies":"4 Shapes","floor":43,"turns":5},{"damage":57,"enemies":"Nemesis","floor":44,"turns":7},{"damage":6,"enemies":"Nemesis","floor":45,"turns":5},{"damage":29,"enemies":"Maw","floor":46,"turns":9},{"damage":0,"enemies":"Sphere and 2 Shapes","floor":47,"turns":8},{"damage":0,"enemies":"3 Darklings","floor":48,"turns":1}],"seed_played":"8376552101031673770","potions_obtained":[{"floor":2,"key":"SteroidPotion"},{"floor":8,"key":"Strength Potion"},{"floor":22,"key":"Languid Potion"},{"floor":23,"key":"Elixir"},{"floor":23,"key":"champ:UltimateStancePotion"},{"floor":23,"key":"Explosive Potion"},{"floor":25,"key":"sneckomod:MuddlingPotion"},{"floor":32,"key":"Flashbang"},{"floor":33,"key":"Milkshake"}],"is_trial":false,"path_per_floor":["R","M","?","T","M","R","T","M","?","T","R","E","M","?","M","B",null,"R","M","M","$","M","?","T","E","$","R","M","$","R","?","M","B",null,"R","M","M","?","?","M","T","$","M","E","?","M","M","M"],"character_chosen":"THE_CHAMP","items_purchased":["Oddly Smooth Stone","Enlightenment","Replay:Bottled Snecko","champ:BerserkersGuideToSlaughter","champ:CrookedStrike"],"campfire_rested":1,"item_purchase_floors":[21,26,29,29,42],"current_hp_per_floor":[90,89,89,89,89,89,89,89,89,89,99,84,84,84,80,60,100,100,92,55,55,37,30,30,20,20,50,49,40,40,40,34,13,100,100,100,94,94,110,109,109,109,88,36,30,1,1,1,1,1],"gold":192,"neow_bonus":"TRANSFORM_TWO_CARDS","is_daily":false,"chose_seed":false,"campfire_upgraded":2,"win_rate":0.0,"timestamp":1608968947,"path_taken":["R","M","?","?","?","R","T","M","?","?","R","E","?","?","M","BOSS","R","M","M","$","M","?","T","E","?","R","M","?","R","?","M","BOSS","R","M","M","?","?","?","T","$","M","E","?","M","M","?"],"items_purchased_type":["Relic","Card","Relic","Relic","Card"],"build_version":"2020-12-22","purchased_purges":1,"victory":false,"max_hp_per_floor":[90,90,90,90,90,90,90,90,90,90,100,100,100,100,100,100,100,100,100,100,100,100,100,100,100,100,100,100,100,100,100,100,100,100,100,100,100,100,110,110,110,110,110,115,115,115,115,115,115,115],"card_choices":[{"not_picked":["champ:Shatter","champ:CrookedStrike"],"picked":"champ:FaceSlap","floor":2},{"not_picked":["champ:TornadoPunch","champ:Shatter"],"picked":"champ:GladiatorStyle","floor":5},{"not_picked":["champ:GutPunch","champ:Backstep"],"picked":"champ:Riposte","floor":8},{"not_picked":["champ:Circumvent","champ:EndlessRage"],"picked":"champ:BringItOn","floor":12},{"not_picked":["champ:Backstep","champ:GutPunch"],"picked":"champ:FanOfKnives","floor":13},{"not_picked":["champ:ArenaPreparation","champ:FanOfKnives"],"picked":"champ:HeavySlash","floor":15},{"not_picked":["champ:VampiricStrike","champ:HeavySlash"],"picked":"champ:PerfectForm","floor":16},{"not_picked":["champ:Circumvent","champ:Backstep+1"],"picked":"champ:GladiatorsShout+1","floor":19},{"not_picked":["champ:StanceDance","champ:FlashCut"],"picked":"champ:RisingSlash","floor":20},{"not_picked":["champ:FocusedDefense","champ:EnragedBash","champ:AdrenalArmor"],"picked":"SKIP","floor":21},{"not_picked":["champ:AdrenalArmor","champ:StanceDance","champ:BerserkersShout+1"],"picked":"SKIP","floor":22},{"not_picked":["champ:FocusedDefense+1","champ:StanceDance"],"picked":"champ:LastStand","floor":25},{"not_picked":["champ:AdrenalArmor","champ:BerserkersShout+1","champ:Haymaker"],"picked":"SKIP","floor":26},{"not_picked":["champ:FanOfKnives","champ:DefensiveShout","champ:Duel"],"picked":"SKIP","floor":28},{"not_picked":["champ:TornadoPunch","champ:ArenaPreparation"],"picked":"champ:Balance","floor":29},{"not_picked":["champ:BerserkerStyle","champ:Circumvent+1","champ:StanceDance"],"picked":"SKIP","floor":32},{"not_picked":["champ:MurderStrike","champ:HeavySlash"],"picked":"champ:SteelEdge","floor":33},{"not_picked":["champ:CrookedStrike+1","champ:Haymaker","champ:TornadoPunch+1"],"picked":"SKIP","floor":36},{"not_picked":["champ:TornadoPunch","champ:FaceSlap+1","champ:RisingSlash+1"],"picked":"SKIP","floor":37},{"not_picked":["champ:BringItOn","champ:Circumvent+1","champ:Backstep"],"picked":"SKIP","floor":40},{"not_picked":["champ:BringItOn","champ:FanOfKnives+1","champ:ArenaPreparation"],"picked":"SKIP","floor":43},{"not_picked":["champ:FanOfKnives","champ:FalseCounter"],"picked":"champ:BladeFlurry","floor":44},{"not_picked":["champ:Riposte+1","champ:GladiatorsShout"],"picked":"champ:HoldFirm","floor":46},{"not_picked":["champ:GladiatorsShout","champ:FanOfKnives+1","champ:EnGarde+1"],"picked":"SKIP","floor":47}],"player_experience":203829,"relics_obtained":[{"floor":7,"key":"War Paint"},{"floor":10,"key":"Girya"},{"floor":12,"key":"Whetstone"},{"floor":23,"key":"Potion Belt"},{"floor":24,"key":"Centennial Puzzle"},{"floor":25,"key":"Onion Ring"},{"floor":38,"key":"ReplayTheSpireMod:Ring of Exchange"},{"floor":41,"key":"Grinning Jar"},{"floor":44,"key":"Durian"},{"floor":45,"key":"downfall:GremlinSack"}],"event_choices":[{"damage_healed":0,"gold_gain":0,"player_choice":"Forge","damage_taken":0,"max_hp_gain":0,"max_hp_loss":0,"event_name":"Accursed Blacksmith","floor":14,"gold_loss":0,"cards_upgraded":["champ:HoldFirm"]}],"is_beta":false,"boss_relics":[{"not_picked":["Snecko Eye","Sozu"],"picked":"Astrolabe"},{"not_picked":["Replay:Drink Me","ChewingGum"],"picked":"Runic Pyramid"}],"items_purged_floors":[21],"is_endless":false,"potions_floor_spawned":[2,8,22,25,32,33,45,46],"killed_by":"3 Darklings","ascension_level":1}}