{"host":"KYO","time":1608952943,"event":{"mods":["BaseMod","BetterRewards","Minty Spire (QoL Compilation)","Reimu£®≤©¿ˆ¡È√Œ£©","Remove Card Discount Mod","Shop Mod","StSLib","SuperFastMode","[IsaacMod]“‘»ˆº‚À˛"],"gold_per_floor":[115,192,203,173,187,217,27,27,51,51,380,380,399,429,429,525,525,535,495,495,508,525,551,551,561,561,138,138,138,138,167,167,271,271,285,285,285,302,302,331,331,348,348,380,567,567,567,593,593,593,593,593,20,49,49],"floor_reached":56,"playtime":4656,"items_purged":["Defend_Lin:ReiMu","Strike_Lin:ReiMu","Defend_Lin:ReiMu","Defend_Lin:ReiMu","Defend_Lin:ReiMu","Strike_Lin:ReiMu","Strike_Lin:ReiMu","Strike_Lin:ReiMu","NB:ReiMu","ForcedLanding:ReiMu","SpiritualOutbreak2:ReiMu+1","Jack Of All Trades","OrbThrow:ReiMu+1","HakureiPhantom:ReiMu+1"],"score":1512,"play_id":"41e161d9-e343-4eed-8789-9a49c1582a36","local_time":"20201226112223","is_ascension_mode":false,"campfire_choices":[{"data":"DoubleButterfly:ReiMu","floor":8.0,"key":"SMITH"},{"data":"OrbThrow:ReiMu","floor":12.0,"key":"SMITH"},{"data":"SpiritualOutbreak2:ReiMu","floor":15.0,"key":"SMITH"},{"data":"NineCharacters:ReiMu","floor":24.0,"key":"SMITH"},{"data":"DependentForm:ReiMu","floor":30.0,"key":"SMITH"},{"data":"OctopathBindingBorder2:ReiMu","floor":32.0,"key":"SMITH"},{"data":"HakureiPhantom:ReiMu","floor":41.0,"key":"SMITH"},{"floor":49,"key":"RECALL"},{"data":"Madness","floor":52,"key":"SMITH"}],"circlet_count":0,"master_deck":["Stagnation:ReiMu","DoubleButterfly:ReiMu+1","DependentForm:ReiMu+1","NineCharacters:ReiMu+1","OctopathBindingBorder2:ReiMu+1","SpreadBorder2:ReiMu+1","Madness","Madness+1","SubAcupoint:ReiMu+1","CleanRite:ReiMu"],"relics":["FlyPower:ReiMu","HushsDoor","D6","Toy Ornithopter","UnicornStump","SatanicBible","ZunR:ReiMu","Bronze Scales","KaguraBell:ReiMu","SkyOrb:ReiMu","MerchantsRug","Sozu","GuppysCollar","Succubus","Gremlin Horn","Medical Kit","BodyOfKamiR:ReiMu","Anchor","Lizard Tail"],"acts_visited":["Exordium","TheCity","TheBeyond","TheEnding"],"potions_floor_usage":[55,55,55],"damage_taken":[{"damage":4.0,"enemies":"Cultist","floor":1.0,"turns":4.0},{"damage":1.0,"enemies":"Jaw Worm","floor":3.0,"turns":3.0},{"damage":0.0,"enemies":"Small Slimes","floor":5.0,"turns":2.0},{"damage":14.0,"enemies":"Gremlin Nob","floor":6.0,"turns":3.0},{"damage":5.0,"enemies":"3 Sentries","floor":11.0,"turns":6.0},{"damage":1.0,"enemies":"Exordium Thugs","floor":13.0,"turns":3.0},{"damage":11.0,"enemies":"Gremlin Nob","floor":14.0,"turns":5.0},{"damage":0.0,"enemies":"Slime Boss","floor":16.0,"turns":10.0},{"damage":4.0,"enemies":"Chosen","floor":18.0,"turns":4.0},{"damage":0.0,"enemies":"3 Byrds","floor":21.0,"turns":2.0},{"damage":0.0,"enemies":"Shelled Parasite and Fungi","floor":22.0,"turns":3.0},{"damage":22.0,"enemies":"Slavers","floor":23.0,"turns":4.0},{"damage":7.0,"enemies":"Snake Plant","floor":25.0,"turns":4.0},{"damage":5.0,"enemies":"Book of Stabbing","floor":31.0,"turns":5.0},{"damage":0.0,"enemies":"Collector","floor":33.0,"turns":6.0},{"damage":0.0,"enemies":"Orb Walker","floor":35.0,"turns":2.0},{"damage":0.0,"enemies":"3 Darklings","floor":38.0,"turns":1.0},{"damage":0.0,"enemies":"Giant Head","floor":40.0,"turns":6.0},{"damage":3.0,"enemies":"Sphere and 2 Shapes","floor":42.0,"turns":3.0},{"damage":16,"enemies":"Nemesis","floor":44,"turns":6},{"damage":0,"enemies":"Giant Head","floor":48,"turns":10},{"damage":0,"enemies":"Awakened One","floor":50,"turns":10},{"damage":24,"enemies":"Shield and Spear","floor":54,"turns":6},{"damage":19,"enemies":"The Heart","floor":55,"turns":7}],"seed_played":"-6990010923155220358","potions_obtained":[{"floor":1.0,"key":"ColorlessPotion"},{"floor":4.0,"key":"PowerPotion"},{"floor":4.0,"key":"ZuzhouPotion:ReiMu"},{"floor":5.0,"key":"Strength Potion"},{"floor":16.0,"key":"Swift Potion"},{"floor":22.0,"key":"PinkPotion:ReiMu"},{"floor":23.0,"key":"FearPotion"},{"floor":25.0,"key":"EssenceOfSteel"},{"floor":33.0,"key":"ColorlessPotion"}],"is_trial":false,"path_per_floor":["M","?","M","?","M","E","$","R","T","?","E","R","M","E","R","B",null,"M","?","?","M","M","E","R","M","T","$","?","?","R","E","R","B",null,"M","?","?","M","?","E","R","M","T","E","$","?","?","E","R","B",null,"R","$","E","B",null],"character_chosen":"REIMU","items_purchased":["Juzu Bracelet","DoubleButterfly:ReiMu","SatanicBible","SkyOrb:ReiMu","Lee\u0027s Waffle","MerchantsRug","GuppysCollar","Succubus","Medical Kit","BodyOfKamiR:ReiMu","CleanRite:ReiMu","Anchor"],"campfire_rested":0,"item_purchase_floors":[7,7,17,27,27,27,34,34,53,53,53,53],"current_hp_per_floor":[61,46,45,45,45,31,31,31,31,31,31,31,30,19,19,19,55,51,51,51,51,51,34,34,27,27,62,62,51,51,46,46,51,39,39,39,39,39,39,39,39,36,36,20,20,15,15,15,15,15,39,39,39,15,11],"gold":49,"neow_bonus":"","is_daily":false,"chose_seed":false,"campfire_upgraded":8,"win_rate":0.0,"timestamp":1608952943,"path_taken":["M","?","M","?","M","E","$","R","T","?","E","R","M","E","R","BOSS","M","?","?","M","M","E","R","M","T","$","?","?","R","E","R","BOSS","M","?","?","M","?","E","R","M","T","E","$","?","?","E","R","BOSS","R","$","E","BOSS"],"items_purchased_type":["Relic","Card","Relic","Relic","Relic","Relic","Relic","Relic","Relic","Relic","Card","Relic"],"build_version":"2020-12-18","purchased_purges":14,"victory":true,"max_hp_per_floor":[65,65,65,65,65,65,65,65,65,65,65,65,65,65,65,65,55,55,55,55,55,55,55,55,55,55,62,62,67,67,67,67,67,39,39,39,39,39,39,39,39,39,39,39,39,39,39,39,39,39,39,39,39,39,39],"card_choices":[{"not_picked":["SafetyPray:ReiMu","SubcavityInstant:ReiMu"],"picked":"ForcedLanding:ReiMu","floor":1.0},{"not_picked":["AirStrike:ReiMu","PassingAway:ReiMu","CollectionFlower2:ReiMu"],"picked":"SKIP","floor":3.0},{"not_picked":["AlertArray:ReiMu","Intuition:ReiMu","YinYangSign:ReiMu"],"picked":"SKIP","floor":5.0},{"not_picked":["FoulBorder2:ReiMu","LearningPray:ReiMu"],"picked":"OrbThrow:ReiMu","floor":6.0},{"not_picked":["CareerPray:ReiMu","WonderfulDomain:ReiMu","PassingAway:ReiMu"],"picked":"SKIP","floor":11.0},{"not_picked":["FantasyMoon:ReiMu","SubcavityInstant:ReiMu"],"picked":"DependentForm:ReiMu","floor":13.0},{"not_picked":["SafetyPray:ReiMu","OrbThrow:ReiMu"],"picked":"YinYangSange:ReiMu","floor":14.0},{"not_picked":["KamiRite:ReiMu","KyokaiOfKami:ReiMu"],"picked":"Free:ReiMu","floor":16.0},{"not_picked":["FineLineFantasy:ReiMu","SpringWay:ReiMu","UniversalSpiritual:ReiMu+1"],"picked":"SKIP","floor":18.0},{"not_picked":["SpringWay:ReiMu","Gathering:ReiMu","CareerPray:ReiMu"],"picked":"SKIP","floor":21.0},{"not_picked":["FantasyMoon:ReiMu","AirStrike:ReiMu"],"picked":"NineCharacters:ReiMu","floor":22.0},{"not_picked":["LovePray:ReiMu","SpiritualOutbreak2:ReiMu"],"picked":"OctopathBindingBorder2:ReiMu","floor":23.0},{"not_picked":["Meditation:ReiMu","SubAcupoint:ReiMu+1","CareerPray:ReiMu"],"picked":"SKIP","floor":25.0},{"not_picked":["Revelation:ReiMu","SubAcupoint:ReiMu","KyokaiOfKami:ReiMu"],"picked":"SKIP","floor":31.0},{"not_picked":["Authority:ReiMu","Free:ReiMu"],"picked":"HakureiPhantom:ReiMu","floor":33.0},{"not_picked":["OrbThrow:ReiMu","AlertArray:ReiMu+1","AirStrike:ReiMu+1"],"picked":"SKIP","floor":35.0},{"not_picked":["LovePray:ReiMu","CareerPray:ReiMu+1"],"picked":"SpreadBorder2:ReiMu+1","floor":38.0},{"not_picked":["Bomb","BloodyBrimstone"],"picked":"Jack Of All Trades","floor":39.0},{"not_picked":["Intuition:ReiMu","AirStrike:ReiMu","Crusade:ReiMu+1"],"picked":"SKIP","floor":40.0},{"not_picked":["YinYangSign:ReiMu+1","SpringWay:ReiMu+1","LovePray:ReiMu"],"picked":"SKIP","floor":42},{"not_picked":["ShadowOfCrow2:ReiMu","OctopathBindingBorder2:ReiMu","SpreadBorder2:ReiMu+1"],"picked":"SKIP","floor":44},{"not_picked":["Meditation:ReiMu","Amulet:ReiMu+1"],"picked":"SubAcupoint:ReiMu+1","floor":48},{"not_picked":["UniversalSpiritual:ReiMu","SubcavityInstant:ReiMu","Meditation:ReiMu+1"],"picked":"SKIP","floor":54}],"player_experience":545028,"relics_obtained":[{"floor":6.0,"key":"Toy Ornithopter"},{"floor":11.0,"key":"Old Coin"},{"floor":14.0,"key":"UnicornStump"},{"floor":23.0,"key":"Bronze Scales"},{"floor":26.0,"key":"KaguraBell:ReiMu"},{"floor":31.0,"key":"DoctorsRemote"},{"floor":40.0,"key":"Boot"},{"floor":43,"key":"Bag of Marbles"},{"floor":44,"key":"Potion Belt"},{"floor":48,"key":"Gremlin Horn"},{"floor":54,"key":"Lizard Tail"}],"event_choices":[{"damage_healed":0.0,"max_hp_gain":0.0,"max_hp_loss":0.0,"gold_gain":0.0,"event_name":"The Woman in Blue","player_choice":"Bought 2 Potions","floor":4.0,"gold_loss":0.0,"damage_taken":0.0},{"damage_healed":0.0,"max_hp_gain":0.0,"max_hp_loss":0.0,"gold_gain":0.0,"event_name":"Match and Keep!","player_choice":"1 cards matched","floor":10.0,"gold_loss":0.0,"damage_taken":0.0,"cards_obtained":["SpiritualOutbreak2:ReiMu"]},{"damage_healed":0.0,"max_hp_gain":0.0,"max_hp_loss":0.0,"gold_gain":0.0,"event_name":"ZunEvent","player_choice":"π∫¬Ú…Òæ∆","floor":19.0,"gold_loss":40.0,"damage_taken":0.0,"relics_obtained":["ZunR:ReiMu"]},{"damage_healed":0.0,"max_hp_gain":0.0,"max_hp_loss":0.0,"gold_gain":0.0,"event_name":"Beggar","player_choice":"Ignored","floor":20.0,"gold_loss":0.0,"damage_taken":0.0},{"cards_removed":["Free:ReiMu"],"damage_healed":0.0,"max_hp_gain":0.0,"max_hp_loss":0.0,"gold_gain":0.0,"event_name":"Back to Basics","player_choice":"Elegance","floor":28.0,"gold_loss":0.0,"damage_taken":0.0},{"damage_healed":0.0,"max_hp_gain":5.0,"max_hp_loss":0.0,"gold_gain":0.0,"event_name":"Forgotten Altar","player_choice":"Shed Blood","floor":29.0,"gold_loss":0.0,"damage_taken":16.0},{"cards_removed":["YinYangSange:ReiMu"],"damage_healed":0.0,"max_hp_gain":0.0,"max_hp_loss":0.0,"gold_gain":0.0,"event_name":"Falling","player_choice":"Removed Power","floor":36.0,"gold_loss":0.0,"damage_taken":0.0},{"damage_healed":0.0,"max_hp_gain":0.0,"max_hp_loss":0.0,"gold_gain":0.0,"event_name":"Match and Keep!","player_choice":"0 cards matched","floor":37.0,"gold_loss":0.0,"damage_taken":0.0,"cards_obtained":[]},{"damage_healed":0.0,"max_hp_gain":0.0,"max_hp_loss":0.0,"gold_gain":0.0,"event_name":"SensoryStone","player_choice":"Memory 1","floor":39.0,"gold_loss":0.0,"damage_taken":0.0},{"damage_healed":0,"gold_gain":0,"player_choice":"Embrace Madness","damage_taken":5,"max_hp_gain":0,"max_hp_loss":0,"event_name":"Winding Halls","floor":46,"gold_loss":0,"cards_obtained":["Madness","Madness"]},{"damage_healed":0,"gold_gain":0,"player_choice":"Ignored","damage_taken":0,"max_hp_gain":0,"max_hp_loss":0,"event_name":"Tomb of Lord Red Mask","floor":47,"gold_loss":0}],"is_beta":true,"boss_relics":[{"not_picked":["Ectoplasm","Fusion Hammer"],"picked":"Runic Dome"},{"not_picked":[]},{"not_picked":["RedLine:ReiMu","Tiny House"],"picked":"Sozu"},{"not_picked":[]}],"items_purged_floors":[0,0,0,0,0,7,7,7,7,27,45,45,45,45],"is_endless":false,"potions_floor_spawned":[1,5,16,22,23,25,31,33,40,42,44],"ascension_level":0}}