{"host":"tder1l6ikse0p2as","time":1608941163,"event":{"mods":["AchievementEnabler","Aspiration","BaseMod","Best Route Mod","Better Third Choice","BetterRewards","CapriCore","Colored Powertips","Dota2Spire","Friendly Minions","Grow up Mod","Hubris","Luminous","Minty Spire (QoL Compilation)","Relic Stats","Replay The Spire","Shop Mod","StSLib","SuperFastMode","The Alterego","The Bug Knight","The Forsaken","The Marked","The Servant 0.9.4","Treasure Hunter","Uncapped"],"gold_per_floor":[117,117,128,439,457,457,482,500,526,526,554,554,583,593,593,696,696,716,732,732,732,498,539,539,588,613,651,651,675,675,317,317,423,423,439,464,490,522,553,553,579,579,602,602,562,358,377,405,405,419],"floor_reached":51,"playtime":3199,"items_purged":["theMarked:TurnInvisible","theMarked:FavorableWinds"],"score":879,"play_id":"87cec799-a76d-4e0c-b9aa-21f0d4121626","local_time":"20201226000603","daily_mods":["Vintage","Heirloom","Time Dilation","DeadlyEvents","Elite Swarm","Night Terrors","Terminal"],"is_ascension_mode":false,"campfire_choices":[{"data":"theMarked:SoldierOfQuellstein","floor":6,"key":"SMITH"},{"data":"theMarked:SoldierForm","floor":10,"key":"SMITH"},{"data":"theMarked:Strike","floor":12,"key":"SMITH"},{"floor":15,"key":"REST"},{"data":"theMarked:MysticalArsenal","floor":24,"key":"SMITH"},{"data":"theMarked:EternalStudent","floor":28,"key":"SMITH"},{"data":"TH:ArmorSpikes","floor":30,"key":"SMITH"},{"data":"TH:ArmorSpikes","floor":40,"key":"SMITH"},{"data":"theMarked:Strike","floor":42,"key":"SMITH"},{"data":"theMarked:Strike","floor":44,"key":"SMITH"},{"data":"theMarked:Defend","floor":49,"key":"SMITH"}],"circlet_count":0,"master_deck":["theMarked:Strike","theMarked:Strike","theMarked:Strike","theMarked:Strike","theMarked:Strike","theMarked:Defend","theMarked:Defend","theMarked:Defend+1","theMarked:Defend","theMarked:SoldierOfQuellstein+1","theMarked:SoldierForm+1","theMarked:UnarmedFury+1","theMarked:EternalStudent+1","theMarked:MysticalArsenal+1","theMarked:ChannelForce","theMarked:EternalStudent+1","TH:ArmorSpikes+1","theMarked:EmpowerWeapon+1","TH:ArmorSpikes+1"],"relics":["theMarked:ArtifactOfAir","hubris:Zylophone","Oddly Smooth Stone","Old Coin","Regal Pillow","Toy Ornithopter","ReplayFunnel","hubris:ToyBattleship","Blue Doll","hubris:DeckOfHolding","Smiling Mask","Sozu","theForsaken:Gavel","Potion Belt","Replay:Bandana","Dota2Spire:ShivaGuard","CaptainsWheel","Simple Rune","Whetstone","ClockworkSouvenir","War Paint","theMarked:Eyepatch","Omamori","Vajra","Centennial Puzzle","Boot","MealTicket","hubris:SlimyHat","Bronze Scales","Pondfish Scales"],"acts_visited":["Exordium","TheCity","TheBeyond"],"potions_floor_usage":[8,16,16],"damage_taken":[{"damage":5,"enemies":"Small Slimes","floor":1,"turns":4},{"damage":0,"enemies":"Cultist","floor":3,"turns":4},{"damage":6,"enemies":"Jaw Worm","floor":4,"turns":4},{"damage":7,"enemies":"2 Fungi Beasts","floor":5,"turns":4},{"damage":65,"enemies":"Gremlin Nob","floor":7,"turns":7},{"damage":10,"enemies":"Exordium Thugs","floor":8,"turns":3},{"damage":31,"enemies":"Lagavulin","floor":11,"turns":7},{"damage":16,"enemies":"HollowMod:MossKnight","floor":13,"turns":6},{"damage":11,"enemies":"Exordium Wildlife","floor":14,"turns":2},{"damage":27,"enemies":"The Guardian","floor":16,"turns":8},{"damage":0,"enemies":"Chosen","floor":18,"turns":5},{"damage":32,"enemies":"3 Byrds","floor":19,"turns":6},{"damage":50,"enemies":"Book of Stabbing","floor":23,"turns":6},{"damage":0,"enemies":"Gremlin Leader","floor":25,"turns":5},{"damage":5,"enemies":"Book of Stabbing","floor":27,"turns":5},{"damage":8,"enemies":"Snake Plant","floor":29,"turns":2},{"damage":59,"enemies":"Automaton","floor":33,"turns":7},{"damage":27,"enemies":"3 Darklings","floor":35,"turns":5},{"damage":25,"enemies":"3 Shapes","floor":36,"turns":6},{"damage":63,"enemies":"3 Darklings","floor":37,"turns":5},{"damage":23,"enemies":"4 Shapes","floor":38,"turns":4},{"damage":7,"enemies":"Maw","floor":39,"turns":6},{"damage":14,"enemies":"Writhing Mass","floor":41,"turns":4},{"damage":18,"enemies":"Sphere and 2 Shapes","floor":47,"turns":4},{"damage":19,"enemies":"Transient","floor":48,"turns":5},{"damage":68,"enemies":"Awakened One","floor":50,"turns":10}],"seed_played":"-4393430147964587943","potions_obtained":[{"floor":3,"key":"Swift Potion"},{"floor":4,"key":"Dota2Spire:Clarity"},{"floor":5,"key":"SmokeBomb"},{"floor":11,"key":"CultistPotion"},{"floor":14,"key":"Toxic Potion"}],"is_trial":true,"path_per_floor":["M","?","M","M","M","R","E","M","T","R","E","R","E","M","R","B",null,"M","M","?","?","$","E","R","E","T","E","R","M","R","$","R","B",null,"M","M","M","M","M","R","M","R","T","R","?","$","M","M","R","B",null],"character_chosen":"THE_DEFAULT","items_purchased":["theMarked:MysticalArsenal","Replay:Bandana","ClockworkSouvenir","War Paint","theMarked:EmpowerWeapon","hubris:SlimyHat"],"campfire_rested":1,"item_purchase_floors":[22,22,31,31,31,46],"current_hp_per_floor":[84,94,104,108,111,121,66,71,81,91,70,80,74,73,209,192,227,236,214,224,234,244,204,214,224,234,239,249,251,261,271,357,308,375,358,343,290,277,280,290,286,296,306,316,326,351,343,334,344,286],"gold":419,"neow_bonus":"","is_daily":false,"chose_seed":false,"campfire_upgraded":10,"win_rate":0.0,"timestamp":1608941163,"path_taken":["M","?","M","M","?","R","E","M","T","R","E","R","?","M","R","BOSS","M","M","?","?","$","E","R","E","T","?","R","M","R","$","R","BOSS","M","M","M","M","M","R","M","R","T","R","?","$","M","M","R","BOSS"],"items_purchased_type":["Card","Relic","Relic","Relic","Card","Relic"],"build_version":"2020-12-22","purchased_purges":2,"victory":true,"max_hp_per_floor":[88,97,106,115,124,133,142,151,160,169,178,187,196,205,209,218,227,236,245,254,263,272,281,290,299,308,317,326,335,344,353,357,366,375,384,393,402,411,420,429,438,447,456,465,474,483,492,501,510,519],"relic_stats":{"Sozu":10,"Regal Pillow":0,"Centennial Puzzle":[12],"counters":[26,134],"Bronze Scales":[57],"MealTicket":15,"Whetstone":["theMarked:UnarmedFury","theMarked:Strike"],"War Paint":["theMarked:Defend","theMarked:Defend"],"Smiling Mask":75,"Boot":[0],"obtain_stats":[{"ReplayFunnel":8,"Regal Pillow":5,"Vajra":38,"Blue Doll":11,"hubris:SlimyHat":46,"Whetstone":27,"Smiling Mask":14,"theForsaken:Gavel":18,"Boot":41,"Old Coin":4,"ClockworkSouvenir":31,"Sozu":17,"Replay:Bandana":22,"Centennial Puzzle":39,"hubris:DeckOfHolding":13,"MealTicket":43,"theMarked:Eyepatch":34,"Potion Belt":19,"Oddly Smooth Stone":1,"Dota2Spire:ShivaGuard":23,"Omamori":36,"War Paint":31,"hubris:Zylophone":0,"theMarked:ArtifactOfAir":0,"CaptainsWheel":25,"Pondfish Scales":48,"Bronze Scales":47,"Simple Rune":26,"hubris:ToyBattleship":9,"Toy Ornithopter":7},{"ReplayFunnel":6,"Regal Pillow":4,"Vajra":21,"Blue Doll":7,"hubris:SlimyHat":23,"Whetstone":15,"Smiling Mask":9,"theForsaken:Gavel":11,"Boot":23,"Old Coin":3,"ClockworkSouvenir":16,"Sozu":10,"Replay:Bandana":12,"Centennial Puzzle":22,"hubris:DeckOfHolding":8,"MealTicket":23,"theMarked:Eyepatch":17,"Potion Belt":12,"Oddly Smooth Stone":1,"Dota2Spire:ShivaGuard":13,"Omamori":19,"War Paint":16,"hubris:Zylophone":0,"theMarked:ArtifactOfAir":0,"CaptainsWheel":14,"Pondfish Scales":25,"Bronze Scales":24,"Simple Rune":14,"hubris:ToyBattleship":6,"Toy Ornithopter":5},{"ReplayFunnel":26,"Regal Pillow":16,"Vajra":105,"Blue Doll":33,"hubris:SlimyHat":115,"Whetstone":76,"Smiling Mask":41,"theForsaken:Gavel":54,"Boot":115,"Old Coin":12,"ClockworkSouvenir":78,"Sozu":49,"Replay:Bandana":60,"Centennial Puzzle":111,"hubris:DeckOfHolding":39,"MealTicket":115,"theMarked:Eyepatch":85,"Potion Belt":60,"Oddly Smooth Stone":4,"Dota2Spire:ShivaGuard":66,"Omamori":96,"War Paint":78,"hubris:Zylophone":0,"theMarked:ArtifactOfAir":0,"CaptainsWheel":71,"Pondfish Scales":124,"Bronze Scales":119,"Simple Rune":71,"hubris:ToyBattleship":26,"Toy Ornithopter":23}],"Toy Ornithopter":5},"card_choices":[{"not_picked":["theMarked:TakeOffHeels","theMarked:EternalStudent"],"picked":"theMarked:SoldierForm","floor":7},{"not_picked":["TH:ElvenBoots","TH:CopperCoins"],"picked":"SKIP","floor":7},{"not_picked":["TH:Mimic","TH:CursedSword"],"picked":"SKIP","floor":9},{"not_picked":["theMarked:Defy","theMarked:Levitate"],"picked":"theMarked:FavorableWinds","floor":11},{"not_picked":["TH:BikiniMail","TH:CursedSword"],"picked":"SKIP","floor":11},{"not_picked":["theMarked:MuscleMemory","theMarked:DispelDoubt"],"picked":"theMarked:UnarmedFury","floor":13},{"not_picked":["TH:TreasureMap","TH:Mimic"],"picked":"SKIP","floor":13},{"not_picked":["theMarked:SuspiciousRaven","theMarked:TakeOffHeels"],"picked":"theMarked:EternalStudent","floor":16},{"not_picked":["TH:EnergyPotion","TH:CursedSword"],"picked":"SKIP","floor":23},{"not_picked":["theMarked:DispelDoubt","theMarked:ChannelForce","theMarked:TakeOffHeels"],"picked":"SKIP","floor":23},{"not_picked":["theMarked:Defy","theMarked:MuscleMemory"],"picked":"theMarked:ChannelForce","floor":25},{"not_picked":["TH:TreasureMap","TH:BikiniMail"],"picked":"SKIP","floor":25},{"not_picked":["TH:ArmorSpikes","TH:CursedSword"],"picked":"SKIP","floor":26},{"not_picked":["theMarked:TakeOffHeels","theMarked:Challenge"],"picked":"theMarked:EternalStudent","floor":27},{"not_picked":["TH:Mimic"],"picked":"TH:ArmorSpikes","floor":27},{"not_picked":["TH:ElvenBoots"],"picked":"TH:ArmorSpikes","floor":33},{"not_picked":["TH:TreasureMap","TH:ElvenBoots"],"picked":"SKIP","floor":43}],"player_experience":127514,"relics_obtained":[{"floor":1,"key":"Oddly Smooth Stone"},{"floor":4,"key":"Old Coin"},{"floor":5,"key":"Regal Pillow"},{"floor":7,"key":"Toy Ornithopter"},{"floor":8,"key":"ReplayFunnel"},{"floor":9,"key":"hubris:ToyBattleship"},{"floor":11,"key":"Blue Doll"},{"floor":13,"key":"hubris:DeckOfHolding"},{"floor":14,"key":"Smiling Mask"},{"floor":18,"key":"theForsaken:Gavel"},{"floor":19,"key":"Potion Belt"},{"floor":23,"key":"Dota2Spire:ShivaGuard"},{"floor":25,"key":"CaptainsWheel"},{"floor":26,"key":"Simple Rune"},{"floor":27,"key":"Whetstone"},{"floor":36,"key":"Omamori"},{"floor":38,"key":"Vajra"},{"floor":39,"key":"Centennial Puzzle"},{"floor":41,"key":"Boot"},{"floor":43,"key":"MealTicket"},{"floor":47,"key":"Bronze Scales"},{"floor":48,"key":"Pondfish Scales"}],"event_choices":[{"damage_healed":0,"gold_gain":0,"player_choice":"1 cards matched","damage_taken":0,"max_hp_gain":0,"max_hp_loss":0,"event_name":"Match and Keep!","floor":2,"gold_loss":0,"cards_obtained":["theMarked:TurnInvisible"]},{"damage_healed":0,"gold_gain":0,"player_choice":"Forge","damage_taken":0,"max_hp_gain":0,"max_hp_loss":0,"event_name":"Accursed Blacksmith","floor":21,"gold_loss":0,"cards_upgraded":["theMarked:EternalStudent"]},{"damage_healed":0,"gold_gain":0,"player_choice":"Bought 3 Potions","damage_taken":0,"max_hp_gain":0,"max_hp_loss":0,"event_name":"The Woman in Blue","floor":45,"gold_loss":0}],"is_beta":false,"boss_relics":[{"not_picked":["Painkiller Herb","theMarked:SpiritSword"],"picked":"Sozu"},{"not_picked":["aspiration:PoetsPen_weak","Runic Pyramid"],"picked":"theMarked:Eyepatch"}],"items_purged_floors":[22,46],"is_endless":false,"potions_floor_spawned":[3,4,5,11,14,19,23,29,38,39,47,48],"ascension_level":0}}