{"host":"63rwe7p34ct1i0qu","time":1608985852,"event":{"mods":["BaseMod","Colored Map","DeckTracker","Minty Spire (QoL Compilation)","Permanent Neow","Quick Restart","StSLib"],"gold_per_floor":[14,34,34,53,53,53,86,102,102,117,130,130,130,145,145,246,246,246,246,246,246,246,246,246,246,246,246,246,246,246,246,246,246,246,246,246,246,246,2,2,2],"floor_reached":40,"playtime":1947,"items_purged":[],"score":624,"play_id":"3600eee6-0f28-47f7-beb8-5d8b4bf09787","local_time":"20201226213052","is_ascension_mode":true,"campfire_choices":[{"data":"Perfected Strike","floor":6.0,"key":"SMITH"},{"floor":12.0,"key":"REST"},{"floor":15.0,"key":"REST"},{"data":"Perfected Strike","floor":23.0,"key":"SMITH"},{"floor":27.0,"key":"DIG"},{"floor":29.0,"key":"DIG"},{"floor":32,"key":"DIG"}],"circlet_count":0,"master_deck":["AscendersBane","Strike_R","Strike_R","Strike_R","Strike_R","Strike_R","Defend_R","Defend_R","Defend_R","Bash","Perfected Strike+1","Perfected Strike+1","Twin Strike","Immolate","Pommel Strike","Pommel Strike","Double Tap","Twin Strike+1","Pommel Strike","RitualDagger","Impervious","Twin Strike+1","Shrug It Off+1","Master of Strategy"],"relics":["Black Blood","TungstenRod","Tiny Chest","Lizard Tail","Darkstone Periapt","Ectoplasm","Red Mask","Oddly Smooth Stone","Shovel","Molten Egg 2","Meat on the Bone","Blood Vial"],"acts_visited":["Exordium","TheCity","TheBeyond"],"potions_floor_usage":[30,33,38],"damage_taken":[{"damage":8.0,"enemies":"Cultist","floor":1.0,"turns":5.0},{"damage":2.0,"enemies":"Jaw Worm","floor":2.0,"turns":3.0},{"damage":7.0,"enemies":"Small Slimes","floor":4.0,"turns":2.0},{"damage":36.0,"enemies":"3 Sentries","floor":7.0,"turns":5.0},{"damage":7.0,"enemies":"Blue Slaver","floor":8.0,"turns":2.0},{"damage":14.0,"enemies":"3 Louse","floor":10.0,"turns":2.0},{"damage":21.0,"enemies":"Exordium Thugs","floor":11.0,"turns":4.0},{"damage":7.0,"enemies":"Blue Slaver","floor":14.0,"turns":2.0},{"damage":55.0,"enemies":"Hexaghost","floor":16.0,"turns":9.0},{"damage":5.0,"enemies":"Chosen","floor":18.0,"turns":3.0},{"damage":0.0,"enemies":"2 Thieves","floor":20.0,"turns":1.0},{"damage":24.0,"enemies":"Centurion and Healer","floor":21.0,"turns":3.0},{"damage":0.0,"enemies":"Masked Bandits","floor":22.0,"turns":2.0},{"damage":3.0,"enemies":"Shelled Parasite and Fungi","floor":28.0,"turns":2.0},{"damage":9,"enemies":"Snecko","floor":30,"turns":3},{"damage":109,"enemies":"Automaton","floor":33,"turns":9},{"damage":27,"enemies":"3 Darklings","floor":35,"turns":3},{"damage":5,"enemies":"3 Shapes","floor":37,"turns":6},{"damage":3,"enemies":"Sphere and 2 Shapes","floor":38,"turns":3},{"damage":90,"enemies":"Giant Head","floor":40,"turns":6}],"seed_played":"-4639118828791488822","potions_obtained":[{"floor":2.0,"key":"Strength Potion"},{"floor":7.0,"key":"EntropicBrew"},{"floor":10.0,"key":"SkillPotion"},{"floor":11.0,"key":"SmokeBomb"},{"floor":21.0,"key":"FearPotion"},{"floor":22.0,"key":"Swift Potion"},{"floor":37,"key":"GamblersBrew"}],"is_trial":false,"path_per_floor":["M","M","?","M","?","R","E","M","T","M","M","R","$","M","R","B",null,"M","?","M","M","?","R","?","T","T","R","M","R","M","?","R","B",null,"M","$","M","M","$","E"],"character_chosen":"IRONCLAD","items_purchased":["Master of Strategy","FearPotion"],"campfire_rested":2,"item_purchase_floors":[39,39],"current_hp_per_floor":[70,74,68,67,65,65,35,34,34,26,11,35,35,34,58,9,62,63,63,69,51,57,57,52,52,52,52,55,55,52,78,78,43,71,58,58,67,78,78,0,0],"gold":2,"neow_bonus":"ONE_RARE_RELIC","is_daily":false,"chose_seed":false,"campfire_upgraded":2,"win_rate":0.0,"timestamp":1608985852,"path_taken":["M","?","?","M","?","R","E","M","T","M","M","R","$","M","R","BOSS","M","?","M","M","?","R","?","?","T","R","M","R","?","?","R","BOSS","M","$","M","M","$","E"],"items_purchased_type":["Card","Potion"],"build_version":"2020-12-22","purchased_purges":0,"victory":false,"max_hp_per_floor":[80,80,80,80,80,80,80,80,80,80,80,80,80,80,80,80,80,80,80,80,80,80,80,80,80,80,80,80,80,80,80,80,80,80,80,80,80,80,80,80,80],"card_choices":[{"not_picked":["True Grit","Shrug It Off"],"picked":"Perfected Strike","floor":1.0},{"not_picked":["Wild Strike","Flex"],"picked":"Perfected Strike","floor":2.0},{"not_picked":["Warcry","Entrench"],"picked":"Twin Strike","floor":4.0},{"not_picked":["Perfected Strike","Iron Wave"],"picked":"Immolate","floor":7.0},{"not_picked":["Iron Wave","Feel No Pain","Metallicize"],"picked":"SKIP","floor":8.0},{"not_picked":["Rupture","Evolve"],"picked":"Pommel Strike","floor":10.0},{"not_picked":["Clash","Ghostly Armor"],"picked":"Pommel Strike","floor":11.0},{"not_picked":["Body Slam","Headbutt","Sword Boomerang"],"picked":"SKIP","floor":14.0},{"not_picked":["Immolate","Limit Break"],"picked":"Double Tap","floor":16.0},{"not_picked":["Iron Wave","Havoc"],"picked":"Twin Strike+1","floor":18.0},{"not_picked":["Headbutt","Pummel"],"picked":"Pommel Strike","floor":21.0},{"not_picked":["Intimidate","Sword Boomerang+1","Iron Wave+1"],"picked":"SKIP","floor":28.0},{"not_picked":["Clothesline+1","Headbutt+1","Juggernaut"],"picked":"SKIP","floor":30},{"not_picked":["Barricade","Exhume"],"picked":"Impervious","floor":33},{"not_picked":["Disarm","Thunderclap+1"],"picked":"Twin Strike+1","floor":35},{"not_picked":["Rampage+1","Anger+1","Power Through+1"],"picked":"SKIP","floor":37},{"not_picked":["Feel No Pain","Power Through"],"picked":"Shrug It Off+1","floor":38}],"player_experience":819560,"relics_obtained":[{"floor":7.0,"key":"Lizard Tail"},{"floor":9.0,"key":"Darkstone Periapt"},{"floor":22.0,"key":"Red Mask"},{"floor":25.0,"key":"Oddly Smooth Stone"},{"floor":26.0,"key":"Shovel"},{"floor":27.0,"key":"Molten Egg 2"},{"floor":29.0,"key":"Meat on the Bone"},{"floor":32,"key":"Blood Vial"}],"event_choices":[{"cards_removed":["Defend_R"],"damage_healed":0.0,"max_hp_gain":0.0,"max_hp_loss":0.0,"gold_gain":0.0,"event_name":"Golden Wing","player_choice":"Card Removal","floor":3.0,"gold_loss":0.0,"damage_taken":7.0},{"damage_healed":0.0,"max_hp_gain":0.0,"max_hp_loss":0.0,"gold_gain":0.0,"event_name":"Scrap Ooze","player_choice":"Success","floor":5.0,"gold_loss":0.0,"damage_taken":3.0,"relics_obtained":["Tiny Chest"]},{"damage_healed":0.0,"max_hp_gain":0.0,"max_hp_loss":0.0,"gold_gain":0.0,"event_name":"Vampires","player_choice":"Ignored","floor":19.0,"gold_loss":0.0,"damage_taken":0.0},{"damage_healed":0.0,"max_hp_gain":0.0,"max_hp_loss":0.0,"gold_gain":0.0,"event_name":"Masked Bandits","player_choice":"Fought Bandits","floor":22.0,"gold_loss":0.0,"damage_taken":0.0},{"damage_healed":0.0,"max_hp_gain":0.0,"max_hp_loss":0.0,"gold_gain":0.0,"event_name":"Nest","player_choice":"Joined the Cult","floor":24.0,"gold_loss":0.0,"damage_taken":6.0,"cards_obtained":["RitualDagger"]},{"damage_healed":26,"gold_gain":0,"player_choice":"Heal","damage_taken":0,"max_hp_gain":0,"max_hp_loss":0,"event_name":"The Library","floor":31,"gold_loss":0}],"is_beta":false,"boss_relics":[{"not_picked":["Runic Cube","Busted Crown"],"picked":"Ectoplasm"},{"not_picked":["SlaversCollar","Runic Pyramid"],"picked":"Black Blood"}],"items_purged_floors":[],"is_endless":false,"potions_floor_spawned":[2,7,10,11,21,22,28,37],"killed_by":"Giant Head","ascension_level":12}}