{"host":"6xsbn6ynqlzwllfm","time":1608993591,"event":{"mods":["2.2 Compatiblity","BaseMod","Bestiary","Colored Map","Colored Powertips","Curses Come First","Downfall","Highlight Path","Keyboard Shortcuts","Minty Spire (QoL Compilation)","Quick Restart","Relic Stats","Slay the Relics Exporter","StSLib","SuperFastMode"],"gold_per_floor":[111,124,124,124,143,143,154,184,184,184,211,225,225,225],"floor_reached":13,"playtime":300,"items_purged":[],"score":240,"play_id":"a061b651-dbc6-48b1-a2bb-c80cc1f5a760","local_time":"20201226093951","is_ascension_mode":true,"campfire_choices":[{"data":"Rampage","floor":6,"key":"SMITH"},{"data":"True Grit","floor":10,"key":"SMITH"}],"circlet_count":0,"master_deck":["AscendersBane","Strike_R+1","Strike_R+1","Strike_R","Strike_R","Defend_R+1","Defend_R","Defend_R","Defend_R","Bash+1","Clothesline","Headbutt","Rampage+1","True Grit+1","Fiend Fire"],"relics":["Velvet Choker","Whetstone","Pear","CaptainsWheel"],"acts_visited":["Exordium"],"potions_floor_usage":[8,8,13],"damage_taken":[{"damage":8,"enemies":"Small Slimes","floor":1,"turns":3},{"damage":0,"enemies":"2 Louse","floor":2,"turns":2},{"damage":0,"enemies":"Cultist","floor":5,"turns":3},{"damage":4,"enemies":"Exordium Wildlife","floor":7,"turns":3},{"damage":0,"enemies":"Lagavulin","floor":8,"turns":3},{"damage":19,"enemies":"3 Sentries","floor":11,"turns":10},{"damage":13,"enemies":"2 Fungi Beasts","floor":12,"turns":4},{"damage":6,"enemies":"Lagavulin","floor":13,"turns":4}],"seed_played":"1520217866879645115","potions_obtained":[{"floor":1,"key":"SteroidPotion"},{"floor":2,"key":"LiquidBronze"},{"floor":5,"key":"DuplicationPotion"},{"floor":12,"key":"CultistPotion"}],"is_trial":false,"path_per_floor":["M","M","?","?","M","R","M","E","T","R","E","M","E"],"character_chosen":"IRONCLAD","items_purchased":[],"campfire_rested":0,"item_purchase_floors":[],"current_hp_per_floor":[60,60,37,30,30,30,26,26,36,36,17,4,0,0],"gold":225,"neow_bonus":"BOSS_RELIC","is_daily":false,"chose_seed":false,"campfire_upgraded":2,"win_rate":0.0,"timestamp":1608993591,"path_taken":["M","M","?","?","M","R","M","E","T","R","E","M","E"],"items_purchased_type":[],"build_version":"2020-12-22","purchased_purges":0,"victory":false,"max_hp_per_floor":[75,75,75,75,75,75,75,75,85,85,85,85,85,85],"relic_stats":{"counters":[8,32],"Whetstone":["Bash","Strike_R"],"obtain_stats":[{"CaptainsWheel":11,"Pear":9,"Velvet Choker":0,"Whetstone":8,"Burning Blood":0},{"CaptainsWheel":6,"Pear":5,"Velvet Choker":0,"Whetstone":5,"Burning Blood":0},{"CaptainsWheel":24,"Pear":14,"Velvet Choker":0,"Whetstone":14,"Burning Blood":0}]},"card_choices":[{"not_picked":["Feel No Pain","Heavy Blade"],"picked":"Clothesline","floor":1},{"not_picked":["Clothesline","Havoc"],"picked":"Headbutt","floor":2},{"not_picked":["Anger","Disarm"],"picked":"Rampage","floor":5},{"not_picked":["Thunderclap","Flex"],"picked":"True Grit","floor":8},{"not_picked":["Headbutt","Anger"],"picked":"Fiend Fire","floor":11}],"player_experience":1262811,"relics_obtained":[{"floor":8,"key":"Whetstone"},{"floor":9,"key":"Pear"},{"floor":11,"key":"CaptainsWheel"}],"event_choices":[{"damage_healed":0,"gold_gain":0,"player_choice":"Entered Light","damage_taken":23,"max_hp_gain":0,"max_hp_loss":0,"event_name":"Shining Light","floor":3,"gold_loss":0,"cards_upgraded":["Strike_R","Defend_R"]},{"cards_removed":["Strike_R"],"damage_healed":0,"gold_gain":0,"player_choice":"Card Removal","damage_taken":7,"max_hp_gain":0,"max_hp_loss":0,"event_name":"Golden Wing","floor":4,"gold_loss":0}],"is_beta":false,"boss_relics":[],"items_purged_floors":[],"is_endless":false,"potions_floor_spawned":[1,2,5,12],"killed_by":"Lagavulin","ascension_level":20}}