{"host":"6qo42zgaknezulyg","time":1608974623,"event":{"mods":["2.2 Compatiblity","BaseMod","Colored Map","Downfall","Highlight Path","Keyboard Shortcuts","Minty Spire (QoL Compilation)","Permanent Neow","Quick Restart","StSLib","SuperFastMode"],"gold_per_floor":[0,11,11,31,43,58,85,110,121,151,169,319,80,90,100,201,201,126,136,153,153,165,194,220,236,263,277,296,306,306,306,326,428,428,428,445,463,463,483,127,202,216,214,214,232,282,363,373,389,389],"floor_reached":51,"playtime":4464,"items_purged":["Slimebound:Icky","Slimebound:Tackle+1","champ:Balance"],"score":914,"play_id":"88942074-9663-486a-aabd-a47a2736f161","local_time":"20201226182343","is_ascension_mode":true,"campfire_choices":[{"data":"expansioncontent:DashGenerateEvil","floor":1.0,"key":"SMITH"},{"data":"champ:Aggression","floor":18.0,"key":"SMITH"},{"floor":30.0,"key":"REST"},{"data":"champ:IgnorePain","floor":35.0,"key":"SMITH"},{"data":"champ:RapidStrikes","floor":44.0,"key":"SMITH"}],"circlet_count":0,"master_deck":["champ:Defend","champ:Defend","champ:Defend","champ:Defend+1","champ:Execute","champ:Taunt+1","expansioncontent:DashGenerateEvil+1","champ:Shatter","champ:SteelEdge","champ:ArenaPreparation+1","champ:IgnorePain+1","champ:Aggression+1","champ:AdrenalArmor","champ:BerserkerStyle","champ:CrookedStrike","champ:RapidStrikes+1","champ:EnchantCrown","champ:Control","champ:CalledShot+1","champ:Aggression","champ:LastStand+1","champ:FaceSlap","Slimebound:Tackle+1","Slimebound:Tackle+1","champ:StrikeOfGenius+1","champ:AdrenalArmor+1","champ:Balance+1","champ:Improvising+1","Flash of Steel","champ:IronFortress+1","champ:ViciousMockery+1"],"relics":["champ:ChampionCrown","Strawberry","Orichalcum","War Paint","Philosopher\u0027s Stone","downfall:HeartBlessingGreen","Nloth\u0027s Gift","Bottled Tornado","Boot","Frozen Egg 2","champ:PowerArmor","Membership Card","Nunchaku","Eternal Feather","champ:FightingForDummies","Oddly Smooth Stone","Toolbox","Du-Vu Doll"],"acts_visited":["Exordium","TheCity","TheBeyond"],"potions_floor_usage":[50,50],"damage_taken":[{"damage":0.0,"enemies":"Jaw Worm","floor":2.0,"turns":3.0},{"damage":11.0,"enemies":"Cultist","floor":4.0,"turns":3.0},{"damage":0.0,"enemies":"Small Slimes","floor":5.0,"turns":1.0},{"damage":0.0,"enemies":"3 Louse","floor":6.0,"turns":3.0},{"damage":38.0,"enemies":"Lagavulin","floor":8.0,"turns":6.0},{"damage":9.0,"enemies":"Red Slaver","floor":9.0,"turns":4.0},{"damage":24.0,"enemies":"Gremlin Nob","floor":10.0,"turns":3.0},{"damage":33.0,"enemies":"Large Slime","floor":11.0,"turns":4.0},{"damage":40.0,"enemies":"downfall:FleeingMerchant","floor":13.0,"turns":4.0},{"damage":15.0,"enemies":"3 Louse","floor":14.0,"turns":2.0},{"damage":20.0,"enemies":"Red Slaver","floor":15.0,"turns":2.0},{"damage":48.0,"enemies":"downfall:Watcher","floor":16.0,"turns":7.0},{"damage":27.0,"enemies":"Shell Parasite","floor":19.0,"turns":4.0},{"damage":23.0,"enemies":"Chosen","floor":20.0,"turns":6.0},{"damage":43.0,"enemies":"Shelled Parasite and Fungi","floor":22.0,"turns":4.0},{"damage":59.0,"enemies":"Gremlin Leader","floor":23.0,"turns":4.0},{"damage":41.0,"enemies":"Snake Plant","floor":25.0,"turns":3.0},{"damage":50.0,"enemies":"Slavers","floor":26.0,"turns":3.0},{"damage":27.0,"enemies":"Centurion and Healer","floor":27.0,"turns":4.0},{"damage":15.0,"enemies":"Sentry and Sphere","floor":28.0,"turns":4.0},{"damage":19.0,"enemies":"3 Cultists","floor":29.0,"turns":4.0},{"damage":23.0,"enemies":"Centurion and Healer","floor":32.0,"turns":3.0},{"damage":75.0,"enemies":"downfall:Defect","floor":33.0,"turns":6.0},{"damage":38.0,"enemies":"3 Shapes","floor":36.0,"turns":3.0},{"damage":35.0,"enemies":"3 Darklings","floor":37.0,"turns":3.0},{"damage":45.0,"enemies":"Transient","floor":39.0,"turns":5.0},{"damage":44.0,"enemies":"downfall:FleeingMerchant","floor":40.0,"turns":4.0},{"damage":31.0,"enemies":"Sphere and 2 Shapes","floor":42.0,"turns":5.0},{"damage":18.0,"enemies":"downfall:FleeingMerchant","floor":43.0,"turns":4.0},{"damage":17.0,"enemies":"Writhing Mass","floor":45.0,"turns":7.0},{"damage":29.0,"enemies":"Mind Bloom Boss Battle","floor":46.0,"turns":8.0},{"damage":34.0,"enemies":"4 Shapes","floor":48.0,"turns":5.0},{"damage":42.0,"enemies":"Sphere and 2 Shapes","floor":49.0,"turns":5.0},{"damage":70,"enemies":"downfall:Ironclad","floor":50,"turns":9}],"seed_played":"7287705843540672349","potions_obtained":[{"floor":5.0,"key":"Explosive Potion"},{"floor":6.0,"key":"Strength Potion"},{"floor":9.0,"key":"Block Potion"},{"floor":10.0,"key":"Dexterity Potion"},{"floor":11.0,"key":"LiquidBronze"},{"floor":15.0,"key":"ColorlessPotion"},{"floor":22.0,"key":"Block Potion"},{"floor":25.0,"key":"GamblersBrew"},{"floor":27.0,"key":"Explosive Potion"},{"floor":29.0,"key":"sneckomod:MuddlingPotion"},{"floor":32.0,"key":"champ:CounterPotion"},{"floor":36.0,"key":"EssenceOfSteel"},{"floor":37.0,"key":"champ:OpenerPotion"}],"is_trial":false,"path_per_floor":["R","M","?","M","M","M","T","E","M","E","M","?","$","M","M","B",null,"R","M","M","?","M","E","T","M","E","M","M","M","R","?","M","B",null,"R","M","M","?","M","$","T","M","?","R","M","?","T","M","M","B",null],"character_chosen":"THE_CHAMP","items_purchased":["Orrery","Membership Card","champ:Improvising+1","Nunchaku","PowerPotion","champ:FightingForDummies","Oddly Smooth Stone","Flash of Steel","Toolbox"],"campfire_rested":1,"item_purchase_floors":[13,40,40,40,40,43,43,43,43],"current_hp_per_floor":[90,90,90,89,89,89,96,81,77,77,87,87,83,83,83,74,91,91,90,90,90,72,72,72,51,20,16,16,10,39,39,35,14,76,76,51,43,97,81,73,73,70,70,85,84,84,84,80,71,44],"gold":389,"neow_bonus":"RANDOM_COLORLESS_2","is_daily":false,"chose_seed":false,"campfire_upgraded":4,"win_rate":0.0,"timestamp":1608974623,"path_taken":["R","M","?","M","M","M","T","E","?","E","M","?","$","M","M","BOSS","R","M","M","?","M","E","T","M","E","?","M","M","R","?","M","BOSS","R","M","M","?","?","$","T","M","?","R","M","?","?","M","M","BOSS"],"items_purchased_type":["Relic","Relic","Card","Relic","Potion","Relic","Relic","Card","Relic"],"build_version":"2020-12-22","purchased_purges":3,"victory":true,"max_hp_per_floor":[90,90,90,90,90,90,97,97,97,97,97,97,97,97,97,97,97,97,97,97,97,97,97,97,97,97,97,97,97,97,97,97,97,97,97,97,97,97,97,97,97,97,97,97,97,97,97,97,97,97],"card_choices":[{"not_picked":["Secret Weapon","Thinking Ahead"],"picked":"expansioncontent:DashGenerateEvil","floor":0.0},{"not_picked":["champ:FocusedBerserking","champ:PerfectedStrike"],"picked":"champ:DeathBlow","floor":2.0},{"not_picked":["champ:FlashCut","champ:DefensiveShout"],"picked":"champ:Shatter","floor":4.0},{"not_picked":["champ:Haymaker","champ:FightOn"],"picked":"champ:SteelEdge","floor":5.0},{"not_picked":["champ:DeathBlow","champ:FlashCut","champ:Circumvent"],"picked":"SKIP","floor":6.0},{"not_picked":["champ:RapidStrikes","champ:GladiatorsShout"],"picked":"champ:ArenaPreparation","floor":8.0},{"not_picked":["champ:IronFortress","champ:FalseCounter","champ:GladiatorsShout"],"picked":"SKIP","floor":9.0},{"not_picked":["champ:ArenaPreparation","champ:Balance"],"picked":"champ:IgnorePain","floor":10.0},{"not_picked":["champ:RapidStrikes","champ:FocusedDefense"],"picked":"champ:Aggression","floor":11.0},{"not_picked":["champ:FightOn","champ:StanceDance","champ:FanOfKnives"],"picked":"SKIP","floor":13.0},{"not_picked":["champ:SteelEdge","champ:FanOfKnives"],"picked":"champ:AdrenalArmor","floor":13.0},{"not_picked":["champ:DancingMaster","champ:Riposte"],"picked":"champ:Balance","floor":13.0},{"not_picked":["champ:Haymaker","champ:RageSigil"],"picked":"champ:BerserkerStyle","floor":13.0},{"not_picked":["champ:Duel","champ:MurderStrike"],"picked":"champ:CrookedStrike","floor":13.0},{"not_picked":["champ:FanOfKnives","champ:SwordSigil","champ:RageSigil"],"picked":"SKIP","floor":14.0},{"not_picked":["champ:DefensiveShout","champ:FalseCounter"],"picked":"champ:RapidStrikes","floor":15.0},{"not_picked":["champ:ShieldThrow","champ:EnchantShield"],"picked":"champ:EnchantCrown","floor":16.0},{"not_picked":["champ:FlashCut+1","champ:RageSigil+1"],"picked":"champ:Control","floor":19.0},{"not_picked":["champ:DeathBlow","champ:DefensiveShout+1","champ:SwordSigil"],"picked":"SKIP","floor":20.0},{"not_picked":["champ:GutPunch","champ:GladiatorsShout"],"picked":"champ:CalledShot+1","floor":22.0},{"not_picked":["champ:TornadoPunch","champ:FocusedDefense"],"picked":"champ:Aggression","floor":23.0},{"not_picked":["champ:FlashCut","champ:EnchantCrown","champ:FightOn"],"picked":"SKIP","floor":25.0},{"not_picked":["champ:Haymaker","champ:FlashCut"],"picked":"champ:LastStand+1","floor":26.0},{"not_picked":["champ:TornadoPunch+1","champ:RageSigil","champ:DefensiveShout+1"],"picked":"SKIP","floor":27.0},{"not_picked":["champ:HeartStrike","champ:SwordSigil","champ:TornadoPunch+1"],"picked":"SKIP","floor":28.0},{"not_picked":["champ:TornadoPunch","champ:SwordSigil"],"picked":"champ:FaceSlap","floor":29.0},{"not_picked":["champ:Circumvent","champ:EnragedBash","champ:AdrenalArmor"],"picked":"SKIP","floor":32.0},{"not_picked":["champ:PerfectForm+1","champ:ShieldSlam"],"picked":"champ:StrikeOfGenius+1","floor":33.0},{"not_picked":["champ:ArenaPreparation","champ:StanceDance+1"],"picked":"champ:AdrenalArmor+1","floor":36.0},{"not_picked":["champ:CrookedStrike","champ:DefensiveStyle+1","champ:Backstep"],"picked":"SKIP","floor":37.0},{"not_picked":["champ:FocusedDefense","champ:TornadoPunch","champ:ShieldSigil+1"],"picked":"SKIP","floor":39.0},{"not_picked":["champ:RecklessLeap+1","champ:Backstep"],"picked":"champ:Balance+1","floor":40.0},{"not_picked":["champ:FocusedBerserking","champ:RageSigil+1","champ:FlashCut"],"picked":"SKIP","floor":42.0},{"not_picked":["champ:TornadoPunch","champ:Control+1","champ:Haymaker"],"picked":"SKIP","floor":43.0},{"not_picked":["champ:SkillfulDodge+1","champ:RageSigil+1","champ:TornadoPunch"],"picked":"SKIP","floor":45.0},{"not_picked":["champ:PerfectedStrike","champ:PreciseThrust"],"picked":"champ:IronFortress+1","floor":46.0},{"not_picked":["champ:ShieldSigil","champ:BerserkersShout+1"],"picked":"champ:ViciousMockery+1","floor":48.0},{"not_picked":["champ:SteelEdge","champ:RapidStrikes+1","champ:Haymaker+1"],"picked":"SKIP","floor":49.0}],"player_experience":1047795,"relics_obtained":[{"floor":7.0,"key":"Strawberry"},{"floor":8.0,"key":"Orichalcum"},{"floor":10.0,"key":"War Paint"},{"floor":23.0,"key":"Bottled Tornado"},{"floor":24.0,"key":"Boot"},{"floor":26.0,"key":"Frozen Egg 2"},{"floor":41.0,"key":"Eternal Feather"},{"floor":46.0,"key":"Du-Vu Doll"}],"event_choices":[{"damage_healed":0.0,"max_hp_gain":0.0,"max_hp_loss":0.0,"gold_gain":0.0,"event_name":"Accursed Blacksmith","player_choice":"Forge","floor":3.0,"gold_loss":0.0,"damage_taken":0.0,"cards_upgraded":["champ:Taunt"]},{"cards_removed":["champ:DeathBlow"],"damage_healed":54.0,"max_hp_gain":0.0,"max_hp_loss":0.0,"gold_gain":0.0,"event_name":"Bonfire Elementals","player_choice":"Offered Uncommon","floor":38.0,"gold_loss":0.0,"damage_taken":0.0}],"is_beta":false,"boss_relics":[{"not_picked":["Runic Pyramid","Velvet Choker"],"picked":"Philosopher\u0027s Stone"},{"not_picked":["Coffee Dripper","SlaversCollar"],"picked":"champ:PowerArmor"}],"items_purged_floors":[13,40,43],"is_endless":false,"potions_floor_spawned":[5,6,9,10,11,15,20,22,25,27,29,32,36,37,46,48,49],"ascension_level":5}}