{"host":"cwd5s03r1oaxs6mx","time":1608998222,"event":{"mods":["Act Like it!","BaseMod","Better Third Choice","BetterRewards","CapriCore","Card Filter","Colored Map","Custom Start","DeckTracker","Friendly Minions","Hubris","Infinite Spire","Minty Spire (QoL Compilation)","Quick Restart","Relic Stats","Shop Mod","Spicy Shops","StSLib","SuperFastMode","The Gatherer"],"gold_per_floor":[110,121,36,50,50,50,81,97,97,126,126,153,153,167,167,240,240,251,251,251,261,90,103,103,132,132,153,153,202,202,243,243,336,336,358,358,369,369,383,413,426,426,426,426,458,574,574,592,592,592,592,592,592,16,49,65],"floor_reached":57,"playtime":2346,"items_purged":["Strike_R","Strike_R"],"score":4051,"play_id":"82b298bc-d883-4303-bdde-43eaccee142d","local_time":"20201227005702","is_ascension_mode":true,"campfire_choices":[{"data":"Feel No Pain","floor":6.0,"key":"SMITH"},{"data":"Strike_R","floor":11.0,"key":"PURGE"},{"data":"Bash","floor":15.0,"key":"PURGE"},{"floor":28.0,"key":"RECALL"},{"data":"Barricade","floor":32.0,"key":"SMITH"},{"data":"hubris:Fate","floor":42.0,"key":"SMITH"},{"data":"Strike_R","floor":47,"key":"PURGE"},{"data":"Fiend Fire","floor":49,"key":"SMITH"},{"data":"infinitespire:TheBestDefense","floor":53,"key":"SMITH"}],"circlet_count":0,"master_deck":["AscendersBane","Defend_R","Defend_R","Defend_R","Defend_R","Flash of Steel","Feed","Anger","Flash of Steel","Shrug It Off","Fiend Fire+1","Feel No Pain+1","Anger","hubris:Fate+1","Disarm","Offering","Anger","Barricade+1","Warcry","Feel No Pain+1","Exhume","infinitespire:OneForAll","Brutality","Fiend Fire","Feel No Pain+1","Burning Pact+1","Flame Barrier","infinitespire:TheBestDefense+1","Anger","Flame Barrier"],"relics":["Burning Blood","hubris:AstralHammer","Dead Branch","Bag of Preparation","DollysMirror","hubris:Zylophone","hubris:Spice","Peace Pipe","Boot","Black Star","Medical Kit","Dream Catcher","Du-Vu Doll","infinitespire:Midas Blood","Oddly Smooth Stone","Art of War","Vajra","hubris:BlackHole","infinitespire:FocusingShard","hubris:BundleOfHerbs","hubris:Icosahedron","Toy Ornithopter","CaptainsWheel","Mercury Hourglass","Toolbox","Bottled Flame"],"acts_visited":["Exordium","TheCity","TheBeyond","TheEnding"],"potions_floor_usage":[],"damage_taken":[{"damage":8.0,"enemies":"Jaw Worm","floor":1.0,"turns":4.0},{"damage":1.0,"enemies":"2 Louse","floor":2.0,"turns":3.0},{"damage":0.0,"enemies":"Cultist","floor":4.0,"turns":2.0},{"damage":13.0,"enemies":"3 Sentries","floor":7.0,"turns":5.0},{"damage":0.0,"enemies":"Exordium Thugs","floor":8.0,"turns":4.0},{"damage":0.0,"enemies":"Lagavulin","floor":10.0,"turns":2.0},{"damage":0.0,"enemies":"Gremlin Nob","floor":12.0,"turns":3.0},{"damage":0.0,"enemies":"2 Fungi Beasts","floor":14.0,"turns":4.0},{"damage":42.0,"enemies":"Hexaghost","floor":16.0,"turns":5.0},{"damage":6.0,"enemies":"Shell Parasite","floor":18.0,"turns":3.0},{"damage":0.0,"enemies":"Chosen","floor":21.0,"turns":1.0},{"damage":0.0,"enemies":"Sentry and Sphere","floor":23.0,"turns":2.0},{"damage":14.0,"enemies":"Gremlin Leader","floor":25.0,"turns":7.0},{"damage":8.0,"enemies":"Centurion and Healer","floor":27.0,"turns":3.0},{"damage":36.0,"enemies":"Slavers","floor":29.0,"turns":6.0},{"damage":23.0,"enemies":"Gremlin Leader","floor":31.0,"turns":4.0},{"damage":15.0,"enemies":"Champ","floor":33.0,"turns":10.0},{"damage":9.0,"enemies":"3 Darklings","floor":35.0,"turns":1.0},{"damage":0.0,"enemies":"Orb Walker","floor":37.0,"turns":1.0},{"damage":0.0,"enemies":"Maw","floor":39.0,"turns":1.0},{"damage":3.0,"enemies":"Nightmare","floor":40.0,"turns":1.0},{"damage":0.0,"enemies":"Transient","floor":41.0,"turns":1.0},{"damage":0.0,"enemies":"Reptomancer","floor":45.0,"turns":1.0},{"damage":0.0,"enemies":"infinitespire:Three Voidlings","floor":46.0,"turns":1.0},{"damage":8.0,"enemies":"Nightmare_Alpha","floor":46.0,"turns":6.0},{"damage":0,"enemies":"3 Darklings","floor":48,"turns":1},{"damage":0,"enemies":"Time Eater","floor":50,"turns":3},{"damage":0,"enemies":"Donu and Deca","floor":51,"turns":1},{"damage":0,"enemies":"Shield and Spear","floor":55,"turns":1},{"damage":12,"enemies":"The Heart","floor":56,"turns":4}],"seed_played":"4691802814798730282","potions_obtained":[{"floor":2.0,"key":"CultistPotion"},{"floor":4.0,"key":"PowerPotion"}],"is_trial":false,"path_per_floor":["M","M","$","M","?","R","E","M","T","E","R","E","?","M","R","B",null,"M","?","$","M","$","M","?","E","T","M","R","E","AVR","E","R","B",null,"M","AVR","M","?","M","NM","M","R","T","?","E","?","R","M","R","B","B",null,"R","$","E","B",null],"character_chosen":"IRONCLAD","items_purchased":["Flash of Steel","hubris:AstralHammer","Dead Branch","Feed","Anger","Bag of Preparation","DollysMirror","Shrug It Off","Feel No Pain","Medical Kit","hubris:Spice","Toolbox","Flame Barrier"],"campfire_rested":0,"item_purchase_floors":[0,0,0,0,0,0,0,0,3,22,54,54,54],"current_hp_per_floor":[69,77,77,81,60,60,56,66,74,80,80,86,79,88,88,55,90,90,90,90,96,96,105,105,97,97,95,95,76,76,62,62,68,106,103,103,109,109,118,121,122,122,122,122,114,112,112,114,114,114,114,114,114,106,90,84],"gold":65,"neow_bonus":"","is_daily":false,"chose_seed":false,"campfire_upgraded":5,"win_rate":0.0,"timestamp":1608998222,"path_taken":["M","M","$","M","?","R","E","M","T","E","R","E","?","M","R","BOSS","M","?","?","M","$","M","?","E","T","?","R","E","AVR","E","R","BOSS","M","AVR","M","?","M","NM","M","R","T","?","E","?","R","M","R","BOSS","BOSS","R","$","E","BOSS"],"items_purchased_type":["Card","Relic","Relic","Card","Card","Relic","Relic","Card","Card","Relic","Relic","Relic","Card"],"build_version":"2020-12-22","purchased_purges":2,"victory":true,"max_hp_per_floor":[78,81,81,81,81,81,84,88,96,96,96,96,96,99,99,102,102,102,102,102,102,102,105,105,105,105,105,105,116,116,119,119,119,119,119,119,119,119,122,122,122,122,122,122,114,114,114,114,114,114,114,114,114,106,90,90],"relic_stats":{"counters":[81,306],"Dead Branch":[896],"Bag of Preparation":[60],"Boot":[90],"Medical Kit":[256],"Burning Blood":487,"Mercury Hourglass":[39],"Peace Pipe":3,"Dream Catcher":0,"Black Star":6,"Art of War":[0],"obtain_stats":[{"infinitespire:BottledMercury":26,"Vajra":31,"Boot":12,"Sozu":34,"Centennial Puzzle":29,"infinitespire:ShieldingShard":27,"hubris:AstralHammer":0,"DollysMirror":0,"Prayer Wheel":31,"hubris:MobiusCoin":45,"hubris:DuctTape":48,"Dead Branch":0,"Oddly Smooth Stone":29,"Letter Opener":0,"Question Card":0,"hubris:Zylophone":19,"Du-Vu Doll":25,"Bottled Flame":14,"Molten Egg 2":26,"Mark of Pain":34,"Black Star":17,"Magic Flower":9,"StoneCalendar":7,"Mango":37,"hubris:SlimyHat":0,"Bag of Preparation":0,"Burning Blood":0,"hubris:BlackHole":34,"Dream Catcher":25,"hubris:Icosahedron":22,"Mummified Hand":6,"infinitespire:Bottled Soul":10,"Toolbox":54,"Chemical X":0,"hubris:ChampionShield":40,"Runic Pyramid":17,"The Courier":9,"infinitespire:FocusingShard":40,"Omamori":29,"Medical Kit":0,"MawBank":24,"White Beast Statue":55,"Mercury Hourglass":46,"Peace Pipe":10,"Strange Spoon":19,"Anchor":10,"CaptainsWheel":46,"hubris:Spice":9,"hubris:BundleOfHerbs":40,"infinitespire:Burning Sword":17,"Art of War":31,"Membership Card":11,"Toy Ornithopter":45,"infinitespire:Midas Blood":26},{"infinitespire:BottledMercury":40,"Vajra":67,"Boot":58,"Sozu":17,"Centennial Puzzle":15,"infinitespire:ShieldingShard":41,"hubris:AstralHammer":51,"DollysMirror":51,"Prayer Wheel":16,"hubris:MobiusCoin":22,"hubris:DuctTape":24,"Dead Branch":51,"Oddly Smooth Stone":66,"Letter Opener":28,"Question Card":28,"hubris:Zylophone":38,"Du-Vu Doll":64,"Bottled Flame":8,"Molten Egg 2":12,"Mark of Pain":45,"Black Star":60,"Magic Flower":5,"StoneCalendar":33,"Mango":48,"hubris:SlimyHat":0,"Bag of Preparation":51,"Burning Blood":0,"hubris:BlackHole":68,"Dream Catcher":64,"hubris:Icosahedron":39,"Mummified Hand":4,"infinitespire:Bottled Soul":34,"Toolbox":79,"Chemical X":0,"hubris:ChampionShield":20,"Runic Pyramid":37,"The Courier":33,"infinitespire:FocusingShard":72,"Omamori":42,"Medical Kit":0,"MawBank":12,"White Beast Statue":27,"Mercury Hourglass":76,"Peace Pipe":57,"Strange Spoon":38,"Anchor":6,"CaptainsWheel":76,"hubris:Spice":56,"hubris:BundleOfHerbs":72,"infinitespire:Burning Sword":9,"Art of War":67,"Membership Card":6,"Toy Ornithopter":74,"infinitespire:Midas Blood":64},{"infinitespire:BottledMercury":166,"Vajra":273,"Boot":238,"Sozu":85,"Centennial Puzzle":78,"infinitespire:ShieldingShard":171,"hubris:AstralHammer":215,"DollysMirror":215,"Prayer Wheel":81,"hubris:MobiusCoin":97,"hubris:DuctTape":102,"Dead Branch":215,"Oddly Smooth Stone":269,"Letter Opener":120,"Question Card":120,"hubris:Zylophone":160,"Du-Vu Doll":260,"Bottled Flame":46,"Molten Egg 2":70,"Mark of Pain":190,"Black Star":247,"Magic Flower":34,"StoneCalendar":138,"Mango":205,"hubris:SlimyHat":0,"Bag of Preparation":215,"Burning Blood":0,"hubris:BlackHole":283,"Dream Catcher":260,"hubris:Icosahedron":163,"Mummified Hand":30,"infinitespire:Bottled Soul":142,"Toolbox":301,"Chemical X":0,"hubris:ChampionShield":92,"Runic Pyramid":157,"The Courier":138,"infinitespire:FocusingShard":287,"Omamori":177,"Medical Kit":0,"MawBank":70,"White Beast Statue":114,"Mercury Hourglass":296,"Peace Pipe":235,"Strange Spoon":160,"Anchor":38,"CaptainsWheel":296,"hubris:Spice":233,"hubris:BundleOfHerbs":287,"infinitespire:Burning Sword":56,"Art of War":273,"Membership Card":38,"Toy Ornithopter":289,"infinitespire:Midas Blood":260}],"Toy Ornithopter":0},"card_choices":[{"not_picked":["Fire Breathing","Sentinel","Armaments"],"picked":"SKIP","floor":1.0},{"not_picked":["Fire Breathing","Sentinel","Armaments"],"picked":"SKIP","floor":1.0},{"not_picked":["Heavy Blade","Armaments"],"picked":"Fiend Fire","floor":2.0},{"not_picked":["Wild Strike","Iron Wave"],"picked":"Anger","floor":4.0},{"not_picked":["hubris:InfiniteBlow+18","infinitespire:SevenWalls"],"picked":"hubris:Fate","floor":5.0},{"not_picked":["Whirlwind","Twin Strike","Blood for Blood"],"picked":"SKIP","floor":7.0},{"not_picked":["Searing Blow","Cleave","Thunderclap"],"picked":"SKIP","floor":8.0},{"not_picked":["Armaments","Clash"],"picked":"Disarm","floor":10.0},{"not_picked":["Iron Wave","Flex"],"picked":"Offering","floor":12.0},{"not_picked":["Heavy Blade","Pommel Strike"],"picked":"Anger","floor":14.0},{"not_picked":["Fiend Fire","Exhume"],"picked":"Barricade","floor":16.0},{"not_picked":["Warcry","Ghostly Armor","Sword Boomerang"],"picked":"SKIP","floor":18.0},{"not_picked":["Ghostly Armor","Sword Boomerang"],"picked":"Warcry","floor":18.0},{"not_picked":["Pommel Strike","Clash"],"picked":"Exhume","floor":21.0},{"not_picked":["Warcry","Clash"],"picked":"infinitespire:OneForAll","floor":23.0},{"not_picked":["Uppercut","Spot Weakness"],"picked":"Brutality","floor":25.0},{"not_picked":["Perfected Strike","True Grit","Wild Strike+1"],"picked":"SKIP","floor":27.0},{"not_picked":["Shrug It Off","Headbutt","Evolve"],"picked":"SKIP","floor":29.0},{"not_picked":["Twin Strike","Clothesline","Whirlwind"],"picked":"SKIP","floor":31.0},{"not_picked":["Reaper","hubris:SpiceAddiction"],"picked":"Fiend Fire","floor":33.0},{"not_picked":["Anger","Clash","Shrug It Off"],"picked":"SKIP","floor":35.0},{"not_picked":["Thunderclap+1","Wild Strike","Armaments"],"picked":"SKIP","floor":37.0},{"not_picked":["Wild Strike+1","True Grit"],"picked":"Feel No Pain+1","floor":39.0},{"not_picked":["Hemokinesis","Wild Strike","Uppercut"],"picked":"SKIP","floor":40.0},{"not_picked":["Sword Boomerang","Twin Strike"],"picked":"Burning Pact+1","floor":41.0},{"not_picked":["Metallicize","Seeing Red"],"picked":"Flame Barrier","floor":45.0},{"not_picked":["infinitespire:DeathsTouch","infinitespire:SealOfDarkness+"],"picked":"infinitespire:TheBestDefense","floor":46},{"not_picked":["Sever Soul","Twin Strike"],"picked":"Anger","floor":48},{"not_picked":["Twin Strike","Sword Boomerang"],"picked":"hubris:SpiceAddiction","floor":55}],"player_experience":959607,"relics_obtained":[{"floor":7.0,"key":"hubris:Zylophone"},{"floor":9.0,"key":"hubris:Spice"},{"floor":10.0,"key":"Peace Pipe"},{"floor":12.0,"key":"Boot"},{"floor":25.0,"key":"Dream Catcher"},{"floor":25.0,"key":"Du-Vu Doll"},{"floor":26.0,"key":"infinitespire:Midas Blood"},{"floor":29.0,"key":"Oddly Smooth Stone"},{"floor":29.0,"key":"hubris:Spice"},{"floor":31.0,"key":"Art of War"},{"floor":31.0,"key":"Vajra"},{"floor":40.0,"key":"infinitespire:FocusingShard"},{"floor":40.0,"key":"hubris:BundleOfHerbs"},{"floor":45.0,"key":"Toy Ornithopter"},{"floor":45.0,"key":"hubris:Spice"},{"floor":46,"key":"CaptainsWheel"},{"floor":46,"key":"Mercury Hourglass"},{"floor":55,"key":"hubris:Spice"},{"floor":55,"key":"Bottled Flame"}],"event_choices":[{"cards_removed":["Strike_R"],"damage_healed":0.0,"max_hp_gain":0.0,"max_hp_loss":0.0,"gold_gain":0.0,"event_name":"Golden Wing","player_choice":"Card Removal","floor":13.0,"gold_loss":0.0,"damage_taken":7.0},{"damage_healed":0.0,"max_hp_gain":0.0,"max_hp_loss":0.0,"gold_gain":0.0,"event_name":"Duplicator","player_choice":"Copied","floor":19.0,"gold_loss":0.0,"damage_taken":0.0,"cards_obtained":["Feel No Pain"]},{"damage_healed":0.0,"max_hp_gain":0.0,"max_hp_loss":0.0,"gold_gain":0.0,"event_name":"Match and Keep!","player_choice":"1 cards matched","floor":24.0,"gold_loss":0.0,"damage_taken":0.0,"cards_obtained":["Wild Strike"]},{"cards_removed":["Wild Strike"],"damage_healed":0.0,"max_hp_gain":0.0,"max_hp_loss":0.0,"gold_gain":0.0,"event_name":"Falling","player_choice":"Removed Attack","floor":38.0,"gold_loss":0.0,"damage_taken":0.0}],"is_beta":false,"boss_relics":[{"not_picked":["hubris:RunicObelisk","Philosopher\u0027s Stone"],"picked":"Black Star"},{"not_picked":["hubris:Spice","hubris:Spice"],"picked":"hubris:BlackHole"}],"items_purged_floors":[30,36],"is_endless":false,"potions_floor_spawned":[2,4,8,16,21,25,27,29,37,39,46],"ascension_level":20}}