{"host":"hkfd27larxvbrzdx","time":1608999496,"event":{"mods":["AchievementEnabler","BaseMod","Minty Spire (QoL Compilation)"],"gold_per_floor":[118,118,118,68,68,68,85,120,188,188,204,129,139,168,168,263,263,278,288,188,203,221,253,253,278,278,297,310,185,185,185,185,289,289,307,307,307,320,337,337,337,135,135,135,150,161,161,112,112,112],"floor_reached":51,"playtime":6424,"items_purged":["Strike_R","Strike_R","Strike_R","Defend_R"],"score":729,"play_id":"9671750d-40a4-49c6-9b29-ff9e2652c450","local_time":"20201227001816","is_ascension_mode":true,"campfire_choices":[{"data":"Shrug It Off","floor":6.0,"key":"SMITH"},{"data":"Feel No Pain","floor":10.0,"key":"SMITH"},{"data":"Inflame","floor":15.0,"key":"SMITH"},{"data":"Limit Break","floor":24,"key":"SMITH"},{"floor":30,"key":"REST"},{"floor":32,"key":"REST"},{"data":"Whirlwind","floor":40,"key":"SMITH"},{"data":"Heavy Blade","floor":44,"key":"SMITH"},{"floor":49,"key":"REST"}],"circlet_count":0,"master_deck":["Strike_R+1","Strike_R+1","Defend_R","Defend_R","Bash","Shrug It Off+1","Feel No Pain+1","Inflame+1","Cleave","Limit Break+1","Shrug It Off","Whirlwind+1","Reaper","Madness","Madness","Flash of Steel","Disarm","Heavy Blade+1","Shrug It Off","Body Slam+1"],"relics":["Burning Blood","Oddly Smooth Stone","Pear","Blood Vial","Question Card","Bag of Preparation","Cursed Key","Boot","White Beast Statue","Philosopher\u0027s Stone"],"acts_visited":["Exordium","TheCity","TheBeyond"],"potions_floor_usage":[25,28,28,33,45,46,50,50,50],"damage_taken":[{"damage":7.0,"enemies":"Small Slimes","floor":1.0,"turns":4.0},{"damage":0.0,"enemies":"2 Louse","floor":7.0,"turns":3.0},{"damage":21.0,"enemies":"3 Sentries","floor":8.0,"turns":12.0},{"damage":0.0,"enemies":"Cultist","floor":11.0,"turns":4.0},{"damage":7.0,"enemies":"Red Slaver","floor":13.0,"turns":5.0},{"damage":26.0,"enemies":"Gremlin Nob","floor":14.0,"turns":5.0},{"damage":16.0,"enemies":"Slime Boss","floor":16.0,"turns":13.0},{"damage":12.0,"enemies":"Shell Parasite","floor":18.0,"turns":4.0},{"damage":12.0,"enemies":"Spheric Guardian","floor":19.0,"turns":4.0},{"damage":12.0,"enemies":"Centurion and Healer","floor":21.0,"turns":4.0},{"damage":8.0,"enemies":"3 Cultists","floor":22.0,"turns":4.0},{"damage":17.0,"enemies":"Book of Stabbing","floor":23.0,"turns":8.0},{"damage":55,"enemies":"Slavers","floor":25,"turns":7},{"damage":20,"enemies":"Snake Plant","floor":27,"turns":5},{"damage":12,"enemies":"Shelled Parasite and Fungi","floor":28,"turns":9},{"damage":32,"enemies":"Champ","floor":33,"turns":11},{"damage":12,"enemies":"Orb Walker","floor":35,"turns":4},{"damage":0,"enemies":"3 Darklings","floor":38,"turns":3},{"damage":37,"enemies":"4 Shapes","floor":39,"turns":4},{"damage":45,"enemies":"Spire Growth","floor":45,"turns":5},{"damage":10,"enemies":"Writhing Mass","floor":46,"turns":6},{"damage":54,"enemies":"Donu and Deca","floor":50,"turns":9}],"seed_played":"-4509877486829702925","potions_obtained":[{"floor":7.0,"key":"Energy Potion"},{"floor":8.0,"key":"Block Potion"},{"floor":11.0,"key":"Strength Potion"},{"floor":18.0,"key":"DuplicationPotion"},{"floor":23,"key":"EssenceOfSteel"},{"floor":27,"key":"ElixirPotion"},{"floor":28,"key":"ColorlessPotion"},{"floor":33,"key":"Explosive Potion"},{"floor":35,"key":"AttackPotion"},{"floor":38,"key":"BloodPotion"},{"floor":39,"key":"DuplicationPotion"},{"floor":45,"key":"AttackPotion"},{"floor":46,"key":"DistilledChaos"}],"is_trial":false,"path_per_floor":["M","?","?","?","$","R","M","E","T","R","M","$","M","E","R","B",null,"M","M","$","M","M","E","R","E","T","M","M","$","R","?","R","B",null,"M","?","?","M","M","R","?","$","T","R","M","M","?","$","R","B",null],"character_chosen":"IRONCLAD","items_purchased":["Shrug It Off","Dexterity Potion"],"campfire_rested":3,"item_purchase_floors":[42,48],"current_hp_per_floor":[79,84,67,77,77,77,83,68,68,68,76,76,77,59,59,51,95,89,85,85,81,81,72,72,25,25,13,9,9,37,18,48,24,100,94,81,81,89,77,77,77,77,77,77,60,58,58,58,88,74],"gold":112,"neow_bonus":"RANDOM_COMMON_RELIC","is_daily":false,"chose_seed":false,"campfire_upgraded":6,"win_rate":0.0,"timestamp":1608999496,"path_taken":["M","?","?","?","$","R","?","E","T","R","M","?","M","E","R","BOSS","BOSS","M","M","$","M","?","E","R","E","T","M","M","$","R","?","R","BOSS","M","?","?","M","M","R","?","$","T","R","M","M","?","$","R","BOSS"],"items_purchased_type":["Card","Potion"],"build_version":"2020-12-22","purchased_purges":4,"victory":true,"max_hp_per_floor":[80,85,85,95,95,95,95,95,95,95,95,95,95,95,95,95,95,95,95,95,95,95,95,95,95,95,95,95,95,95,100,100,100,100,100,100,100,100,100,100,100,100,100,100,100,100,100,100,100,100],"card_choices":[{"not_picked":["Headbutt","Burning Pact"],"picked":"Shrug It Off","floor":1.0},{"not_picked":["Perfected Strike","Seeing Red","Rampage"],"picked":"SKIP","floor":7.0},{"not_picked":["Anger","Bloodletting"],"picked":"Feel No Pain","floor":8.0},{"not_picked":["Sever Soul","Thunderclap","Power Through"],"picked":"Inflame","floor":11.0},{"not_picked":["Thunderclap","Armaments","Headbutt"],"picked":"Cleave","floor":13.0},{"not_picked":["Intimidate","Headbutt","Bloodletting","Rupture"],"picked":"SKIP","floor":14.0},{"not_picked":["Barricade","Juggernaut","Brutality"],"picked":"Limit Break","floor":16.0},{"not_picked":["Iron Wave","Sever Soul+1","Cleave"],"picked":"Shrug It Off","floor":18.0},{"not_picked":["Body Slam+1","Warcry","Burning Pact+1"],"picked":"Whirlwind","floor":19.0},{"not_picked":["Anger+1","Ghostly Armor","Disarm","Iron Wave"],"picked":"SKIP","floor":21.0},{"not_picked":["Sever Soul","Perfected Strike","Warcry","Disarm"],"picked":"SKIP","floor":22.0},{"not_picked":["True Grit","Cleave","Bloodletting","Clash"],"picked":"SKIP","floor":23},{"not_picked":["Intimidate","Iron Wave+1","Hemokinesis","Feed"],"picked":"SKIP","floor":25},{"not_picked":["Fire Breathing+1","True Grit","Twin Strike","Dual Wield+1"],"picked":"SKIP","floor":27},{"not_picked":["Body Slam","Clothesline","Power Through","Pommel Strike"],"picked":"SKIP","floor":28},{"not_picked":["Impervious","Limit Break","Double Tap"],"picked":"Reaper","floor":33},{"not_picked":["Infernal Blade+1","Warcry","Battle Trance","Iron Wave+1"],"picked":"SKIP","floor":35},{"not_picked":["Panacea","Jack Of All Trades","Forethought"],"picked":"Flash of Steel","floor":37},{"not_picked":["Sword Boomerang+1","Flame Barrier","Sever Soul"],"picked":"Disarm","floor":38},{"not_picked":["Carnage","Headbutt","Combust"],"picked":"Heavy Blade","floor":39},{"not_picked":["Armaments+1","Reckless Charge","Twin Strike+1","Headbutt"],"picked":"SKIP","floor":45},{"not_picked":["Heavy Blade","Offering","Hemokinesis"],"picked":"Body Slam+1","floor":46}],"player_experience":83073,"relics_obtained":[{"floor":8.0,"key":"Blood Vial"},{"floor":9.0,"key":"Question Card"},{"floor":14.0,"key":"Bag of Preparation"},{"floor":23,"key":"Boot"},{"floor":25,"key":"White Beast Statue"}],"event_choices":[{"damage_healed":0.0,"max_hp_gain":5.0,"max_hp_loss":0.0,"gold_gain":0.0,"event_name":"Big Fish","player_choice":"Donut","floor":2.0,"gold_loss":0.0,"damage_taken":0.0},{"damage_healed":0.0,"max_hp_gain":0.0,"max_hp_loss":0.0,"gold_gain":0.0,"event_name":"Shining Light","player_choice":"Entered Light","floor":3.0,"gold_loss":0.0,"damage_taken":17.0,"cards_upgraded":["Strike_R","Strike_R"]},{"damage_healed":0.0,"max_hp_gain":0.0,"max_hp_loss":0.0,"gold_gain":0.0,"event_name":"WeMeetAgain","player_choice":"Paid Gold","floor":4.0,"gold_loss":50.0,"damage_taken":0.0,"relics_obtained":["Pear"]},{"damage_healed":0,"gold_gain":0,"player_choice":"Shed Blood","damage_taken":24,"max_hp_gain":5,"max_hp_loss":0,"event_name":"Forgotten Altar","floor":31,"gold_loss":0},{"damage_healed":0,"gold_gain":0,"player_choice":"Embrace Madness","damage_taken":13,"max_hp_gain":0,"max_hp_loss":0,"event_name":"Winding Halls","floor":36,"gold_loss":0,"cards_obtained":["Madness","Madness"]},{"damage_healed":0,"gold_gain":0,"player_choice":"Memory 1","damage_taken":0,"max_hp_gain":0,"max_hp_loss":0,"event_name":"SensoryStone","floor":37,"gold_loss":0},{"cards_removed":["Defend_R"],"damage_healed":0,"gold_gain":0,"player_choice":"Removed Skill","damage_taken":0,"max_hp_gain":0,"max_hp_loss":0,"event_name":"Falling","floor":41,"gold_loss":0},{"damage_healed":0,"gold_gain":0,"player_choice":"Ignored","damage_taken":0,"max_hp_gain":0,"max_hp_loss":0,"event_name":"Mysterious Sphere","floor":47,"gold_loss":0}],"is_beta":false,"boss_relics":[{"not_picked":["Empty Cage","Coffee Dripper"],"picked":"Cursed Key"},{"not_picked":["Mark of Pain","Runic Dome"],"picked":"Philosopher\u0027s Stone"}],"items_purged_floors":[12,20,29,42],"is_endless":false,"potions_floor_spawned":[7,8,11,16,18,21,23,27,28,33,35,38,39,45,46],"ascension_level":1}}