{"host":"yd9r7zy2pq4z3cad","time":1608974883,"event":{"mods":["AchievementEnabler","Act Like it!","Astrologer","BaseMod","Beaked The Cultist","Better Third Choice","BetterRewards","Colored Map","Colored Powertips","Conspire","Curses Come First","Displayed Cursed Tome","Downfall","Elementarium","GifTheSpireLib","Halation","Hallownest","Hermit","Highlight Path","Hubris","Infinite Spire","Jorbs\u0027s Wanderer Trilogy","Menagerie","Minty Spire (QoL Compilation)","Pale of the Ancients","Permanent Neow","Rare Cards Sparkle","Relic Sorter","Relic Stats","Replay The Spire","Shade Mod","StSLib","Stuff the Spire","The Alterego","The Blackbeard","The Bladedancer","The Bug Knight","The Cursed","The Dragon Tamer","The Exalted","The Factory","The Forsaken","The Gatherer","The Hierophant","The Jungle","The Mystic","The Necromancer","The Problem Sleuth","The Runesmith","The Servant 0.9.4","The Spell Scribe","vexMod"],"gold_per_floor":[99,113,113,125,135,45,45,30,62,72,83,97,97,117,130,226,226,226,241,267,279,293,193,216,216,336,380,13,67,67,108,143,271,271,271,305,305,305,316,316,316,120,120,143,174,174,234,33,83,175,175,175,192,204,221,196,196,196,46,76,76,76,226,226,226,236,337,337,337,353,368,385,397,397,438,471,498,509,509,519,519,519,551,649,649,649,665,691,714,734,734,801,801,801,801,801,830,830,899,935,1039,1039,1039,1039],"floor_reached":103,"playtime":8930,"items_purged":["sneckomod:Strike","sneckomod:Defend","sneckomod:Strike","sneckomod:Unknown","Slimebound:Icky","sneckomod:UnknownClassGUARDIAN"],"score":2125,"play_id":"862263b3-95fd-489a-bd18-655599f88b66","local_time":"20201226142803","is_ascension_mode":false,"campfire_choices":[{"data":"sneckomod:QuickBite","floor":13.0,"key":"SMITH"},{"floor":18.0,"key":"DIG"},{"floor":25.0,"key":"REST"},{"floor":30.0,"key":"REST"},{"data":"sneckomod:UnknownRareSkill","floor":35.0,"key":"SMITH"},{"data":"sneckomod:UnlimitedRolls","floor":40.0,"key":"SMITH"},{"floor":46.0,"key":"REST"},{"floor":52.0,"key":"RECALL"},{"data":"Replay:SS_hec_2","floor":59.0,"key":"SMITH"},{"data":"sneckomod:CheapStock","floor":62.0,"key":"SMITH"},{"data":"sneckomod:UnknownRarePower","floor":69.0,"key":"SMITH"},{"data":"sneckomod:UnknownClassGUARDIAN","floor":86,"key":"PURGE"},{"data":"infinitespire:SevenWalls","floor":91,"key":"SMITH"},{"floor":94,"key":"REST"},{"data":"hubris:InfiniteBlow+899","floor":96,"key":"SMITH"},{"floor":98,"key":"REST"},{"floor":103,"key":"DIG"}],"circlet_count":0,"master_deck":["sneckomod:Strike","sneckomod:Defend","sneckomod:Defend","sneckomod:TailWhip","sneckomod:SnekBite+1","sneckomod:Unknown+1","sneckomod:UnknownWeak","sneckomod:DiceBlock+1","sneckomod:QuickBite+1","sneckomod:IronFang","sneckomod:UnknownBlock","sneckomod:UnknownClassBRO_COLOR","sneckomod:UnknownClassSILVER","sneckomod:UnknownVulnerable","sneckomod:UnknownClassTHE_CHAMP_GRAY","sneckomod:UnlimitedRolls+1","conspire:SpireCoStock","conspire:SpireCoStock","sneckomod:Nope+1","sneckomod:SnakeSap+1","sneckomod:UnknownRareSkill+1","sneckomod:CheapStock+1","Replay:SS_hec_2+1","sneckomod:UnknownClassINFINITE_BLACK","hubris:InfiniteBlow+901","sneckomod:UnknownWeak+1","sneckomod:UnknownRarePower+1","sneckomod:UnknownClassBLESSING+1","RitualDagger","infinitespire:SevenWalls+1"],"relics":["sneckomod:SneckoSoul","halation:PinkSoulGem","Hallownest:DreamNailRelic","Pet Ghost","halation:LettersToHer","hubris:Stopwatch","Snack Pack","Replay:Rubber Ducky","infinitespire:Lucky Rock","Prayer Wheel","hubris:TinFlute","ReplayTheSpireMod:TigerMarble","PreservedInsect","halation:Trompette","conspire:RoyalGoblet","StuffTheSpire:GreaterSneckoEye","hubris:Towel","Replay:WaspNest","Vajra","HandDrill","Gremlin Food","Blood Vial","hubris:TenFootPole","Oddly Smooth Stone","Lee\u0027s Waffle","Replay:Grab Bag","ChewingGum","beaked:MawFillet","beaked:SacredDeck","theForsaken:Lifeblossom","hubris:ScarierMask","Bromod:ArcaneConsequence","downfall:HeartBlessingRed","downfall:HeartBlessingBlue","infinitespire:Satchel","Eternal Feather","theForsaken:PaleLantern","MutagenicStrength","Toolbox","halation:ForbiddenBikini","conspire:RunicOctahedron","Replay:Bandana"],"acts_visited":["Hallownest:Greenpath","TheCity","TheBeyond","Exordium","TheCity","TheBeyond","Exordium"],"potions_floor_usage":[80,84,84,84,90],"damage_taken":[{"damage":1.0,"enemies":"Hallownest:2_Tiktiks_and_1_Crawlid","floor":2.0,"turns":1.0},{"damage":0.0,"enemies":"Hallownest:2_Baldur","floor":4.0,"turns":1.0},{"damage":2.0,"enemies":"Hallownest:monsterHuskGuard","floor":5.0,"turns":4.0},{"damage":0.0,"enemies":"downfall:FleeingMerchant","floor":6.0,"turns":4.0},{"damage":5.0,"enemies":"downfall:FleeingMerchant","floor":8.0,"turns":4.0},{"damage":0.0,"enemies":"Hallownest:eliteVengeflyKing","floor":9.0,"turns":8.0},{"damage":0.0,"enemies":"Hallownest:1_Ooma_and_2_Uuma","floor":10.0,"turns":8.0},{"damage":5.0,"enemies":"Hallownest:Wandering_and_Horned","floor":11.0,"turns":4.0},{"damage":0.0,"enemies":"Hallownest:monsterFoolEater","floor":12.0,"turns":3.0},{"damage":5.0,"enemies":"Hallownest:monsterAspidMother","floor":14.0,"turns":4.0},{"damage":0.0,"enemies":"Hallownest:monsterMossCharger","floor":15.0,"turns":4.0},{"damage":42.0,"enemies":"downfall:Silent","floor":16.0,"turns":6.0},{"damage":15.0,"enemies":"Shell Parasite","floor":19.0,"turns":4.0},{"damage":37.0,"enemies":"Shelled Parasite and Fungi","floor":21.0,"turns":6.0},{"damage":11.0,"enemies":"Snake Plant","floor":22.0,"turns":6.0},{"damage":34.0,"enemies":"downfall:Watcher","floor":26.0,"turns":12.0},{"damage":35.0,"enemies":"Nightmare","floor":27.0,"turns":8.0},{"damage":0.0,"enemies":"downfall:FleeingMerchant","floor":28.0,"turns":4.0},{"damage":15.0,"enemies":"Gremlin Leader","floor":29.0,"turns":4.0},{"damage":21.0,"enemies":"3 Cultists","floor":31.0,"turns":5.0},{"damage":0.0,"enemies":"Centurion and Healer","floor":32.0,"turns":8.0},{"damage":57.0,"enemies":"downfall:Defect","floor":33.0,"turns":14.0},{"damage":5.0,"enemies":"3 Shapes","floor":36.0,"turns":4.0},{"damage":0.0,"enemies":"Orb Walker","floor":39.0,"turns":1.0},{"damage":0.0,"enemies":"downfall:FleeingMerchant","floor":42.0,"turns":4.0},{"damage":22.0,"enemies":"Jaw Worm Horde","floor":45.0,"turns":4.0},{"damage":77.0,"enemies":"Nightmare","floor":47.0,"turns":7.0},{"damage":4.0,"enemies":"3 Darklings","floor":49.0,"turns":5.0},{"damage":7.0,"enemies":"downfall:Watcher","floor":50.0,"turns":6.0},{"damage":0.0,"enemies":"Cultist","floor":53.0,"turns":1.0},{"damage":7.0,"enemies":"conspire:RoseBush","floor":54.0,"turns":3.0},{"damage":0.0,"enemies":"Jaw Worm","floor":55.0,"turns":1.0},{"damage":6.0,"enemies":"3 Sentries","floor":60.0,"turns":3.0},{"damage":6.0,"enemies":"Blue Slaver","floor":66.0,"turns":3.0},{"damage":0.0,"enemies":"Hexaghost","floor":67.0,"turns":1.0},{"damage":0.0,"enemies":"Shell Parasite","floor":70.0,"turns":2.0},{"damage":1.0,"enemies":"3 Byrds","floor":71.0,"turns":5.0},{"damage":3.0,"enemies":"Sentry and Sphere","floor":72.0,"turns":6.0},{"damage":31.0,"enemies":"Shelled Parasite and Fungi","floor":73.0,"turns":4.0},{"damage":15.0,"enemies":"Replay:Snechameleon","floor":75.0,"turns":7.0},{"damage":0.0,"enemies":"Gremlin Leader","floor":76.0,"turns":3.0},{"damage":28.0,"enemies":"Snecko","floor":77.0,"turns":4.0},{"damage":0,"enemies":"Centurion and Healer","floor":78,"turns":1},{"damage":4,"enemies":"Shelled Parasite and Fungi","floor":80,"turns":4},{"damage":0,"enemies":"conspire:HollyBat","floor":83,"turns":9},{"damage":52,"enemies":"hubris:MusketHawk","floor":84,"turns":3},{"damage":0,"enemies":"3 Shapes","floor":87,"turns":1},{"damage":0,"enemies":"3 Darklings","floor":88,"turns":4},{"damage":33,"enemies":"4 Shapes","floor":89,"turns":6},{"damage":2,"enemies":"Sphere and 2 Shapes","floor":90,"turns":1},{"damage":56,"enemies":"Giant Head","floor":92,"turns":8},{"damage":99,"enemies":"Nemesis","floor":97,"turns":6},{"damage":44,"enemies":"Spire Growth","floor":99,"turns":8},{"damage":13,"enemies":"Jaw Worm Horde","floor":100,"turns":3},{"damage":2,"enemies":"hubris:GrandSnecko","floor":101,"turns":4}],"seed_played":"-6181278861900096229","potions_obtained":[{"floor":4.0,"key":"BlessingOfTheForge"},{"floor":9.0,"key":"Guardian:BlockOnCardUsePotion"},{"floor":10.0,"key":"SpeedPotion"},{"floor":12.0,"key":"ColorlessPotion"},{"floor":15.0,"key":"FairyPotion"},{"floor":22.0,"key":"Adrenaline Potion"},{"floor":29.0,"key":"EssenceOfSteel"},{"floor":31.0,"key":"AttackPotion"},{"floor":32.0,"key":"BlessingOfTheForge"},{"floor":33.0,"key":"sneckomod:OffclassReductionPotion"},{"floor":39.0,"key":"Fire Potion"},{"floor":49.0,"key":"Fire Potion"},{"floor":55.0,"key":"Regen Potion"},{"floor":67.0,"key":"Swift Potion"},{"floor":70.0,"key":"Energy Potion"},{"floor":77,"key":"Weak Potion"},{"floor":80,"key":"LiquidBronze"},{"floor":82,"key":"Death Potion"},{"floor":82,"key":"Doom Potion"},{"floor":89,"key":"sneckomod:DiceRollPotion"},{"floor":90,"key":"Venom Potion"},{"floor":97,"key":"Strength Potion"},{"floor":101,"key":"GamblersBrew"}],"is_trial":false,"path_per_floor":["R_BF","M","?","M","M","$","T","$","E","M","M","M","R","M","M","B",null,"R_BF","M","T","M","M","?","T","R","?","NM","$","E","R","M","M","B",null,"R_BF","M","?","?","M","R","T","$","?","T","M","R","NM","$","M","B",null,"R_BF","M","M","M","?","AVR","T","R","E","?","R","?","?","$","M","B",null,"R_BF","M","M","M","M","?","E","E","M","M","?","M","?","?","M","B",null,"R_BF","M","M","M","M","R","E","?","R","AVR","R","E","R","M","M","B",null,"R_BF"],"character_chosen":"THE_SNECKO","items_purchased":["PreservedInsect","SkillPotion","sneckomod:DiceRollPotion","HandDrill","Gremlin Food","sneckomod:CheapStock","Guardian:BlockOnCardUsePotion","Lee\u0027s Waffle","AttackPotion","infinitespire:Satchel","Eternal Feather"],"campfire_rested":5,"item_purchase_floors":[28,28,28,42,42,42,42,48,48,65,65],"current_hp_per_floor":[90,90,90,90,88,88,88,84,85,85,87,88,88,84,84,42,96,96,83,83,60,59,59,59,87,64,37,43,32,60,54,62,28,99,99,96,76,76,80,80,80,84,84,84,71,100,23,107,105,104,107,107,107,106,109,109,109,109,119,113,113,113,113,113,85,88,100,119,119,119,122,120,96,96,91,99,82,84,81,87,87,87,102,57,127,127,127,127,94,94,112,71,71,127,127,127,33,89,66,60,68,127,127,127],"gold":1039,"neow_bonus":"UPGRADE_CARD","is_daily":false,"chose_seed":false,"campfire_upgraded":8,"win_rate":0.0,"timestamp":1608974883,"path_taken":["R_BF","M","?","M","M","$","T","$","E","M","?","M","R","M","M","BOSS","R_BF","M","?","?","M","?","T","R","?","NM","$","E","R","M","M","BOSS","R_BF","M","?","?","M","R","T","$","?","?","?","R","NM","?","M","BOSS","R_BF","M","M","M","?","AVR","T","R","E","?","R","?","?","?","M","BOSS","R_BF","M","M","M","M","?","E","E","M","M","?","M","?","?","M","BOSS","R_BF","M","?","M","M","R","E","?","R","AVR","R","E","R","M","M","BOSS","R_BF"],"items_purchased_type":["Relic","Potion","Potion","Relic","Relic","Card","Potion","Relic","Potion","Relic","Relic"],"build_version":"2020-12-22","purchased_purges":6,"victory":false,"max_hp_per_floor":[90,91,91,91,91,91,91,92,93,93,94,95,95,96,96,96,96,96,96,96,96,96,96,96,96,96,96,96,96,96,96,98,99,99,99,99,99,99,99,99,99,99,99,99,100,100,100,107,107,107,107,107,107,109,109,109,109,109,119,119,119,119,119,119,119,119,119,119,119,119,122,122,122,122,122,123,127,127,127,127,127,127,127,127,127,127,127,127,127,127,127,127,127,127,127,127,127,127,127,127,127,127,127,127],"relic_stats":{"Blood Vial":36,"Lee\u0027s Waffle":84,"counters":[63,312],"Prayer Wheel":46,"Eternal Feather":54,"PreservedInsect":544,"HandDrill":[44],"obtain_stats":[{"Regal Pillow":2,"conspire:RoyalGoblet":34,"Bromod:ArcaneVictory":10,"Vajra":41,"theForsaken:Lifeblossom":57,"halation:ForbiddenBikini":95,"Bag of Preparation":8,"Hallownest:DreamNailRelic":3,"sneckomod:SneckoSoul":0,"halation:StarCompass":13,"Pet Ghost":7,"Replay:Rubber Ducky":20,"Blood Vial":44,"Replay:Bandana":103,"downfall:HeartBlessingBlue":59,"hubris:Stopwatch":17,"beaked:SacredDeck":51,"hubris:ScarierMask":57,"Toolbox":95,"Prayer Wheel":26,"HandDrill":42,"halation:LettersToHer":9,"hubris:TinFlute":26,"Gremlin Food":42,"Lee\u0027s Waffle":48,"downfall:HeartBlessingRed":4,"Replay:Grab Bag":51,"Oddly Smooth Stone":47,"Eternal Feather":65,"conspire:RunicOctahedron":102,"PreservedInsect":28,"Replay:WaspNest":41,"theForsaken:PaleLantern":68,"infinitespire:Lucky Rock":24,"hubris:Towel":38,"Bromod:ArcaneConsequence":58,"MutagenicStrength":74,"StuffTheSpire:GreaterSneckoEye":37,"infinitespire:Satchel":65,"ChewingGum":51,"beaked:MawFillet":51,"Snack Pack":18,"ReplayTheSpireMod:TigerMarble":27,"hubris:TenFootPole":44,"halation:PinkSoulGem":61,"halation:Trompette":29},{"Regal Pillow":1,"conspire:RoyalGoblet":30,"Bromod:ArcaneVictory":4,"Vajra":32,"theForsaken:Lifeblossom":40,"halation:ForbiddenBikini":59,"Bag of Preparation":2,"Hallownest:DreamNailRelic":9,"sneckomod:SneckoSoul":0,"halation:StarCompass":6,"Pet Ghost":12,"Replay:Rubber Ducky":21,"Blood Vial":33,"Replay:Bandana":63,"downfall:HeartBlessingBlue":40,"hubris:Stopwatch":20,"beaked:SacredDeck":37,"hubris:ScarierMask":40,"Toolbox":59,"Prayer Wheel":24,"HandDrill":33,"halation:LettersToHer":14,"hubris:TinFlute":24,"Gremlin Food":33,"Lee\u0027s Waffle":35,"downfall:HeartBlessingRed":1,"Replay:Grab Bag":37,"Oddly Smooth Stone":35,"Eternal Feather":41,"conspire:RunicOctahedron":63,"PreservedInsect":26,"Replay:WaspNest":32,"theForsaken:PaleLantern":43,"infinitespire:Lucky Rock":23,"hubris:Towel":31,"Bromod:ArcaneConsequence":40,"MutagenicStrength":47,"StuffTheSpire:GreaterSneckoEye":31,"infinitespire:Satchel":41,"ChewingGum":37,"beaked:MawFillet":37,"Snack Pack":20,"ReplayTheSpireMod:TigerMarble":25,"hubris:TenFootPole":33,"halation:PinkSoulGem":41,"halation:Trompette":27},{"Regal Pillow":14,"conspire:RoyalGoblet":180,"Bromod:ArcaneVictory":37,"Vajra":185,"theForsaken:Lifeblossom":216,"halation:ForbiddenBikini":291,"Bag of Preparation":18,"Hallownest:DreamNailRelic":59,"sneckomod:SneckoSoul":0,"halation:StarCompass":47,"Pet Ghost":68,"Replay:Rubber Ducky":113,"Blood Vial":189,"Replay:Bandana":312,"downfall:HeartBlessingBlue":216,"hubris:Stopwatch":109,"beaked:SacredDeck":211,"hubris:ScarierMask":216,"Toolbox":291,"Prayer Wheel":137,"HandDrill":189,"halation:LettersToHer":80,"hubris:TinFlute":137,"Gremlin Food":189,"Lee\u0027s Waffle":200,"downfall:HeartBlessingRed":14,"Replay:Grab Bag":211,"Oddly Smooth Stone":200,"Eternal Feather":219,"conspire:RunicOctahedron":312,"PreservedInsect":149,"Replay:WaspNest":185,"theForsaken:PaleLantern":223,"infinitespire:Lucky Rock":125,"hubris:Towel":184,"Bromod:ArcaneConsequence":216,"MutagenicStrength":240,"StuffTheSpire:GreaterSneckoEye":184,"infinitespire:Satchel":219,"ChewingGum":211,"beaked:MawFillet":211,"Snack Pack":109,"ReplayTheSpireMod:TigerMarble":145,"hubris:TenFootPole":189,"halation:PinkSoulGem":219,"halation:Trompette":153}]},"card_choices":[{"not_picked":["sneckomod:Unknown1Cost","sneckomod:SoulCleanse"],"picked":"sneckomod:UnknownWeak","floor":2.0},{"not_picked":["sneckomod:UnknownClassSILVER","sneckomod:Nope"],"picked":"sneckomod:DiceBlock","floor":4.0},{"not_picked":["sneckomod:UnknownWeak","sneckomod:SoulRoll"],"picked":"sneckomod:QuickBite","floor":5.0},{"not_picked":["sneckomod:SoulDraw","sneckomod:UnknownClassGREEN"],"picked":"sneckomod:IronFang","floor":6.0},{"not_picked":["sneckomod:UnknownCommonSkill","sneckomod:UnknownX"],"picked":"sneckomod:UnknownBlock","floor":8.0},{"not_picked":["sneckomod:UnknownVulnerable","sneckomod:QuickBite"],"picked":"sneckomod:UnknownClassBRO_COLOR","floor":9.0},{"not_picked":["sneckomod:Unknown3Cost","sneckomod:UnknownBlock","sneckomod:DiceBlock"],"picked":"SKIP","floor":10.0},{"not_picked":["sneckomod:Unknown1Cost","sneckomod:UnknownBlock"],"picked":"sneckomod:UnknownClassSILVER","floor":11.0},{"not_picked":["sneckomod:UnknownClassHIEROPHANT_GOLD_COLOR","sneckomod:UnknownUncommonAttack"],"picked":"sneckomod:UnknownVulnerable","floor":12.0},{"not_picked":["sneckomod:UnknownClassHIEROPHANT_GOLD_COLOR","sneckomod:UnknownClassDT_ORANGE"],"picked":"sneckomod:UnknownClassTHE_CHAMP_GRAY","floor":14.0},{"not_picked":["sneckomod:RainOfDice","sneckomod:UnknownClassTHE_CURSED_PURPLE","sneckomod:SoulDraw"],"picked":"SKIP","floor":15.0},{"not_picked":["sneckomod:SerpentMind","sneckomod:Unknown3Cost"],"picked":"sneckomod:UnlimitedRolls","floor":16.0},{"not_picked":["sneckomod:QuickMove","sneckomod:QuickBite","sneckomod:UnknownVulnerable"],"picked":"SKIP","floor":19.0},{"not_picked":["sneckomod:UnknownWeak","sneckomod:UnknownClassBEAKED_YELLOW","sneckomod:Unknown2Cost"],"picked":"SKIP","floor":21.0},{"not_picked":["sneckomod:UnknownEthereal","sneckomod:DiceBlock+1","sneckomod:UnknownWeak"],"picked":"SKIP","floor":22.0},{"not_picked":["sneckomod:UnknownCommonAttack+1","sneckomod:UnknownClassBEAKED_YELLOW"],"picked":"sneckomod:Nope","floor":26.0},{"not_picked":["sneckomod:UnknownCommonSkill","sneckomod:MorePower","sneckomod:QuickBite"],"picked":"SKIP","floor":27.0},{"not_picked":["sneckomod:Unknown1Cost+1","sneckomod:QuickBite"],"picked":"sneckomod:SnakeSap+1","floor":28.0},{"not_picked":["sneckomod:DangerNoodle","sneckomod:UnknownClasssleuth_GRAY_COLOR","sneckomod:CheapStock"],"picked":"SKIP","floor":29.0},{"not_picked":["sneckomod:DiceCrush+1","sneckomod:DiceBlock","sneckomod:UnknownClassASTROLOGER+1"],"picked":"SKIP","floor":31.0},{"not_picked":["sneckomod:TrashToTreasure","sneckomod:Nope","sneckomod:DiceBlock"],"picked":"SKIP","floor":31.0},{"not_picked":["sneckomod:QuickBite+1","sneckomod:UnknownCommonSkill"],"picked":"sneckomod:UnknownClassGUARDIAN","floor":32.0},{"not_picked":["sneckomod:Unknown2Cost","sneckomod:UnknownClassWANDERER_GRAY_COLOR"],"picked":"sneckomod:UnknownClassGUARDIAN","floor":32.0},{"not_picked":["sneckomod:SoulExchange","sneckomod:Unknown3Cost"],"picked":"sneckomod:UnknownRareSkill","floor":33.0},{"not_picked":["sneckomod:UnknownClassTHE_CURSED_PURPLE","sneckomod:UnknownX+1","sneckomod:UnknownCommonSkill"],"picked":"SKIP","floor":36.0},{"not_picked":["sneckomod:UnknownEthereal","sneckomod:UnknownCommonSkill+1","sneckomod:UnknownBlock"],"picked":"SKIP","floor":36.0},{"not_picked":["sneckomod:UnknownClassASTROLOGER","sneckomod:UnknownVulnerable+1","sneckomod:UnlimitedRolls"],"picked":"SKIP","floor":39.0},{"not_picked":["sneckomod:UnknownCommonAttack","sneckomod:Nope","sneckomod:QuickBite+1"],"picked":"SKIP","floor":39.0},{"not_picked":["expansioncontent:FaceSlap","expansioncontent:Collect"],"picked":"Replay:SS_hec_2","floor":43.0},{"not_picked":["sneckomod:Restock","sneckomod:Nope"],"picked":"sneckomod:UnknownClassINFINITE_BLACK","floor":45.0},{"not_picked":["sneckomod:UnknownClassWANDERER_GRAY_COLOR+1","sneckomod:UnknownVulnerable","sneckomod:IronFang"],"picked":"SKIP","floor":45.0},{"not_picked":["sneckomod:UnknownClassTHE_CURSED_PURPLE","sneckomod:Unknown0Cost","sneckomod:UnknownClassSILVER+1"],"picked":"SKIP","floor":47.0},{"not_picked":["sneckomod:UnknownClassFORSAKEN_GOLD_COLOR+1","sneckomod:UnknownClassBLESSING","sneckomod:QuickMove+1"],"picked":"SKIP","floor":49.0},{"not_picked":["sneckomod:UnknownExhaust+1","sneckomod:DiceBlock+1","sneckomod:UnknownClassGATHERER_LIME+1"],"picked":"SKIP","floor":49.0},{"not_picked":["sneckomod:Unknown2Cost","sneckomod:UnknownClassSLIMEBOUND","sneckomod:UnknownStrike"],"picked":"SKIP","floor":53.0},{"not_picked":["sneckomod:UnknownClassGUARDIAN","sneckomod:Nope","sneckomod:QuickBite"],"picked":"SKIP","floor":53.0},{"not_picked":["sneckomod:Rotation","sneckomod:Nope"],"picked":"sneckomod:UnknownWeak","floor":54.0},{"not_picked":["sneckomod:SoulDraw","sneckomod:UnknownClassBLESSING"],"picked":"sneckomod:UnknownRarePower","floor":54.0},{"not_picked":["sneckomod:UnknownStrike","sneckomod:UnknownClassSILVER","sneckomod:UnknownClassBUGKNIGHT_GRAY_COLOR"],"picked":"SKIP","floor":55.0},{"not_picked":["sneckomod:UnknownClassHEXA_GHOST_PURPLE","sneckomod:DiceBlock","sneckomod:UnknownClassSILVER"],"picked":"SKIP","floor":55.0},{"not_picked":["sneckomod:Mudshield","sneckomod:DiceCrush","sneckomod:UnknownClassDT_ORANGE"],"picked":"SKIP","floor":60.0},{"not_picked":["sneckomod:UnknownClassBRO_COLOR","sneckomod:UnknownBlock","sneckomod:QuickBite"],"picked":"SKIP","floor":66.0},{"not_picked":["sneckomod:UnknownWeak","sneckomod:DiceCrush","sneckomod:Unknown2Cost"],"picked":"SKIP","floor":66.0},{"not_picked":["sneckomod:UnknownX","sneckomod:UnknownClassBLADEMASTER_GRAY","sneckomod:DiceCrush"],"picked":"SKIP","floor":70.0},{"not_picked":["sneckomod:UnknownClassSHADE_COLOR+1","sneckomod:DiceBlock+1","sneckomod:UnknownClassWHITE"],"picked":"SKIP","floor":70.0},{"not_picked":["sneckomod:SoulRoll","sneckomod:UnknownBlock","sneckomod:UnknownClassINFINITE_BLACK"],"picked":"SKIP","floor":71.0},{"not_picked":["sneckomod:UnknownCommonSkill","sneckomod:DiceCrush","sneckomod:UnknownBlock"],"picked":"SKIP","floor":71.0},{"not_picked":["sneckomod:SoulDraw","sneckomod:Unknown1Cost","sneckomod:WideSting"],"picked":"SKIP","floor":72.0},{"not_picked":["sneckomod:UnknownStrike+1","sneckomod:DiceCrush","sneckomod:UnknownCommonSkill"],"picked":"SKIP","floor":72.0},{"not_picked":["sneckomod:UnknownClassBLESSING","sneckomod:UnknownClassRED+1","sneckomod:UnknownClassSILVER+1"],"picked":"SKIP","floor":73.0},{"not_picked":["sneckomod:UnknownBlock+1","sneckomod:UnknownClassTHE_CHAMP_GRAY","sneckomod:Unknown1Cost"],"picked":"SKIP","floor":73.0},{"not_picked":["sneckomod:UnknownCommonSkill","sneckomod:DiceCrush+1","sneckomod:Unknown1Cost"],"picked":"SKIP","floor":75.0},{"not_picked":["sneckomod:UnknownClassGREEN","sneckomod:UnknownClassGATHERER_LIME+1","sneckomod:WideSting"],"picked":"SKIP","floor":76.0},{"not_picked":["sneckomod:UnknownClassWANDERER_GRAY_COLOR","sneckomod:Unknown2Cost"],"picked":"sneckomod:UnknownClassBLESSING+1","floor":77},{"not_picked":["sneckomod:UnknownClassDEFAULT_GRAY_COLOR","sneckomod:UnknownRarePower","sneckomod:UnknownClassSLIMEBOUND+1"],"picked":"SKIP","floor":77},{"not_picked":["sneckomod:UnknownClassGREEN","sneckomod:RainOfDice","sneckomod:UnknownUncommonPower"],"picked":"SKIP","floor":78},{"not_picked":["sneckomod:UnknownCommonSkill","sneckomod:QuickBite","sneckomod:UnknownClassBLESSING+1"],"picked":"SKIP","floor":78},{"not_picked":["sneckomod:WideSting+1","sneckomod:UnknownBlock","sneckomod:DiceBlock"],"picked":"SKIP","floor":80},{"not_picked":["sneckomod:WideSting","sneckomod:UnknownUncommonPower+1","sneckomod:UnknownClassINFINITE_BLACK"],"picked":"SKIP","floor":80},{"not_picked":["sneckomod:UnknownClasssleuth_GRAY_COLOR","sneckomod:UnknownClassRUNESMITH_BEIGE+1","sneckomod:WideSting"],"picked":"SKIP","floor":83},{"not_picked":["sneckomod:UnknownX","sneckomod:SerpentIdol+1","sneckomod:UnknownClassRED"],"picked":"SKIP","floor":83},{"not_picked":["infinitespire:Oblivion","infinitespire:UltimateForm"],"picked":"infinitespire:SevenWalls","floor":84},{"not_picked":["sneckomod:UnknownClassFORSAKEN_GOLD_COLOR+1","sneckomod:Unknown2Cost","sneckomod:RainOfDice+1"],"picked":"SKIP","floor":87},{"not_picked":["sneckomod:UnknownVulnerable","sneckomod:IronFang+1","sneckomod:SoulExchange"],"picked":"SKIP","floor":87},{"not_picked":["sneckomod:SlitherStrike","sneckomod:Unknown2Cost+1","sneckomod:SoulRoll"],"picked":"SKIP","floor":88},{"not_picked":["sneckomod:UnknownCommonSkill","sneckomod:Unknown1Cost","sneckomod:RainOfDice+1"],"picked":"SKIP","floor":88},{"not_picked":["sneckomod:SoulRoll+1","sneckomod:WideSting","sneckomod:UnknownCommonSkill+1"],"picked":"SKIP","floor":89},{"not_picked":["sneckomod:UnknownClassWHITE","sneckomod:UnknownCommonAttack","sneckomod:UnknownEthereal"],"picked":"SKIP","floor":89},{"not_picked":["sneckomod:IronFang+1","sneckomod:SoulRoll","sneckomod:UnknownCommonSkill+1"],"picked":"SKIP","floor":90},{"not_picked":["sneckomod:UnknownCommonSkill+1","sneckomod:QuickMove","sneckomod:UnknownClassRUNESMITH_BEIGE"],"picked":"SKIP","floor":90},{"not_picked":["sneckomod:Unknown3Cost","sneckomod:UnknownBlock","sneckomod:Nope"],"picked":"SKIP","floor":92},{"not_picked":["sneckomod:ImprovisedGuard","sneckomod:UnknownUncommonSkill+1","sneckomod:Unknown1Cost+1"],"picked":"SKIP","floor":97},{"not_picked":["sneckomod:UnknownClassWANDERER_GRAY_COLOR","sneckomod:UnknownClassHEXA_GHOST_PURPLE","sneckomod:CheapStock+1"],"picked":"SKIP","floor":99},{"not_picked":["sneckomod:UnknownBlock+1","sneckomod:QuickMove+1","sneckomod:UnknownClassBEAKED_YELLOW"],"picked":"SKIP","floor":99},{"not_picked":["sneckomod:UnknownClassGREEN+1","sneckomod:TrashToTreasure+1","sneckomod:Nope"],"picked":"SKIP","floor":100},{"not_picked":["sneckomod:DiceBlock","sneckomod:SoulDraw+1","sneckomod:Restock"],"picked":"SKIP","floor":100}],"player_experience":158862,"relics_obtained":[{"floor":7.0,"key":"Pet Ghost"},{"floor":9.0,"key":"halation:LettersToHer"},{"floor":18.0,"key":"Snack Pack"},{"floor":20.0,"key":"halation:LettersToHer"},{"floor":20.0,"key":"Replay:Rubber Ducky"},{"floor":24.0,"key":"halation:LettersToHer"},{"floor":24.0,"key":"infinitespire:Lucky Rock"},{"floor":26.0,"key":"Prayer Wheel"},{"floor":26.0,"key":"hubris:TinFlute"},{"floor":27.0,"key":"ReplayTheSpireMod:TigerMarble"},{"floor":29.0,"key":"halation:Trompette"},{"floor":37.0,"key":"StuffTheSpire:GreaterSneckoEye"},{"floor":41.0,"key":"Replay:WaspNest"},{"floor":41.0,"key":"Vajra"},{"floor":44.0,"key":"Blood Vial"},{"floor":44.0,"key":"hubris:TenFootPole"},{"floor":47.0,"key":"Oddly Smooth Stone"},{"floor":58.0,"key":"Bromod:ArcaneConsequence"},{"floor":103,"key":"Replay:Bandana"}],"event_choices":[{"damage_healed":0.0,"max_hp_gain":0.0,"max_hp_loss":0.0,"gold_gain":0.0,"event_name":"conspire:Investor","player_choice":"Invest 2","floor":23.0,"gold_loss":0.0,"damage_taken":0.0},{"damage_healed":0.0,"max_hp_gain":0.0,"max_hp_loss":0.0,"gold_gain":0.0,"event_name":"Drug Dealer","player_choice":"Inject Mutagens","floor":74.0,"gold_loss":0.0,"damage_taken":0.0,"relics_obtained":["MutagenicStrength"]},{"damage_healed":0,"gold_gain":0,"player_choice":"Got Potions","damage_taken":0,"max_hp_gain":0,"max_hp_loss":0,"event_name":"Lab","floor":82,"gold_loss":0},{"damage_healed":0,"gold_gain":0,"player_choice":"Upgraded","damage_taken":0,"max_hp_gain":0,"max_hp_loss":0,"event_name":"Upgrade Shrine","floor":93,"gold_loss":0,"cards_upgraded":["hubris:InfiniteBlow"]}],"is_beta":false,"boss_relics":[{"not_picked":["StuffTheSpire:RunicConfusion","Runic Pyramid"],"picked":"hubris:Stopwatch"},{"not_picked":["hubris:VirtuousBlindfold","hubris:RunicObelisk"],"picked":"conspire:RoyalGoblet"},{"not_picked":["Runic Dome","Fusion Hammer"],"picked":"Replay:Grab Bag"},{"not_picked":["ReplayTheSpireMod:Onyx Gauntlets","vexMod:TanglingVine"],"picked":"ChewingGum"},{"not_picked":["halation:SmartPhone","Coffee Dripper"],"picked":"beaked:MawFillet"},{"not_picked":["Ring of Chaos","StuffTheSpire:RunicHypercube"],"picked":"beaked:SacredDeck"},{"not_picked":["Astrolabe","StuffTheSpire:ModemDavis"],"picked":"theForsaken:PaleLantern"},{"not_picked":["hubris:RunicObelisk","Replay:Wanted Poster","infinitespire:Cupcake"]},{"not_picked":["halation:MonkeysPaw","hubris:TerracottaHorce"],"picked":"conspire:RunicOctahedron"}],"items_purged_floors":[6,28,42,57,65,95],"is_endless":true,"potions_floor_spawned":[4,9,10,12,15,22,29,31,32,33,39,49,55,66,67,70,72,77,80,89,90,97,101],"ascension_level":0}}