{"host":"ejwrda5cjllq8zfn","time":1608984010,"event":{"mods":["2.2 Compatiblity","Act Like it!","Astrologer","Bard","BaseMod","Challenge The Spire","Colored Map","Colored Powertips","Defuse TimeMaze Blight","Energized Spire","Gensokyo","Hermit","Highlight Path","Hubris","Infinite Spire","Jorbs\u0027s Wanderer Trilogy","Lobotomy","Mad Scientist","Marisa????????","Minty Spire (QoL Compilation)","Random Character Button","Replay The Spire","Somnambulant","StSLib","SuperFastMode","The Bladedancer","The Cursed","The Disciple","The Florist","The Gatherer","The Hayseed","The Hierophant","The Juggle","The Jungle","The Mystic","The Necromancer","The Poker Player","The Problem Sleuth","The Spell Scribe","The Valiant","TheFirefly","Unceasing Turn Reminder","vexMod"],"gold_per_floor":[213,213,213,248,248,323,323,323,323,440,440,489,489,588,637,637,577,502,502,527,527],"floor_reached":44,"playtime":510,"items_purged":["stsjorbsmod:Blasphemer"],"score":284,"play_id":"65d7b27f-9b63-42b4-ae6c-f66b7f28e5a0","local_time":"20201226130010","is_ascension_mode":false,"campfire_choices":[],"circlet_count":0,"master_deck":["stsjorbsmod:CULLCard","stsjorbsmod:Apparition_Cull","stsjorbsmod:Strike_Cull","stsjorbsmod:Strike_Cull","stsjorbsmod:Strike_Cull","stsjorbsmod:Strike_Cull","stsjorbsmod:Paralysis","stsjorbsmod:SpiritShield_Cull","stsjorbsmod:Exhale","stsjorbsmod:Withering","stsjorbsmod:WastingForm","stsjorbsmod:TickingCurse","stsjorbsmod:ShrapnelBloom","infinitespire:Oblivion","stsjorbsmod:Frostbite"],"relics":["stsjorbsmod:BookOfTrialsRelic","hubris:Icosahedron","vexMod:ConsolationPrize","Mercury Hourglass","Omamori"],"acts_visited":["Exordium","TheCity"],"potions_floor_usage":[29,44],"damage_taken":[{"damage":2,"enemies":"Jaw Worm","floor":1,"turns":2},{"damage":30,"enemies":"3 Sentries","floor":7,"turns":6},{"damage":12,"enemies":"Slime Boss","floor":20,"turns":8},{"damage":35,"enemies":"Shell Parasite","floor":29,"turns":5},{"damage":46,"enemies":"Champ","floor":44,"turns":6}],"seed_played":"823317959002373680","potions_obtained":[{"floor":7,"key":"Energy Potion"},{"floor":20,"key":"Swift Potion"}],"is_trial":false,"path_per_floor":["M","?","?","E","T","?","R","?","R","B",null,"M","R","?","T","?","?","$","R","B"],"character_chosen":"CULL","items_purchased":[],"campfire_rested":0,"item_purchase_floors":[],"current_hp_per_floor":[67,51,51,37,37,26,32,52,58,45,49,13,25,25,25,25,25,25,37,0,0],"gold":527,"neow_bonus":"ONE_RANDOM_RARE_CARD","is_daily":false,"chose_seed":false,"campfire_upgraded":0,"win_rate":0.0,"timestamp":1608984010,"path_taken":["M","?","?","E","T","?","R","?","R","BOSS","M","R","?","T","?","?","$","R","BOSS"],"items_purchased_type":[],"build_version":"2020-12-22","purchased_purges":1,"victory":false,"max_hp_per_floor":[68,68,68,59,59,59,60,60,61,49,49,39,41,41,41,41,41,41,43,32,32],"card_choices":[{"not_picked":["stsjorbsmod:Poultergeist","stsjorbsmod:Damnation","stsjorbsmod:Haunt"],"picked":"SKIP","floor":1},{"not_picked":["ReplayTheSpireMod:Black Plague","ReplayTheSpireMod:??????????????????????"],"picked":"infinitespire:Oblivion","floor":3},{"not_picked":["stsjorbsmod:Haunt","stsjorbsmod:Strife","stsjorbsmod:Overkill"],"picked":"SKIP","floor":7},{"not_picked":["stsjorbsmod:Miracle_Cull+1","stsjorbsmod:Shake","stsjorbsmod:Commune"],"picked":"SKIP","floor":29}],"player_experience":200832,"relics_obtained":[{"floor":7,"key":"vexMod:ConsolationPrize"},{"floor":13,"key":"Mercury Hourglass"},{"floor":37,"key":"Omamori"}],"event_choices":[{"damage_healed":0,"gold_gain":75,"player_choice":"Gather Gold","damage_taken":11,"max_hp_gain":0,"max_hp_loss":0,"event_name":"World of Goop","floor":14,"gold_loss":0},{"damage_healed":20,"gold_gain":0,"player_choice":"Banana","damage_taken":0,"max_hp_gain":0,"max_hp_loss":0,"event_name":"Big Fish","floor":17,"gold_loss":0},{"damage_healed":0,"gold_gain":99,"player_choice":"Stole From Cult","damage_taken":0,"max_hp_gain":0,"max_hp_loss":0,"event_name":"Nest","floor":35,"gold_loss":0}],"is_beta":false,"boss_relics":[{"not_picked":["hubris:CrackedHourglass","vexMod:FluxCapacitor","energizedSpire:OgreHead"]}],"items_purged_floors":[42],"is_endless":false,"potions_floor_spawned":[7,20],"killed_by":"Champ","ascension_level":0}}