{"host":"h0xw20cia6ppa69g","time":1608978614,"event":{"mods":["AchievementEnabler","BaseMod","Colored Map","Filter the Spire","Googly Eyes","Minty Spire (QoL Compilation)","Relic Stats","StSLib","The Awakened One except there are too many feathers","everything is the same but u backflip on backflip"],"gold_per_floor":[110,120,173,188,188,188,221,221,244,269,269,281,307,10,10,112,112,123,48,48,59,79,79,93,123,148,548,581,581,614,627,627,728,728,741,741,741,755,191,208,237,237,237,287,321,321,338,338,338,338,338,338,1,28,28,28],"floor_reached":55,"playtime":2643,"items_purged":["Writhe"],"score":1050,"play_id":"815b3ffa-9b2f-404d-936c-e8889a62ca28","local_time":"20201226043014","is_ascension_mode":true,"campfire_choices":[{"data":"Immolate","floor":6,"key":"SMITH"},{"data":"Armaments","floor":8,"key":"SMITH"},{"data":"Barricade","floor":11,"key":"SMITH"},{"data":"Limit Break","floor":15,"key":"SMITH"},{"floor":23,"key":"REST"},{"floor":32,"key":"REST"},{"floor":42,"key":"RECALL"},{"data":"Discovery","floor":46,"key":"SMITH"},{"data":"Berserk","floor":49,"key":"SMITH"},{"data":"Dual Wield","floor":52,"key":"SMITH"}],"circlet_count":0,"master_deck":["Bash","Pommel Strike","Barricade+1","Spot Weakness","Immolate+1","Ghostly Armor","Offering+1","Second Wind","Headbutt","Armaments+1","Disarm+1","Limit Break","Limit Break+1","Evolve","Disarm","Berserk+1","Flame Barrier+1","Feel No Pain","Shrug It Off+1","Dual Wield+1","Metallicize+1","Corruption","Discovery+1","Chrysalis","Dark Shackles","Dark Embrace+1","Metallicize","True Grit","Shrug It Off+1","Heavy Blade+1","Shockwave+1","Demon Form","PanicButton","Battle Trance"],"relics":["Pandora\u0027s Box","Bag of Marbles","PreservedInsect","Matryoshka","StoneCalendar","DollysMirror","SlaversCollar","Charon\u0027s Ashes","Vajra","Smiling Mask","Old Coin","Gremlin Horn","Mercury Hourglass","Toy Ornithopter","SacredBark","Sundial","HandDrill","Calipers","War Paint","Lizard Tail","Darkstone Periapt","Nunchaku"],"acts_visited":["Exordium","TheCity","TheBeyond","TheEnding"],"potions_floor_usage":[5,25,25,27,40,41,41,41,41,41,41,55,55],"damage_taken":[{"damage":0.0,"enemies":"2 Louse","floor":1.0,"turns":1.0},{"damage":6.0,"enemies":"Small Slimes","floor":2.0,"turns":2.0},{"damage":6,"enemies":"Cultist","floor":4,"turns":2},{"damage":16,"enemies":"Lagavulin","floor":7,"turns":5},{"damage":0,"enemies":"3 Sentries","floor":10,"turns":2},{"damage":0,"enemies":"Exordium Thugs","floor":12,"turns":1},{"damage":6,"enemies":"Lagavulin","floor":13,"turns":5},{"damage":6,"enemies":"Slime Boss","floor":16,"turns":5},{"damage":12,"enemies":"Shell Parasite","floor":18,"turns":6},{"damage":16,"enemies":"3 Byrds","floor":21,"turns":4},{"damage":23,"enemies":"3 Cultists","floor":22,"turns":5},{"damage":6,"enemies":"Snake Plant","floor":24,"turns":7},{"damage":6,"enemies":"Slavers","floor":25,"turns":4},{"damage":12,"enemies":"Colosseum Slavers","floor":27,"turns":7},{"damage":7,"enemies":"Colosseum Nobs","floor":27,"turns":5},{"damage":7,"enemies":"Gremlin Leader","floor":28,"turns":4},{"damage":0,"enemies":"Slavers","floor":30,"turns":1},{"damage":3,"enemies":"Chosen and Byrds","floor":31,"turns":5},{"damage":6,"enemies":"Collector","floor":33,"turns":8},{"damage":33,"enemies":"3 Darklings","floor":35,"turns":4},{"damage":16,"enemies":"3 Shapes","floor":38,"turns":5},{"damage":39,"enemies":"3 Darklings","floor":40,"turns":7},{"damage":56,"enemies":"Nemesis","floor":41,"turns":11},{"damage":6,"enemies":"Mind Bloom Boss Battle","floor":44,"turns":8},{"damage":6,"enemies":"Giant Head","floor":45,"turns":7},{"damage":0,"enemies":"Jaw Worm Horde","floor":47,"turns":2},{"damage":74,"enemies":"Donu and Deca","floor":50,"turns":9},{"damage":28,"enemies":"Shield and Spear","floor":54,"turns":4},{"damage":64,"enemies":"The Heart","floor":55,"turns":6}],"seed_played":"5802957525234721963","potions_obtained":[{"floor":1.0,"key":"Strength Potion"},{"floor":4,"key":"BloodPotion"},{"floor":5,"key":"HeartOfIron"},{"floor":5,"key":"AttackPotion"},{"floor":12,"key":"DuplicationPotion"},{"floor":25,"key":"Dexterity Potion"},{"floor":27,"key":"LiquidBronze"},{"floor":30,"key":"EntropicBrew"},{"floor":40,"key":"Ancient Potion"}],"is_trial":false,"path_per_floor":["M","M","?","M","?","R","E","R","T","E","R","M","E","$","R","B",null,"M","?","?","M","M","R","M","E","T","?","E","?","E","M","R","B",null,"M","?","?","M","$","M","E","R","T","?","E","R","M","?","R","B",null,"R","$","E","B"],"character_chosen":"IRONCLAD","items_purchased":["DollysMirror","Evolve","Disarm","Sundial","HandDrill","Metallicize","True Grit","SkillPotion","Demon Form","Block Potion","PanicButton"],"campfire_rested":2,"item_purchase_floors":[14,14,14,39,39,39,39,53,53,53,53],"current_hp_per_floor":[80,74,74,68,80,80,64,64,64,64,64,64,58,58,58,52,80,68,68,68,52,29,53,47,41,41,22,15,15,15,12,36,30,80,47,37,57,41,41,7,68,68,68,62,56,56,56,56,56,34,80,80,80,52,0,0],"gold":28,"neow_bonus":"BOSS_RELIC","is_daily":false,"chose_seed":false,"campfire_upgraded":7,"win_rate":0.0,"timestamp":1608978614,"path_taken":["M","M","?","M","?","R","E","R","T","E","R","?","E","?","R","BOSS","M","?","?","M","?","R","M","E","T","?","E","?","E","M","R","BOSS","M","?","?","M","$","M","E","R","T","?","E","R","?","?","R","BOSS","R","$","E","BOSS"],"items_purchased_type":["Relic","Card","Card","Relic","Relic","Card","Card","Potion","Card","Potion","Card"],"build_version":"2020-12-22","purchased_purges":1,"victory":false,"max_hp_per_floor":[80,80,80,80,80,80,80,80,80,80,80,80,80,80,80,80,80,80,80,80,80,80,80,80,80,80,80,80,80,80,80,80,80,80,80,80,80,80,80,80,80,80,80,80,80,80,80,80,80,80,80,80,80,80,80,80],"relic_stats":{"Darkstone Periapt":0,"Gremlin Horn":[12,12],"counters":[29,142],"StoneCalendar":[317],"PreservedInsect":458,"Charon\u0027s Ashes":[498],"War Paint":["Offering","Disarm"],"Smiling Mask":25,"Mercury Hourglass":[292],"Lizard Tail":40,"Nunchaku":[0],"Sundial":[6],"Pandora\u0027s Box":["Heavy Blade","Pommel Strike","Barricade","Rupture","Spot Weakness","Immolate","Wild Strike","Ghostly Armor","Offering"],"HandDrill":[28],"obtain_stats":[{"Darkstone Periapt":45,"Calipers":41,"Gremlin Horn":27,"SacredBark":34,"Vajra":26,"StoneCalendar":13,"PreservedInsect":9,"Charon\u0027s Ashes":25,"War Paint":43,"Smiling Mask":26,"Burning Blood":0,"Old Coin":27,"Mercury Hourglass":28,"SlaversCollar":17,"Lizard Tail":44,"Nunchaku":54,"Matryoshka":10,"DollysMirror":14,"Sundial":39,"Pandora\u0027s Box":0,"Bag of Marbles":7,"HandDrill":39,"Toy Ornithopter":30},{"Darkstone Periapt":25,"Calipers":23,"Gremlin Horn":15,"SacredBark":19,"Vajra":13,"StoneCalendar":7,"PreservedInsect":4,"Charon\u0027s Ashes":13,"War Paint":23,"Smiling Mask":13,"Burning Blood":0,"Old Coin":15,"Mercury Hourglass":16,"SlaversCollar":8,"Lizard Tail":24,"Nunchaku":28,"Matryoshka":5,"DollysMirror":7,"Sundial":21,"Pandora\u0027s Box":0,"Bag of Marbles":4,"HandDrill":21,"Toy Ornithopter":17},{"Darkstone Periapt":121,"Calipers":106,"Gremlin Horn":61,"SacredBark":79,"Vajra":49,"StoneCalendar":18,"PreservedInsect":10,"Charon\u0027s Ashes":49,"War Paint":106,"Smiling Mask":49,"Burning Blood":0,"Old Coin":61,"Mercury Hourglass":65,"SlaversCollar":23,"Lizard Tail":114,"Nunchaku":136,"Matryoshka":12,"DollysMirror":18,"Sundial":88,"Pandora\u0027s Box":0,"Bag of Marbles":10,"HandDrill":88,"Toy Ornithopter":66}],"Toy Ornithopter":45},"card_choices":[{"not_picked":["Rage","Twin Strike"],"picked":"Second Wind","floor":1.0},{"not_picked":["Cleave","Second Wind"],"picked":"Headbutt","floor":2.0},{"not_picked":["Second Wind","Headbutt"],"picked":"Armaments","floor":4},{"not_picked":["Dropkick","Rampage","Spot Weakness"],"picked":"SKIP","floor":7},{"not_picked":["Hemokinesis","Wild Strike"],"picked":"Disarm","floor":10},{"not_picked":["Dropkick","Twin Strike","Havoc"],"picked":"SKIP","floor":12},{"not_picked":["Twin Strike","Uppercut"],"picked":"Limit Break","floor":13},{"not_picked":["Immolate","Double Tap"],"picked":"Berserk","floor":16},{"not_picked":["Blood for Blood+1","Dropkick","Carnage+1"],"picked":"SKIP","floor":18},{"not_picked":["Cleave+1","Twin Strike","Havoc+1"],"picked":"SKIP","floor":21},{"not_picked":["Thunderclap+1","Disarm"],"picked":"Flame Barrier+1","floor":22},{"not_picked":["Pommel Strike","Anger","Warcry"],"picked":"SKIP","floor":24},{"not_picked":["Sever Soul","Clothesline"],"picked":"Feel No Pain","floor":25},{"not_picked":["Cleave+1","Havoc"],"picked":"Shrug It Off+1","floor":27},{"not_picked":["Immolate","Evolve","Dropkick"],"picked":"SKIP","floor":28},{"not_picked":["Headbutt+1","Perfected Strike"],"picked":"Dual Wield","floor":30},{"not_picked":["Thunderclap+1","Uppercut+1"],"picked":"Metallicize+1","floor":31},{"not_picked":["Immolate","Double Tap"],"picked":"Corruption","floor":33},{"not_picked":["Sword Boomerang","Havoc+1","Carnage+1"],"picked":"SKIP","floor":35},{"not_picked":["Deep Breath","Chrysalis"],"picked":"Discovery","floor":36},{"not_picked":["Enlightenment","Forethought"],"picked":"Chrysalis","floor":36},{"not_picked":["Purity","Dramatic Entrance"],"picked":"Dark Shackles","floor":36},{"not_picked":["Warcry+1","Iron Wave"],"picked":"Dark Embrace+1","floor":38},{"not_picked":["Body Slam+1","Sword Boomerang"],"picked":"Shrug It Off+1","floor":40},{"not_picked":["Blood for Blood+1","Clash+1","Carnage+1"],"picked":"SKIP","floor":41},{"not_picked":["Disarm","Shrug It Off"],"picked":"Heavy Blade+1","floor":44},{"not_picked":["Armaments","Dark Embrace+1"],"picked":"Shockwave+1","floor":45},{"not_picked":["Rampage","Pommel Strike","Evolve"],"picked":"SKIP","floor":47},{"not_picked":["Pommel Strike","True Grit+1"],"picked":"Battle Trance","floor":54}],"player_experience":3547759,"relics_obtained":[{"floor":7,"key":"Bag of Marbles"},{"floor":9,"key":"PreservedInsect"},{"floor":10,"key":"Matryoshka"},{"floor":13,"key":"StoneCalendar"},{"floor":25,"key":"Charon\u0027s Ashes"},{"floor":26,"key":"Vajra"},{"floor":26,"key":"Smiling Mask"},{"floor":27,"key":"Old Coin"},{"floor":27,"key":"Gremlin Horn"},{"floor":28,"key":"Mercury Hourglass"},{"floor":30,"key":"Toy Ornithopter"},{"floor":41,"key":"Calipers"},{"floor":43,"key":"War Paint"},{"floor":44,"key":"Lizard Tail"},{"floor":45,"key":"Darkstone Periapt"},{"floor":54,"key":"Nunchaku"}],"event_choices":[{"damage_healed":0,"gold_gain":53,"player_choice":"Gained Gold","damage_taken":0,"max_hp_gain":0,"max_hp_loss":0,"event_name":"Golden Wing","floor":3,"gold_loss":0},{"damage_healed":0,"gold_gain":0,"player_choice":"Got Potions","damage_taken":0,"max_hp_gain":0,"max_hp_loss":0,"event_name":"Lab","floor":5,"gold_loss":0},{"cards_removed":["Rupture"],"damage_healed":0,"gold_gain":0,"player_choice":"Gave Gold","damage_taken":0,"max_hp_gain":0,"max_hp_loss":0,"event_name":"Beggar","floor":19,"gold_loss":75},{"cards_removed":["Wild Strike"],"damage_healed":0,"gold_gain":0,"player_choice":"Card Removal","damage_taken":0,"max_hp_gain":0,"max_hp_loss":0,"event_name":"Wheel of Change","floor":20,"gold_loss":0},{"damage_healed":0,"gold_gain":0,"player_choice":"Fight","damage_taken":0,"max_hp_gain":0,"max_hp_loss":0,"event_name":"Colosseum","floor":27,"gold_loss":0},{"damage_healed":0,"gold_gain":0,"player_choice":"Fought Nobs","damage_taken":0,"max_hp_gain":0,"max_hp_loss":0,"event_name":"Colosseum","floor":27,"gold_loss":0},{"cards_removed":["Heavy Blade"],"damage_healed":0,"gold_gain":0,"player_choice":"Elegance","damage_taken":0,"max_hp_gain":0,"max_hp_loss":0,"event_name":"Back to Basics","floor":29,"gold_loss":0},{"damage_healed":0,"gold_gain":0,"player_choice":"Memory 3","damage_taken":10,"max_hp_gain":0,"max_hp_loss":0,"event_name":"SensoryStone","floor":36,"gold_loss":0},{"damage_healed":20,"gold_gain":0,"player_choice":"Writhe","damage_taken":0,"max_hp_gain":0,"max_hp_loss":0,"event_name":"Winding Halls","floor":37,"gold_loss":0,"cards_obtained":["Writhe"]},{"damage_healed":0,"gold_gain":0,"player_choice":"Fight","damage_taken":0,"max_hp_gain":0,"max_hp_loss":0,"event_name":"MindBloom","floor":44,"gold_loss":0},{"damage_healed":0,"gold_gain":0,"player_choice":"Ignored","damage_taken":0,"max_hp_gain":0,"max_hp_loss":0,"event_name":"Tomb of Lord Red Mask","floor":48,"gold_loss":0}],"is_beta":false,"boss_relics":[{"not_picked":["Ectoplasm","Runic Dome"],"picked":"SlaversCollar"},{"not_picked":["Black Star","Sozu"],"picked":"SacredBark"}],"items_purged_floors":[39],"is_endless":false,"potions_floor_spawned":[1,4,12,16,18,25,27,30,35,40],"killed_by":"The Heart","ascension_level":1}}