{"host":"kw4o7b3ro2ktmmbe","time":1608948065,"event":{"mods":["BaseMod","Evolution","Minty Spire (QoL Compilation)","StSLib","Treasure Hunter"],"gold_per_floor":[122,122,133,151,170,170,170,182,229,239,252,252,265,284,284,363,363,378,378,78,78,258,276,276,290,290,325,325,325,336,33,33,33,33],"floor_reached":33,"playtime":2026,"items_purged":[],"score":444,"play_id":"435f6802-d12a-416e-a101-2602150c52bf","local_time":"20201226150105","is_ascension_mode":true,"campfire_choices":[{"data":"WindmillStrike","floor":6.0,"key":"SMITH"},{"data":"Eruption","floor":15.0,"key":"SMITH"},{"floor":24.0,"key":"REST"},{"data":"TH:ElvenBoots","floor":28,"key":"SMITH"},{"floor":32,"key":"REST"}],"circlet_count":0,"master_deck":["AscendersBane","Strike_P","Strike_P","Strike_P","Strike_P","Defend_P","Defend_P","Defend_P","Defend_P","Eruption+1","Vigilance","Conclude","Prostrate","WindmillStrike+1","BattleHymn","MentalFortress","TH:TreasureMap","Wallop","Adaptation","WindmillStrike","TalkToTheHand","TH:ElvenBoots+1","DevaForm","CurseOfTheBell","Finesse","FollowUp+1","FearNoEvil","TH:CopperCoins","TH:DeckOfManyThings","FearNoEvil","MentalFortress"],"relics":["PureWater","EVO:Axolotl","Gremlin Horn","Ancient Tea Set","Calling Bell","Boot","Mercury Hourglass","Gambling Chip","Orichalcum","Lee\u0027s Waffle","Blood Vial","MutagenicStrength","Damaru","MealTicket","Lantern","Akabeko"],"acts_visited":["Exordium","TheCity"],"potions_floor_usage":[25,27,33],"damage_taken":[{"damage":0.0,"enemies":"Cultist","floor":1.0,"turns":2.0},{"damage":2.0,"enemies":"Jaw Worm","floor":3.0,"turns":4.0},{"damage":0.0,"enemies":"2 Louse","floor":4.0,"turns":3.0},{"damage":1.0,"enemies":"Looter","floor":5.0,"turns":4.0},{"damage":22.0,"enemies":"Exordium Thugs","floor":8.0,"turns":2.0},{"damage":8.0,"enemies":"Blue Slaver","floor":10.0,"turns":4.0},{"damage":2.0,"enemies":"3 Louse","floor":11.0,"turns":2.0},{"damage":0.0,"enemies":"Large Slime","floor":13.0,"turns":5.0},{"damage":3.0,"enemies":"Blue Slaver","floor":14.0,"turns":4.0},{"damage":16.0,"enemies":"Hexaghost","floor":16.0,"turns":7.0},{"damage":25.0,"enemies":"Spheric Guardian","floor":18.0,"turns":5.0},{"damage":28.0,"enemies":"2 Thieves","floor":23.0,"turns":4.0},{"damage":14,"enemies":"Shelled Parasite and Fungi","floor":25,"turns":3},{"damage":25,"enemies":"Gremlin Leader","floor":27,"turns":5},{"damage":24,"enemies":"Sentry and Sphere","floor":30,"turns":5},{"damage":47,"enemies":"Collector","floor":33,"turns":3}],"seed_played":"-1850552344979331554","potions_obtained":[{"floor":1.0,"key":"SpeedPotion"},{"floor":2.0,"key":"Dexterity Potion"},{"floor":3.0,"key":"Regen Potion"},{"floor":5.0,"key":"Weak Potion"},{"floor":11.0,"key":"DistilledChaos"},{"floor":16.0,"key":"Strength Potion"},{"floor":23.0,"key":"SteroidPotion"},{"floor":30,"key":"Fire Potion"}],"is_trial":false,"path_per_floor":["M","?","M","M","M","R","?","M","T","M","M","?","M","M","R","B",null,"M","?","$","?","?","M","R","M","T","E","R","?","M","$","R","B"],"character_chosen":"WATCHER","items_purchased":["Lee\u0027s Waffle","Blood Vial","Lantern","Akabeko"],"campfire_rested":2,"item_purchase_floors":[20,20,31,31],"current_hp_per_floor":[67,67,65,74,73,73,73,51,51,43,41,46,46,43,43,27,66,41,41,86,86,61,35,60,48,48,25,25,25,3,18,43,0,0],"gold":33,"neow_bonus":"TEN_PERCENT_HP_BONUS","is_daily":false,"chose_seed":false,"campfire_upgraded":3,"win_rate":0.0,"timestamp":1608948065,"path_taken":["M","?","M","?","M","R","?","M","T","M","M","?","M","M","R","BOSS","M","?","$","?","?","M","R","?","T","E","R","?","M","$","R","BOSS"],"items_purchased_type":["Relic","Relic","Relic","Relic"],"build_version":"2020-12-22","purchased_purges":0,"victory":false,"max_hp_per_floor":[74,74,74,74,74,74,74,74,74,74,74,79,79,79,79,79,79,79,79,86,86,86,86,86,86,86,86,86,86,86,86,86,86,86],"card_choices":[{"not_picked":["DeceiveReality","CrushJoints"],"picked":"Conclude","floor":1.0},{"not_picked":["CutThroughFate","EmptyMind"],"picked":"Prostrate","floor":3.0},{"not_picked":["Pray","DeceiveReality"],"picked":"WindmillStrike","floor":4.0},{"not_picked":["Protect","SandsOfTime"],"picked":"BattleHymn","floor":5.0},{"not_picked":["FlurryOfBlows","JustLucky"],"picked":"MentalFortress","floor":8.0},{"not_picked":["TH:DeckOfManyThings"],"picked":"TH:TreasureMap","floor":9.0},{"not_picked":["CutThroughFate","Evaluate"],"picked":"Wallop","floor":10.0},{"not_picked":["FlyingSleeves","Protect"],"picked":"Adaptation","floor":11.0},{"not_picked":["ClearTheMind","Meditate"],"picked":"WindmillStrike","floor":13.0},{"not_picked":["BowlingBash","PathToVictory"],"picked":"TalkToTheHand","floor":14.0},{"not_picked":["TH:CopperCoins"],"picked":"TH:ElvenBoots","floor":16.0},{"not_picked":["Alpha","LessonLearned"],"picked":"DevaForm","floor":16.0},{"not_picked":["Protect","EmptyBody","PathToVictory"],"picked":"SKIP","floor":18.0},{"not_picked":["FlurryOfBlows","EmptyBody+1"],"picked":"FollowUp+1","floor":23.0},{"not_picked":["Indignation","ConjureBlade"],"picked":"FearNoEvil","floor":25},{"not_picked":["TH:EnergyPotion"],"picked":"TH:CopperCoins","floor":26},{"not_picked":["TH:PixieDust"],"picked":"TH:DeckOfManyThings","floor":27},{"not_picked":["WindmillStrike","WreathOfFlame"],"picked":"FearNoEvil","floor":27},{"not_picked":["EmptyFist","Halt"],"picked":"MentalFortress","floor":30}],"player_experience":1755670,"relics_obtained":[{"floor":9.0,"key":"Ancient Tea Set"},{"floor":17.0,"key":"Boot"},{"floor":17.0,"key":"Mercury Hourglass"},{"floor":17.0,"key":"Gambling Chip"},{"floor":26,"key":"Damaru"},{"floor":27,"key":"MealTicket"}],"event_choices":[{"damage_healed":0.0,"max_hp_gain":0.0,"max_hp_loss":0.0,"gold_gain":0.0,"event_name":"Lab","player_choice":"Got Potions","floor":2.0,"gold_loss":0.0,"damage_taken":0.0},{"damage_healed":0.0,"max_hp_gain":0.0,"max_hp_loss":0.0,"gold_gain":0.0,"event_name":"Dead Adventurer","player_choice":"Searched \u00271\u0027 times","floor":7.0,"gold_loss":0.0,"damage_taken":0.0,"relics_obtained":["Gremlin Horn"]},{"damage_healed":0.0,"max_hp_gain":5.0,"max_hp_loss":0.0,"gold_gain":0.0,"event_name":"Big Fish","player_choice":"Donut","floor":12.0,"gold_loss":0.0,"damage_taken":0.0},{"damage_healed":0.0,"max_hp_gain":0.0,"max_hp_loss":0.0,"gold_gain":0.0,"event_name":"The Mausoleum","player_choice":"Opened","floor":19.0,"gold_loss":0.0,"damage_taken":0.0,"relics_obtained":["Orichalcum"],"cards_obtained":["Writhe"]},{"damage_healed":0.0,"max_hp_gain":0.0,"max_hp_loss":0.0,"gold_gain":0.0,"event_name":"Drug Dealer","player_choice":"Inject Mutagens","floor":21.0,"gold_loss":0.0,"damage_taken":0.0,"relics_obtained":["MutagenicStrength"]},{"damage_healed":0.0,"max_hp_gain":0.0,"max_hp_loss":0.0,"gold_gain":180.0,"event_name":"Knowing Skull","player_choice":"GOLD CARD GOLD ","floor":22.0,"potions_obtained":[],"gold_loss":0.0,"damage_taken":25.0,"cards_obtained":["Finesse"]},{"cards_removed":["Writhe"],"damage_healed":0,"gold_gain":0,"player_choice":"Removed Curses","damage_taken":0,"max_hp_gain":0,"max_hp_loss":0,"event_name":"Fountain of Cleansing","floor":29,"gold_loss":0}],"is_beta":false,"boss_relics":[{"not_picked":["Empty Cage","Pandora\u0027s Box"],"picked":"Calling Bell"}],"items_purged_floors":[],"is_endless":false,"potions_floor_spawned":[1,3,5,11,13,14,16,23,30],"killed_by":"Collector","ascension_level":14}}