{"host":"j6locglyv7e0c0tm","time":1608988039,"event":{"mods":["BaseMod","Better Altar","Better Match","Better Note","Better Sensory Stone","Better Skull","Better Third Choice","Better Vampires","BetterRewards","Card Forge","Colored Powertips","Custom Start","DeckTracker","Downfall","Googly Eyes","Hermit","Highlight Path","Jorbs\u0027s Wanderer Trilogy","Marked Mod","Minty Spire (QoL Compilation)","Relic Stats","Replay The Spire","Shade Mod","Shop Mod","StSLib","Swap Starting Deck Mod","The Runesmith","TheFirefly"],"gold_per_floor":[109,29,29,45,62,90,106,106,106,125,46,46,46],"floor_reached":12,"playtime":628,"items_purged":["Strike_B"],"score":80,"play_id":"a2f545e1-7bee-4614-90e6-e3c01d6aeb28","local_time":"20201227000719","is_ascension_mode":false,"campfire_choices":[{"floor":8,"key":"RECALL"}],"circlet_count":0,"master_deck":["Strike_B","Strike_B","Strike_B","Defend_B+1","Defend_B+1","Defend_B+1","Defend_B+1","Zap","Dualcast","Melter","Doom and Gloom","Defragment","Leap","Gash","Defragment","Leap","Self Repair"],"relics":["Cracked Core","Hammer of Thor","Seething Fire","Anvil of the Gods","Cables","ReplayTheSpireMod:TigerMarble","swapstartingdeckmod:CursedMarble","Replay:Bottled Eggs","Torii","Bronze Scales"],"acts_visited":["Exordium"],"potions_floor_usage":[6],"damage_taken":[{"damage":1,"enemies":"Cultist","floor":1,"turns":3},{"damage":3,"enemies":"Jaw Worm","floor":4,"turns":2},{"damage":2,"enemies":"Small Slimes","floor":5,"turns":2},{"damage":17,"enemies":"Gremlin Nob","floor":6,"turns":4},{"damage":0,"enemies":"Exordium Wildlife","floor":7,"turns":4},{"damage":0,"enemies":"Red Slaver","floor":10,"turns":3},{"damage":31,"enemies":"Lagavulin","floor":12,"turns":6}],"seed_played":"-8165790659845751272","potions_obtained":[{"floor":4,"key":"hexamod:EctoCoolerPotion"},{"floor":7,"key":"SteroidPotion"}],"is_trial":false,"path_per_floor":["M","$","T","M","M","E","M","R","T","M","$","E"],"character_chosen":"DEFECT","items_purchased":["Cables","ReplayTheSpireMod:TigerMarble","Melter","Defragment","Self Repair"],"campfire_rested":0,"item_purchase_floors":[0,0,0,2,11],"current_hp_per_floor":[53,53,53,50,48,31,31,31,31,31,31,0,0],"gold":46,"neow_bonus":"","is_daily":false,"chose_seed":false,"campfire_upgraded":0,"win_rate":0.0,"timestamp":1608988039,"path_taken":["M","$","?","M","M","E","M","R","T","?","$","E"],"items_purchased_type":["Relic","Relic","Card","Card","Card"],"build_version":"2020-12-22","purchased_purges":1,"victory":false,"max_hp_per_floor":[75,75,75,75,75,75,75,75,75,75,75,75,75],"relic_stats":{"Torii":25,"counters":[270,1296],"Bronze Scales":[16],"obtain_stats":[{"Gremlin Food":26,"NeowsBlessing":0,"Singing Bowl":6,"Torii":6,"swapstartingdeckmod:CursedMarble":0,"Hammer of Thor":0,"Juzu Bracelet":9,"Seething Fire":0,"Bottled Tornado":43,"Nuclear Battery":17,"Cables":0,"DataDisk":12,"Busted Crown":34,"ReplayTheSpireMod:Shallot":28,"Anvil of the Gods":0,"Bird Faced Urn":44,"Bronze Scales":9,"Iron Hammer":24,"Durian":10,"ReplayTheSpireMod:TigerMarble":0,"Replay:Bottled Eggs":3,"Cracked Core":0},{"Gremlin Food":251,"NeowsBlessing":240,"Singing Bowl":243,"Torii":267,"swapstartingdeckmod:CursedMarble":263,"Hammer of Thor":0,"Juzu Bracelet":244,"Seething Fire":0,"Bottled Tornado":258,"Nuclear Battery":247,"Cables":263,"DataDisk":246,"Busted Crown":254,"ReplayTheSpireMod:Shallot":252,"Anvil of the Gods":0,"Bird Faced Urn":259,"Bronze Scales":268,"Iron Hammer":250,"Durian":245,"ReplayTheSpireMod:TigerMarble":263,"Replay:Bottled Eggs":264,"Cracked Core":0},{"Gremlin Food":1215,"NeowsBlessing":1180,"Singing Bowl":1183,"Torii":1283,"swapstartingdeckmod:CursedMarble":1272,"Hammer of Thor":0,"Juzu Bracelet":1185,"Seething Fire":0,"Bottled Tornado":1248,"Nuclear Battery":1201,"Cables":1272,"DataDisk":1193,"Busted Crown":1230,"ReplayTheSpireMod:Shallot":1219,"Anvil of the Gods":0,"Bird Faced Urn":1252,"Bronze Scales":1287,"Iron Hammer":1211,"Durian":1190,"ReplayTheSpireMod:TigerMarble":1272,"Replay:Bottled Eggs":1275,"Cracked Core":0}],"Cables":[19,19,0,0,0]},"card_choices":[{"not_picked":["Streamline","Scrape"],"picked":"Doom and Gloom","floor":1},{"not_picked":["BasicCrystalCard","Cold Snap"],"picked":"Leap","floor":4},{"not_picked":["Steam","Rebound"],"picked":"Gash","floor":5},{"not_picked":["Electrodynamics","Cold Snap"],"picked":"Defragment","floor":6},{"not_picked":["Stack","Turbo","Cold Snap"],"picked":"SKIP","floor":7},{"not_picked":["Sweeping Beam","Beam Cell"],"picked":"Leap","floor":10}],"player_experience":793222,"relics_obtained":[{"floor":3,"key":"Replay:Bottled Eggs"},{"floor":6,"key":"Torii"},{"floor":9,"key":"Bronze Scales"}],"event_choices":[],"is_beta":false,"boss_relics":[],"items_purged_floors":[0],"is_endless":false,"potions_floor_spawned":[4,7],"killed_by":"Lagavulin","ascension_level":0}}