{"host":"uxq2rly8rxtwffuf","time":1608963075,"event":{"mods":["BaseMod","Koishi","Minty Spire (QoL Compilation)","StSLib","The Judge","The Servant 0.9.4"],"gold_per_floor":[111,130,130,146,27,27,50,50,50],"floor_reached":8,"playtime":334,"items_purged":["Koishi:BasicStrike"],"score":83,"play_id":"eedaa0d1-8859-426f-9497-8c9c94e0874d","local_time":"20201226091115","is_ascension_mode":true,"campfire_choices":[{"data":"Koishi:IdleWhim","floor":6,"key":"SMITH"}],"circlet_count":0,"master_deck":["AscendersBane","Koishi:BasicStrike","Koishi:BasicStrike","Koishi:BasicStrike","Koishi:BasicDefend","Koishi:BasicDefend","Koishi:BasicDefend","Koishi:BasicDefend","Koishi:Provoke","Koishi:HauntingSlash","Koishi:IdleWhim+1","Koishi:SpiritedAway","Koishi:FreudianInstinct"],"relics":["Koishi:ImaginaryFriend","Koishi:BloodstainedWhiteRose"],"acts_visited":["Exordium"],"potions_floor_usage":[4],"damage_taken":[{"damage":11,"enemies":"Jaw Worm","floor":1,"turns":5},{"damage":2,"enemies":"Cultist","floor":2,"turns":6},{"damage":5,"enemies":"Small Slimes","floor":4,"turns":6},{"damage":72,"enemies":"Gremlin Nob","floor":8,"turns":5}],"seed_played":"3300397669254499615","potions_obtained":[{"floor":2,"key":"Dexterity Potion"}],"is_trial":false,"path_per_floor":["M","M","?","M","$","R","T","E"],"character_chosen":"KOISHI","items_purchased":["Koishi:FreudianInstinct"],"campfire_rested":0,"item_purchase_floors":[5],"current_hp_per_floor":[48,48,53,50,50,50,50,0,0],"gold":50,"neow_bonus":"TEN_PERCENT_HP_BONUS","is_daily":false,"chose_seed":false,"campfire_upgraded":1,"win_rate":0.0,"timestamp":1608963075,"path_taken":["M","M","?","M","$","R","?","E"],"items_purchased_type":["Card"],"build_version":"2020-12-22","purchased_purges":1,"victory":false,"max_hp_per_floor":[62,62,67,67,67,67,67,67,67],"card_choices":[{"not_picked":["Koishi:JumpScare","Koishi:Prune"],"picked":"Koishi:IdleWhim","floor":1},{"not_picked":["Koishi:Bloodlust","Koishi:BramblyRoseGarden"],"picked":"Koishi:SpiritedAway","floor":2},{"not_picked":["Koishi:ParalyzingFear","Koishi:RacingHeart","Koishi:StrangeCloudFist"],"picked":"SKIP","floor":4}],"player_experience":1366779,"relics_obtained":[{"floor":7,"key":"Koishi:BloodstainedWhiteRose"}],"event_choices":[{"damage_healed":0,"gold_gain":0,"player_choice":"Donut","damage_taken":0,"max_hp_gain":5,"max_hp_loss":0,"event_name":"Big Fish","floor":3,"gold_loss":0}],"is_beta":false,"boss_relics":[],"items_purged_floors":[5],"is_endless":false,"potions_floor_spawned":[2],"killed_by":"Gremlin Nob","ascension_level":16}}