{"host":"1637j8siz7lzgd5k","time":1608986134,"event":{"mods":["BaseMod","Colored Map","Minty Spire (QoL Compilation)","StSLib","SuperFastMode"],"gold_per_floor":[109,109,34,53,128,163,163,177,200,228,128,138,138,157,157,234,234,249,269,58,108,124,124,124,124,124,144,164,13,13,25,25,25,25],"floor_reached":33,"playtime":560,"items_purged":["Strike_G","Strike_G","Strike_G"],"score":544,"play_id":"e985fed7-6525-4fd2-b178-bfe3013c18da","local_time":"20201226213534","is_ascension_mode":true,"campfire_choices":[{"data":"Crippling Poison","floor":7,"key":"SMITH"},{"data":"Caltrops","floor":15,"key":"SMITH"},{"floor":23,"key":"REST"},{"floor":25,"key":"REST"},{"floor":30,"key":"REST"},{"data":"Envenom","floor":32,"key":"SMITH"}],"circlet_count":0,"master_deck":["AscendersBane","Defend_G","Defend_G","Defend_G","Survivor","Neutralize","Crippling Poison+1","Blade Dance","Dash","Backstab","Caltrops+1","Envenom+1","Dagger Throw+1","Backstab+1","Blur+1","Accuracy","Dagger Spray","PiercingWail","Bouncing Flask","Footwork","Cloak And Dagger"],"relics":["Ring of the Snake","NeowsBlessing","Orichalcum","Art of War","Odd Mushroom","Astrolabe","Akabeko"],"acts_visited":["Exordium","TheCity"],"potions_floor_usage":[16,33],"damage_taken":[{"damage":0,"enemies":"Small Slimes","floor":1,"turns":1},{"damage":0,"enemies":"Cultist","floor":4,"turns":1},{"damage":0,"enemies":"Gremlin Nob","floor":6,"turns":1},{"damage":6,"enemies":"2 Louse","floor":8,"turns":2},{"damage":7,"enemies":"The Mushroom Lair","floor":10,"turns":4},{"damage":2,"enemies":"Lots of Slimes","floor":12,"turns":3},{"damage":0,"enemies":"3 Louse","floor":14,"turns":3},{"damage":7,"enemies":"Hexaghost","floor":16,"turns":10},{"damage":1,"enemies":"Chosen","floor":18,"turns":5},{"damage":10,"enemies":"2 Thieves","floor":19,"turns":4},{"damage":41,"enemies":"Centurion and Healer","floor":22,"turns":7},{"damage":1,"enemies":"3 Cultists","floor":27,"turns":4},{"damage":7,"enemies":"Cultist and Chosen","floor":28,"turns":5},{"damage":8,"enemies":"Chosen and Byrds","floor":31,"turns":7},{"damage":64,"enemies":"Automaton","floor":33,"turns":6}],"seed_played":"156196542492491750","potions_obtained":[{"floor":1,"key":"ColorlessPotion"},{"floor":6,"key":"Fire Potion"},{"floor":16,"key":"FearPotion"},{"floor":22,"key":"Explosive Potion"}],"is_trial":false,"path_per_floor":["M","?","$","M","?","E","R","M","T","?","$","M","?","M","R","B",null,"M","M","$","?","M","R","?","R","T","M","M","$","R","M","R","B"],"character_chosen":"THE_SILENT","items_purchased":["Accuracy","Bouncing Flask","Footwork"],"campfire_rested":3,"item_purchase_floors":[20,29,29],"current_hp_per_floor":[59,59,59,59,48,48,48,42,42,35,35,33,33,33,33,26,56,55,45,45,45,4,23,17,36,36,35,28,28,47,39,39,0,0],"gold":25,"neow_bonus":"THREE_ENEMY_KILL","is_daily":false,"chose_seed":false,"campfire_upgraded":3,"win_rate":0.0,"timestamp":1608986134,"path_taken":["M","?","$","M","?","E","R","M","T","?","$","M","?","M","R","BOSS","M","M","$","?","M","R","?","R","T","M","?","?","R","M","R","BOSS"],"items_purchased_type":["Card","Card","Card"],"build_version":"2020-12-22","purchased_purges":3,"victory":false,"max_hp_per_floor":[66,66,66,66,66,66,66,66,66,66,66,66,66,66,66,66,66,66,66,66,66,66,66,66,66,66,66,66,66,66,66,66,66,66],"card_choices":[{"not_picked":["Reflex","Slice","Endless Agony"],"picked":"SKIP","floor":1},{"not_picked":["Blur","Dagger Throw","Poisoned Stab"],"picked":"SKIP","floor":4},{"not_picked":["Cloak And Dagger","Sucker Punch"],"picked":"Crippling Poison","floor":6},{"not_picked":["Bullet Time","Quick Slash"],"picked":"Blade Dance","floor":8},{"not_picked":["Prepared","Leg Sweep"],"picked":"Dash","floor":12},{"not_picked":["Footwork","Dash"],"picked":"Caltrops","floor":14},{"not_picked":["Night Terror","Doppelganger"],"picked":"Envenom","floor":16},{"not_picked":["Acrobatics","Bane","Outmaneuver"],"picked":"SKIP","floor":18},{"not_picked":["Underhanded Strike","Deflect","Backflip"],"picked":"SKIP","floor":19},{"not_picked":["Acrobatics","Deadly Poison"],"picked":"Dagger Spray","floor":22},{"not_picked":["Malaise","Deadly Poison+1","Catalyst"],"picked":"SKIP","floor":27},{"not_picked":["Poisoned Stab","Deadly Poison"],"picked":"PiercingWail","floor":28},{"not_picked":["Slice","Cloak And Dagger","Skewer"],"picked":"SKIP","floor":31},{"not_picked":["Slice","Skewer"],"picked":"Cloak And Dagger","floor":31}],"player_experience":817164,"relics_obtained":[{"floor":6,"key":"Orichalcum"},{"floor":9,"key":"Art of War"},{"floor":10,"key":"Odd Mushroom"},{"floor":26,"key":"Akabeko"}],"event_choices":[{"cards_removed":["Strike_G"],"damage_healed":0,"gold_gain":0,"player_choice":"Forget","damage_taken":0,"max_hp_gain":0,"max_hp_loss":0,"event_name":"Living Wall","floor":2,"gold_loss":0},{"damage_healed":0,"gold_gain":75,"player_choice":"Gather Gold","damage_taken":11,"max_hp_gain":0,"max_hp_loss":0,"event_name":"World of Goop","floor":5,"gold_loss":0},{"damage_healed":0,"gold_gain":0,"player_choice":"Fought Mushrooms","damage_taken":0,"max_hp_gain":0,"max_hp_loss":0,"event_name":"Mushrooms","floor":10,"gold_loss":0},{"damage_healed":0,"gold_gain":0,"player_choice":"1 cards matched","damage_taken":0,"max_hp_gain":0,"max_hp_loss":0,"event_name":"Match and Keep!","floor":13,"gold_loss":0,"cards_obtained":["Backstab"]},{"damage_healed":0,"gold_gain":50,"player_choice":"Stole From Cult","damage_taken":0,"max_hp_gain":0,"max_hp_loss":0,"event_name":"Nest","floor":21,"gold_loss":0},{"damage_healed":0,"gold_gain":0,"player_choice":"","damage_taken":6,"max_hp_gain":0,"max_hp_loss":0,"event_name":"Knowing Skull","floor":24,"potions_obtained":[],"gold_loss":0,"cards_obtained":[]}],"is_beta":false,"boss_relics":[{"not_picked":["SacredBark","HoveringKite"],"picked":"Astrolabe"}],"items_purged_floors":[3,11,20],"is_endless":false,"potions_floor_spawned":[1,6,14,16,19,22,28,31],"killed_by":"Automaton","ascension_level":20}}