{"host":"00tqcjwpycel7e54","time":1608993999,"event":{"mods":["ATMod(阿瑾Mod)","Act Like it!","BaseMod","Colored Powertips","Decade(王小明)","Hermit","Highlight Path","Luminous","Marisa（F雨　魔理沙）","Minty Spire (QoL Compilation)","Remilia（蕾米莉亚）","Robot Space Explorer","Shop Mod","Spicy Shops","StSLib","The Administrix","The Animator","The Bug Knight","The Construct","The Cursed","The Gatherer","The Hierophant","The Mystic","The Runesmith","The Servant 0.9.4","WarShipGirlsR/战舰少女R mod","Youmu（魂魄妖梦）","Yuyuko","【遗物卡牌】REMEMod"],"gold_per_floor":[116,116,116,116,116,156,156,172,172,195,236,256,256,15,15,146,146,170,35,58,73,91,125,146,146,146,146,165,185,206,244,244,373,373,386,409,409,423,474,508,508,508,581,597,68,68,68,107,107,107],"floor_reached":51,"playtime":2062,"items_purged":["Injury"],"score":984,"play_id":"a8cb2f91-d4c0-479c-8c71-bf017fd71352","local_time":"20201226224639","is_ascension_mode":false,"campfire_choices":[{"data":"StarBarrage","floor":15.0,"key":"SMITH"},{"floor":25.0,"key":"REST"},{"data":"ManaRampage","floor":32.0,"key":"SMITH"},{"floor":42,"key":"REST"},{"data":"CollectingQuirk","floor":46,"key":"SMITH"},{"data":"SuperNova","floor":49,"key":"SMITH"}],"circlet_count":0,"master_deck":["Strike_MRS","Strike_MRS","Defend_MRS","Defend_MRS","Defend_MRS","Defend_MRS","MasterSpark","UpSweep","SporeBomb","SuperNova+1","StarBarrage+1","LuminesStrike","ChargingUp","UltimateShortwave","EventHorizon","MeteoricShower","GasGiant","PropBag","CollectingQuirk+1","GrandCross+1","EnergyRecoil","ManaRampage+1","TreasureHunter","StarBarrage+1","MagicChant+1","OrrerysSun+1","Orbital+1","Dark Shackles","Dramatic Entrance","REME_TwoStrings+1"],"relics":["MiniHakkero","AT_ATBox","REME_ComplimentaryCards","NeowsBlessing","Vajra","Golden Idol","Gremlin Horn","Strawberry","Runesmith:Nanobots","Pear","AT_BellowingDragoncrestRing","RampagingMagicTools","ClockworkSouvenir","Bag of Preparation","AT_GuinsooRageblade","Matryoshka","Ornamental Fan","REME_LowDesire","AT_RedTearstoneRing","AT_BellDemon","Bottled Flame","AT_BladeRuinedKing","Omamori","Bottled Tornado","PreservedInsect","Question Card","HandmadeGrimoire","Runesmith:AutoHammer","Blue Candle","REME_HourglassOfDeath","Ginger","Anchor","ShroomBag","HollowMod:LifeEnderRelic","construct:RocketBooster","AT_SpeedBoots"],"acts_visited":["Exordium","TheCity","TheBeyond"],"potions_floor_usage":[50],"damage_taken":[{"damage":0.0,"enemies":"Cultist","floor":1.0,"turns":1.0},{"damage":0.0,"enemies":"Gremlin Nob","floor":6.0,"turns":1.0},{"damage":0.0,"enemies":"Jaw Worm","floor":8.0,"turns":1.0},{"damage":0.0,"enemies":"2 Louse","floor":10.0,"turns":1.0},{"damage":11.0,"enemies":"3 Sentries","floor":11.0,"turns":7.0},{"damage":0.0,"enemies":"Red Slaver","floor":12.0,"turns":4.0},{"damage":25.0,"enemies":"Hexaghost","floor":16.0,"turns":6.0},{"damage":12.0,"enemies":"Shell Parasite","floor":18.0,"turns":2.0},{"damage":3.0,"enemies":"Chosen","floor":20.0,"turns":3.0},{"damage":7.0,"enemies":"Snake Plant","floor":21.0,"turns":2.0},{"damage":10.0,"enemies":"Sentry and Sphere","floor":22.0,"turns":3.0},{"damage":27.0,"enemies":"HollowMod:Nosk","floor":23.0,"turns":5.0},{"damage":0.0,"enemies":"3 Cultists","floor":24.0,"turns":3.0},{"damage":6.0,"enemies":"Centurion and Healer","floor":28.0,"turns":3.0},{"damage":0.0,"enemies":"Snecko","floor":29.0,"turns":2.0},{"damage":0.0,"enemies":"Cultist and Chosen","floor":30.0,"turns":1.0},{"damage":7.0,"enemies":"Gremlin Leader","floor":31.0,"turns":2.0},{"damage":35.0,"enemies":"Champ","floor":33.0,"turns":5.0},{"damage":27.0,"enemies":"3 Darklings","floor":35.0,"turns":4.0},{"damage":9.0,"enemies":"Orb Walker","floor":36.0,"turns":3.0},{"damage":21.0,"enemies":"Spire Growth","floor":38.0,"turns":2.0},{"damage":3.0,"enemies":"Sphere and 2 Shapes","floor":39.0,"turns":2.0},{"damage":0.0,"enemies":"Reptomancer","floor":40.0,"turns":1.0},{"damage":15,"enemies":"4 Shapes","floor":44,"turns":1},{"damage":0,"enemies":"Giant Head","floor":48,"turns":1},{"damage":0,"enemies":"Donu and Deca","floor":50,"turns":1}],"seed_played":"-3967467513686631081","potions_obtained":[{"floor":6.0,"key":"construct:ShiftPotion"},{"floor":11.0,"key":"Ancient Potion"},{"floor":12.0,"key":"Explosive Potion"},{"floor":20.0,"key":"Regen Potion"},{"floor":23.0,"key":"ColorlessPotion"},{"floor":24.0,"key":"SpeedPotion"},{"floor":33.0,"key":"Block Potion"},{"floor":35.0,"key":"DuplicationPotion"},{"floor":38.0,"key":"REME_GoldPotion"},{"floor":44,"key":"LiquidMemories"},{"floor":48,"key":"Ancient Potion"}],"is_trial":false,"path_per_floor":["M","?","T","?","?","E","?","M","T","M","E","M","?","$","R","B",null,"M","$","M","M","M","E","M","R","T","?","M","M","M","E","R","B",null,"M","M","?","M","M","E","?","R","T","M","$","R","T","E","R","B",null],"character_chosen":"MARISA","items_purchased":["AT_BellowingDragoncrestRing","ClockworkSouvenir","Bag of Preparation","Ginger","Anchor"],"campfire_rested":2,"item_purchase_floors":[14,19,19,45,45],"current_hp_per_floor":[75,75,75,57,45,52,52,52,52,52,51,51,51,51,51,26,92,80,80,77,70,60,33,33,60,60,60,54,54,54,47,47,30,92,65,56,56,35,32,32,32,59,59,44,44,44,44,44,44,44],"gold":107,"neow_bonus":"THREE_ENEMY_KILL","is_daily":false,"chose_seed":false,"campfire_upgraded":4,"win_rate":0.0,"timestamp":1608993999,"path_taken":["M","?","?","?","?","E","?","M","T","?","E","M","?","$","R","BOSS","M","?","M","?","M","E","?","R","T","?","M","M","?","E","R","BOSS","M","M","?","M","?","E","?","R","T","M","$","R","?","E","R","BOSS"],"items_purchased_type":["Relic","Relic","Relic","Relic","Relic"],"build_version":"2020-12-22","purchased_purges":1,"victory":true,"max_hp_per_floor":[75,75,75,75,75,82,82,82,82,82,92,92,92,92,92,92,92,92,92,92,92,92,92,92,92,92,92,92,92,92,92,92,92,92,92,92,92,92,92,92,92,92,92,92,92,92,92,92,92,92],"card_choices":[{"not_picked":["AsteroidBelt","MysteriousBeam"],"picked":"SporeBomb","floor":1.0},{"not_picked":["NonDirectionalLaser","IllusionStar"],"picked":"StarBarrage","floor":6.0},{"not_picked":["MysteriousBeam","Acceleration"],"picked":"LuminesStrike","floor":8.0},{"not_picked":["DoubleSpark","SatelliteIllusion"],"picked":"ChargingUp","floor":10.0},{"not_picked":["OpenUniverse","GravityBeat","DC"],"picked":"SKIP","floor":11.0},{"not_picked":["AsteroidBelt","FairyDestructionRay","6A"],"picked":"SKIP","floor":12.0},{"not_picked":["FinalSpark","StarDustReverie"],"picked":"UltimateShortwave","floor":16.0},{"not_picked":["NonDirectionalLaser","DeepEcoloBomb"],"picked":"EventHorizon","floor":18.0},{"not_picked":["DragonMeteor","NonDirectionalLaser"],"picked":"MeteoricShower","floor":20.0},{"not_picked":["GrandCross","Occultation+1","MachineGunSpark"],"picked":"SKIP","floor":21.0},{"not_picked":["SporeBomb","MagicChant+1","GravityBeat+1"],"picked":"SKIP","floor":22.0},{"not_picked":["OrrerysSun+1","Occultation+1"],"picked":"GasGiant","floor":23.0},{"not_picked":["GrandCross","6A+1"],"picked":"PropBag","floor":24.0},{"not_picked":[],"picked":"CollectingQuirk","floor":27.0},{"not_picked":["MilkyWay","DoubleSpark","Acceleration"],"picked":"SKIP","floor":28.0},{"not_picked":["MaximisePower","MilkyWay"],"picked":"GrandCross+1","floor":29.0},{"not_picked":["IllusionStar","UnstableBomb"],"picked":"EnergyRecoil","floor":30.0},{"not_picked":["PulseMagic+1","EventHorizon+1"],"picked":"ManaRampage","floor":31.0},{"not_picked":["SuperNova","AbsoluteMagnitude"],"picked":"TreasureHunter","floor":33.0},{"not_picked":["MachineGunSpark+1","GalacticHalo","AT_EmpoweredMortalDraw"],"picked":"StarBarrage+1","floor":35.0},{"not_picked":["DragonMeteor+1","MeteoricShower","Good Instincts"],"picked":"MagicChant+1","floor":36.0},{"not_picked":["Orbital","OortCloud+1","GravityBeat","Swift Strike"],"picked":"SKIP","floor":38.0},{"not_picked":["WitchLeyline","DoubleSpark","Secret Technique"],"picked":"OrrerysSun+1","floor":39.0},{"not_picked":["JA","LuminesStrike+1","Magnetism"],"picked":"Orbital+1","floor":40.0},{"not_picked":["The Bomb","Panacea","AT_CelerityRune"],"picked":"Dark Shackles","floor":41},{"not_picked":["6A","GalacticHalo+1","LuminesStrike+1","Robbery"],"picked":"Dramatic Entrance","floor":44},{"not_picked":["DarkMatter+1","WitchLeyline+1","MagicChant","NonDirectionalLaser"],"picked":"REME_TwoStrings+1","floor":48}],"player_experience":696284,"relics_obtained":[{"floor":3.0,"key":"Vajra"},{"floor":6.0,"key":"Strawberry"},{"floor":9.0,"key":"Runesmith:Nanobots"},{"floor":11.0,"key":"Pear"},{"floor":23.0,"key":"AT_GuinsooRageblade"},{"floor":26.0,"key":"Matryoshka"},{"floor":31.0,"key":"Ornamental Fan"},{"floor":34.0,"key":"AT_RedTearstoneRing"},{"floor":34.0,"key":"AT_BellDemon"},{"floor":35.0,"key":"Bottled Flame"},{"floor":36.0,"key":"AT_BladeRuinedKing"},{"floor":38.0,"key":"Bottled Tornado"},{"floor":39.0,"key":"PreservedInsect"},{"floor":40.0,"key":"Question Card"},{"floor":40.0,"key":"HandmadeGrimoire"},{"floor":43,"key":"Runesmith:AutoHammer"},{"floor":43,"key":"Blue Candle"},{"floor":44,"key":"REME_HourglassOfDeath"},{"floor":47,"key":"ShroomBag"},{"floor":47,"key":"HollowMod:LifeEnderRelic"},{"floor":48,"key":"construct:RocketBooster"},{"floor":48,"key":"AT_SpeedBoots"}],"event_choices":[{"damage_healed":0.0,"max_hp_gain":0.0,"max_hp_loss":0.0,"gold_gain":0.0,"cards_transformed":["Strike_MRS"],"event_name":"Living Wall","player_choice":"Change","floor":2.0,"gold_loss":0.0,"damage_taken":0.0,"cards_obtained":["SuperNova"]},{"damage_healed":0.0,"max_hp_gain":0.0,"max_hp_loss":0.0,"gold_gain":0.0,"event_name":"Golden Idol","player_choice":"Take Damage","floor":4.0,"gold_loss":0.0,"damage_taken":18.0,"relics_obtained":["Golden Idol"]},{"damage_healed":0.0,"max_hp_gain":0.0,"max_hp_loss":0.0,"gold_gain":0.0,"event_name":"Scrap Ooze","player_choice":"Success","floor":5.0,"gold_loss":0.0,"damage_taken":12.0,"relics_obtained":["Gremlin Horn"]},{"cards_removed":["Strike_MRS"],"damage_healed":0.0,"max_hp_gain":0.0,"max_hp_loss":0.0,"gold_gain":0.0,"event_name":"Bonfire Elementals","player_choice":"Offered Basic","floor":7.0,"gold_loss":0.0,"damage_taken":0.0},{"damage_healed":0.0,"max_hp_gain":0.0,"max_hp_loss":0.0,"gold_gain":0.0,"event_name":"The Woman in Blue","player_choice":"Bought 0 Potions","floor":13.0,"gold_loss":0.0,"damage_taken":0.0},{"damage_healed":0.0,"max_hp_gain":0.0,"max_hp_loss":0.0,"gold_gain":0.0,"event_name":"WeMeetAgain","player_choice":"Gave Potion","floor":37.0,"gold_loss":0.0,"damage_taken":0.0,"relics_obtained":["Omamori"]},{"damage_healed":0,"gold_gain":0,"player_choice":"Memory 1","damage_taken":0,"max_hp_gain":0,"max_hp_loss":0,"event_name":"SensoryStone","floor":41,"gold_loss":0}],"is_beta":false,"boss_relics":[{"not_picked":["Empty Cage","Pandora\u0027s Box"],"picked":"RampagingMagicTools"},{"not_picked":["Fusion Hammer","AT_MortalBlade"],"picked":"REME_LowDesire"}],"items_purged_floors":[45],"is_endless":false,"potions_floor_spawned":[6,11,12,20,23,24,28,33,35,38,44,48],"ascension_level":0}}