{"host":"1ltt377nc7aury4n","time":1608960729,"event":{"mods":["AchievementEnabler","BaseMod","Best Route Mod","Colored Powertips","Minty Spire (QoL Compilation)","StSLib"],"gold_per_floor":[209,209,220,231,108,108,134,134,134,134,34,46,46,73,73,168,468,478,488,488,136,146,146,178,178,203,238,238,264,0,18,18,123,123,140,140,159,178,3,35,335,335,335,335,363,380,415,30,30,30],"floor_reached":51,"playtime":5136,"items_purged":["Strike_G","Defend_G","Strike_G","Strike_G","Strike_G","Defend_G"],"score":1059,"play_id":"3859cfe3-2034-4690-8b7a-8212878f6b51","local_time":"20201226003209","is_ascension_mode":true,"campfire_choices":[{"data":"1","floor":6.0,"key":"LIFT"},{"floor":8.0,"key":"REST"},{"data":"2","floor":10.0,"key":"LIFT"},{"floor":13.0,"key":"REST"},{"floor":15.0,"key":"REST"},{"floor":23.0,"key":"REST"},{"floor":28.0,"key":"REST"},{"floor":32.0,"key":"REST"},{"data":"3","floor":42.0,"key":"LIFT"},{"floor":44,"key":"REST"},{"data":"Footwork","floor":49,"key":"SMITH"}],"circlet_count":0,"master_deck":["Strike_G+1","Defend_G","Defend_G","Defend_G","Survivor","Neutralize","Footwork+1","Noxious Fumes","Cloak And Dagger","Calculated Gamble","Dagger Spray+1","Acrobatics+1","Adrenaline+1","CurseOfTheBell","Bouncing Flask+1","Venomology+1","Distraction+1","Blade Dance+1","Catalyst+1","Backstab","PiercingWail+1","Die Die Die","Adrenaline+1","Venomology+1","Infinite Blades","Backflip+1","Blade Dance+1","Apotheosis+1"],"relics":["Ring of the Snake","Girya","Calipers","Toxic Egg 2","Boot","Calling Bell","Snake Skull","Shuriken","Old Coin","Sling","Toy Ornithopter","Enchiridion","Whetstone","Vajra","Incense Burner","SacredBark","White Beast Statue","The Specimen","Orichalcum","Bag of Marbles"],"acts_visited":["Exordium","TheCity","TheBeyond"],"potions_floor_usage":[45,45,46,47,47,50,50,50,50],"damage_taken":[{"damage":1.0,"enemies":"Jaw Worm","floor":1.0,"turns":5.0},{"damage":5.0,"enemies":"2 Louse","floor":3.0,"turns":3.0},{"damage":2.0,"enemies":"Small Slimes","floor":4.0,"turns":5.0},{"damage":35.0,"enemies":"Lagavulin","floor":7.0,"turns":9.0},{"damage":2.0,"enemies":"Exordium Wildlife","floor":12.0,"turns":6.0},{"damage":25.0,"enemies":"Gremlin Nob","floor":14.0,"turns":5.0},{"damage":16.0,"enemies":"The Guardian","floor":16.0,"turns":14.0},{"damage":1.0,"enemies":"Spheric Guardian","floor":18.0,"turns":4.0},{"damage":19.0,"enemies":"2 Thieves","floor":19.0,"turns":3.0},{"damage":30.0,"enemies":"Snecko","floor":22.0,"turns":5.0},{"damage":4.0,"enemies":"Gremlin Leader","floor":24.0,"turns":4.0},{"damage":5.0,"enemies":"Slavers","floor":27.0,"turns":3.0},{"damage":6.0,"enemies":"Gremlin Leader","floor":29.0,"turns":4.0},{"damage":12.0,"enemies":"Snake Plant","floor":31.0,"turns":3.0},{"damage":0.0,"enemies":"Automaton","floor":33.0,"turns":6.0},{"damage":36.0,"enemies":"3 Darklings","floor":35.0,"turns":3.0},{"damage":0.0,"enemies":"Orb Walker","floor":37.0,"turns":1.0},{"damage":11.0,"enemies":"Spire Growth","floor":38.0,"turns":3.0},{"damage":0.0,"enemies":"Nemesis","floor":40.0,"turns":3.0},{"damage":0,"enemies":"Reptomancer","floor":45,"turns":3},{"damage":0,"enemies":"Jaw Worm Horde","floor":46,"turns":1},{"damage":5,"enemies":"Nemesis","floor":47,"turns":3},{"damage":50,"enemies":"Awakened One","floor":50,"turns":8}],"seed_played":"-1223433753902484118","potions_obtained":[{"floor":1.0,"key":"CunningPotion"},{"floor":4.0,"key":"DuplicationPotion"},{"floor":7.0,"key":"BlessingOfTheForge"},{"floor":16.0,"key":"Dexterity Potion"},{"floor":22.0,"key":"DistilledChaos"},{"floor":27.0,"key":"LiquidMemories"},{"floor":31.0,"key":"Poison Potion"},{"floor":35.0,"key":"AttackPotion"},{"floor":37.0,"key":"PowerPotion"},{"floor":38.0,"key":"Dexterity Potion"},{"floor":46,"key":"SteroidPotion"}],"is_trial":false,"path_per_floor":["M","?","M","M","$","R","E","R","T","R","$","M","R","E","R","B",null,"M","M","?","$","M","R","E","?","T","E","R","E","$","M","R","B",null,"M","?","M","M","$","E","?","R","T","R","E","M","E","$","R","B",null],"character_chosen":"THE_SILENT","items_purchased":["Cloak And Dagger","Venomology+1","Sling","PiercingWail+1","Die Die Die","Apotheosis+1"],"campfire_rested":7,"item_purchase_floors":[5,21,21,30,30,48],"current_hp_per_floor":[69,66,61,59,59,59,24,45,45,45,45,43,64,39,60,44,70,69,50,50,50,20,41,37,21,21,21,42,46,46,39,60,70,70,34,34,39,33,33,38,38,38,38,59,69,70,65,65,65,23],"gold":30,"neow_bonus":"HUNDRED_GOLD","is_daily":false,"chose_seed":false,"campfire_upgraded":1,"win_rate":0.0,"timestamp":1608960729,"path_taken":["M","?","M","M","$","R","E","R","T","R","$","M","R","E","R","BOSS","M","M","?","$","M","R","E","?","T","E","R","E","?","M","R","BOSS","M","?","M","?","$","E","?","R","T","R","E","?","E","$","R","BOSS"],"items_purchased_type":["Card","Card","Relic","Card","Card","Card"],"build_version":"2020-12-22","purchased_purges":6,"victory":true,"max_hp_per_floor":[70,70,70,70,70,70,70,70,70,70,70,70,70,70,70,70,70,70,70,70,70,70,70,70,70,70,70,70,70,70,70,70,70,70,70,70,70,70,70,70,70,70,70,70,70,70,70,70,70,70],"card_choices":[{"not_picked":["Blade Dance","Riddle With Holes"],"picked":"Footwork","floor":1.0},{"not_picked":["Masterful Stab","Bane","Terror"],"picked":"SKIP","floor":3.0},{"not_picked":["Poisoned Stab","Deadly Poison"],"picked":"Noxious Fumes","floor":4.0},{"not_picked":["Masterful Stab","Dodge and Roll"],"picked":"Calculated Gamble","floor":7.0},{"not_picked":["Slice","Masterful Stab"],"picked":"Dagger Spray","floor":12.0},{"not_picked":["Sucker Punch","Skewer"],"picked":"Acrobatics+1","floor":14.0},{"not_picked":["Night Terror+1","A Thousand Cuts"],"picked":"Adrenaline+1","floor":16.0},{"not_picked":["Prepared+1","After Image"],"picked":"Bouncing Flask+1","floor":18.0},{"not_picked":["All Out Attack","Dagger Throw","Sucker Punch+1"],"picked":"SKIP","floor":19.0},{"not_picked":["Deflect+1","Deadly Poison+1"],"picked":"Distraction+1","floor":22.0},{"not_picked":["Bouncing Flask+1","PiercingWail+1"],"picked":"Blade Dance+1","floor":24.0},{"not_picked":["Predator","Bouncing Flask+1"],"picked":"Catalyst+1","floor":27.0},{"not_picked":["Masterful Stab+1","Riddle With Holes"],"picked":"Backstab","floor":29.0},{"not_picked":["Bane","Dagger Throw","Outmaneuver+1"],"picked":"SKIP","floor":31.0},{"not_picked":["Malaise+1","Die Die Die"],"picked":"Adrenaline+1","floor":33.0},{"not_picked":["Footwork","Expertise+1","Flechettes+1"],"picked":"SKIP","floor":35.0},{"not_picked":["PiercingWail+1","Predator"],"picked":"Infinite Blades","floor":37.0},{"not_picked":["Quick Slash+1","Tactician+1","Deflect+1"],"picked":"SKIP","floor":38.0},{"not_picked":["Deflect+1","Calculated Gamble+1","Distraction+1"],"picked":"SKIP","floor":40.0},{"not_picked":["Masterful Stab+1","Storm of Steel+1","Predator+1"],"picked":"SKIP","floor":45},{"not_picked":["Underhanded Strike","Slice"],"picked":"Backflip+1","floor":46},{"not_picked":["Dagger Spray+1","Endless Agony"],"picked":"Blade Dance+1","floor":47}],"player_experience":193505,"relics_obtained":[{"floor":7.0,"key":"Calipers"},{"floor":9.0,"key":"Toxic Egg 2"},{"floor":14.0,"key":"Boot"},{"floor":17.0,"key":"Snake Skull"},{"floor":17.0,"key":"Shuriken"},{"floor":17.0,"key":"Old Coin"},{"floor":24.0,"key":"Toy Ornithopter"},{"floor":25.0,"key":"Enchiridion"},{"floor":26.0,"key":"Whetstone"},{"floor":27.0,"key":"Vajra"},{"floor":29.0,"key":"Incense Burner"},{"floor":40.0,"key":"White Beast Statue"},{"floor":43,"key":"The Specimen"},{"floor":45,"key":"Orichalcum"},{"floor":47,"key":"Bag of Marbles"}],"event_choices":[{"damage_healed":0.0,"max_hp_gain":0.0,"max_hp_loss":0.0,"gold_gain":0.0,"event_name":"Scrap Ooze","player_choice":"Success","floor":2.0,"gold_loss":0.0,"damage_taken":3.0,"relics_obtained":["Girya"]},{"damage_healed":0.0,"max_hp_gain":0.0,"max_hp_loss":0.0,"gold_gain":0.0,"event_name":"Vampires","player_choice":"Ignored","floor":20.0,"gold_loss":0.0,"damage_taken":0.0},{"damage_healed":0.0,"max_hp_gain":0.0,"max_hp_loss":0.0,"gold_gain":0.0,"event_name":"Cursed Tome","player_choice":"Obtained Book","floor":25.0,"gold_loss":0.0,"damage_taken":16.0},{"damage_healed":0.0,"max_hp_gain":0.0,"max_hp_loss":0.0,"gold_gain":0.0,"event_name":"Match and Keep!","player_choice":"1 cards matched","floor":36.0,"gold_loss":0.0,"damage_taken":0.0,"cards_obtained":["Venomology"]},{"damage_healed":0.0,"max_hp_gain":0.0,"max_hp_loss":0.0,"gold_gain":300.0,"event_name":"Wheel of Change","player_choice":"Gold","floor":41.0,"gold_loss":0.0,"damage_taken":0.0}],"is_beta":false,"boss_relics":[{"not_picked":["Ring of the Serpent","Runic Dome"],"picked":"Calling Bell"},{"not_picked":["Runic Pyramid","Snecko Eye"],"picked":"SacredBark"}],"items_purged_floors":[5,11,21,30,39,48],"is_endless":false,"potions_floor_spawned":[1,4,7,16,22,27,31,35,37,38,45,46,47],"ascension_level":3}}