{"host":"hu38hxukylnnynm2","time":1608961865,"event":{"mods":["AchievementEnabler","BaseMod","Card Forge","Colored Powertips","DNKmod","DeckTracker","Friendly Minions","Highlight Path","Minty Spire (QoL Compilation)","Spicy Shops","StSLib"],"gold_per_floor":[1015,1015,237,255,30,61,78,104,104,32,59,78,78,43,43,144,144,162,162,162,186,199,199,199],"floor_reached":23,"playtime":1063,"items_purged":[],"score":340,"play_id":"fd0439cc-e15e-4aa5-a178-15985e7e1d69","local_time":"20201226005105","is_ascension_mode":true,"campfire_choices":[{"floor":13,"key":"RECALL"},{"floor":15,"key":"DIG"}],"circlet_count":0,"master_deck":["Strike_B+1","Strike_B+1","Strike_B+1","Strike_B+1","Defend_B+1","Defend_B+1","Defend_B+1","Defend_B+1","Zap+1","Dualcast+1","Ball Lightning+1","Chrysalis+1","Discovery+1","Jack Of All Trades+1","Magnetism+1","Metamorphosis+1","Chrysalis+1","Discovery+1","Magnetism+1","Jack Of All Trades+1","Metamorphosis+1","Rebound+1","Coolheaded+1","Conserve Battery+1","Double Energy+1","Undo+1","Turbo+1","Echo Form+1","Capacitor+1","Defragment+1"],"relics":["Cracked Core","Hammer of Thor","Seething Fire","Anvil of the Gods","NeowsBlessing","Happy Flower","Shovel","Symbiotic Virus","Membership Card","Emotion Chip","Boot","Thread and Needle","Shuriken","Girya","Pen Nib","Ginger","Toy Ornithopter","SlaversCollar","Regal Pillow"],"acts_visited":["Exordium","TheCity"],"potions_floor_usage":[16,16,16,22],"damage_taken":[{"damage":0.0,"enemies":"Jaw Worm","floor":1.0,"turns":1.0},{"damage":0.0,"enemies":"2 Louse","floor":4.0,"turns":1.0},{"damage":0,"enemies":"Gremlin Nob","floor":6,"turns":1},{"damage":5,"enemies":"Small Slimes","floor":7,"turns":3},{"damage":1,"enemies":"Lagavulin","floor":8,"turns":4},{"damage":5,"enemies":"3 Sentries","floor":11,"turns":4},{"damage":0,"enemies":"Blue Slaver","floor":12,"turns":1},{"damage":40,"enemies":"Hexaghost","floor":16,"turns":4},{"damage":28,"enemies":"3 Byrds","floor":18,"turns":6},{"damage":6,"enemies":"Chosen","floor":22,"turns":3},{"damage":64,"enemies":"Gremlin Leader","floor":23,"turns":4}],"seed_played":"4660798526697616240","potions_obtained":[{"floor":6,"key":"Ancient Potion"},{"floor":11,"key":"Swift Potion"},{"floor":12,"key":"Explosive Potion"},{"floor":18,"key":"Regen Potion"}],"is_trial":false,"path_per_floor":["M","?","$","M","$","E","M","E","T","$","E","M","R","?","R","B",null,"M","?","?","T","M","E"],"character_chosen":"DEFECT","items_purchased":["Happy Flower","Shovel","Symbiotic Virus","Membership Card","Emotion Chip","Boot","Pen Nib"],"campfire_rested":0,"item_purchase_floors":[3,3,3,3,5,5,10],"current_hp_per_floor":[100,100,100,100,100,100,95,94,94,94,89,89,89,100,100,75,94,66,66,46,46,54,0,0],"gold":199,"neow_bonus":"THREE_ENEMY_KILL","is_daily":false,"chose_seed":false,"campfire_upgraded":0,"win_rate":0.0,"timestamp":1608961865,"path_taken":["M","?","$","M","$","E","M","E","T","$","E","M","R","?","R","BOSS","M","?","?","?","M","E"],"items_purchased_type":["Relic","Relic","Relic","Relic","Relic","Relic","Relic"],"build_version":"2020-12-22","purchased_purges":0,"victory":false,"max_hp_per_floor":[100,100,100,100,100,100,100,100,100,100,100,100,100,100,100,100,100,100,100,105,105,105,105,105],"card_choices":[{"not_picked":["Rebound","Melter"],"picked":"Ball Lightning","floor":1.0},{"not_picked":["Streamline","Recycle"],"picked":"Rebound","floor":4.0},{"not_picked":["Lockon","Barrage"],"picked":"Coolheaded","floor":6},{"not_picked":["Ball Lightning","Gash"],"picked":"Conserve Battery","floor":7},{"not_picked":["Lockon","Tempest"],"picked":"Double Energy","floor":8},{"not_picked":["Auto Shields","Beam Cell"],"picked":"Undo","floor":11},{"not_picked":["Auto Shields","Rebound"],"picked":"Turbo","floor":12},{"not_picked":["Meteor Strike","Buffer"],"picked":"Echo Form","floor":16},{"not_picked":["FTL+1","Sweeping Beam+1"],"picked":"Capacitor","floor":18},{"not_picked":["Gash","Undo+1"],"picked":"Defragment","floor":22}],"player_experience":515503,"relics_obtained":[{"floor":6,"key":"Thread and Needle"},{"floor":8,"key":"Shuriken"},{"floor":9,"key":"Girya"},{"floor":11,"key":"Ginger"},{"floor":15,"key":"Toy Ornithopter"},{"floor":21,"key":"Regal Pillow"}],"event_choices":[{"damage_healed":0.0,"max_hp_gain":0.0,"max_hp_loss":0.0,"gold_gain":0.0,"event_name":"Shining Light","player_choice":"Ignored","floor":2.0,"gold_loss":0.0,"damage_taken":0.0},{"damage_healed":25,"gold_gain":0,"player_choice":"Healed","damage_taken":0,"max_hp_gain":0,"max_hp_loss":0,"event_name":"The Cleric","floor":14,"gold_loss":35},{"damage_healed":0,"gold_gain":0,"player_choice":"Simplicity","damage_taken":0,"max_hp_gain":0,"max_hp_loss":0,"event_name":"Back to Basics","floor":19,"gold_loss":0,"cards_upgraded":[]},{"damage_healed":0,"gold_gain":0,"player_choice":"Shed Blood","damage_taken":25,"max_hp_gain":5,"max_hp_loss":0,"event_name":"Forgotten Altar","floor":20,"gold_loss":0}],"is_beta":false,"boss_relics":[{"not_picked":["Sozu","FrozenCore"],"picked":"SlaversCollar"}],"items_purged_floors":[],"is_endless":false,"potions_floor_spawned":[6,11,12,18],"killed_by":"Gremlin Leader","ascension_level":5}}