{"host":"acpsw8r33r8788yr","time":1608975968,"event":{"mods":["BaseMod","Better Altar","Better Skull","Better Third Choice","BetterRewards","Colored Map","Downfall","Hermit","Highlight Path","Hubris","Minty Spire (QoL Compilation)","Quick Restart","Replay The Spire","Robot Space Explorer","Shop Mod","StSLib","The Animator","The Bug Knight","The Construct","The Cursed","The Disciple","The Jungle","The Runesmith","The Senshi"],"gold_per_floor":[119,119,142,159,176,206,206,216,265,265,265,285,312,330,330,428,428,449,461,150,150,150,186,206,206,206],"floor_reached":25,"playtime":1764,"items_purged":["hermit:Purgatory"],"score":383,"play_id":"9d333b14-b83b-46b1-be08-0cb12bf33f7a","local_time":"20201226014608","is_ascension_mode":false,"campfire_choices":[{"data":"Replay:SS_hec_2","floor":7,"key":"SMITH"},{"data":"hermit:Scavenge","floor":11,"key":"SMITH"}],"circlet_count":0,"master_deck":["hermit:Strike_Hermit","hermit:Strike_Hermit","hermit:Strike_Hermit","hermit:Defend_Hermit","hermit:Defend_Hermit","hermit:Defend_Hermit","hermit:Defend_Hermit","hermit:Snapshot","hermit:Covet","hermit:Headshot","hermit:Quickdraw","Replay:SS_hec_2+1","hermit:Ricochet","hermit:CalledShot","hermit:Scavenge+1","hermit:HoleUp","hermit:Deadeye+1","hermit:RoundhouseKick","hermit:GoldenBullet+1","hermit:Determination","hermit:OverwhelmingPower"],"relics":["hermit:Momento","StoneCalendar","Replay:Ringing Soul","Vajra","Matryoshka","theSenshi:SailorFukuRelic","Ornamental Fan","Cursed Key","Orichalcum","hubris:Icosahedron"],"acts_visited":["Exordium","theJungle:Jungle"],"potions_floor_usage":[13,16,16,19,23,24,25],"damage_taken":[{"damage":0,"enemies":"Cultist","floor":1,"turns":3},{"damage":0,"enemies":"Jaw Worm","floor":4,"turns":1},{"damage":1,"enemies":"2 Louse","floor":5,"turns":2},{"damage":0,"enemies":"HollowMod:MossKnight","floor":6,"turns":7},{"damage":0,"enemies":"Gremlin Gang","floor":8,"turns":5},{"damage":2,"enemies":"Looter","floor":12,"turns":3},{"damage":0,"enemies":"Lagavulin","floor":13,"turns":7},{"damage":0,"enemies":"Large Slime","floor":14,"turns":6},{"damage":0,"enemies":"Fading Forest","floor":16,"turns":11},{"damage":30,"enemies":"theJungle:5_Spyders","floor":18,"turns":5},{"damage":0,"enemies":"theJungle:GiantWrat","floor":19,"turns":7},{"damage":18,"enemies":"theJungle:Cassacara","floor":23,"turns":7},{"damage":22,"enemies":"Snake Plant","floor":24,"turns":4},{"damage":41,"enemies":"theJungle:2_Phrogs","floor":25,"turns":4}],"seed_played":"-4762440345759656716","potions_obtained":[{"floor":4,"key":"Explosive Potion"},{"floor":5,"key":"PowerPotion"},{"floor":10,"key":"Death Potion"},{"floor":13,"key":"SteroidPotion"},{"floor":16,"key":"Fruit Juice"},{"floor":18,"key":"Block Potion"},{"floor":24,"key":"Swift Potion"}],"is_trial":false,"path_per_floor":["M","$","T","M","M","E","R","M","T","?","R","M","E","M","R_BF","B",null,"M","M","$","?","?","E","M","E"],"character_chosen":"HERMIT","items_purchased":["Replay:Ringing Soul","Replay:SS_hec_2","hermit:Determination","Orichalcum"],"campfire_rested":0,"item_purchase_floors":[0,0,20,20],"current_hp_per_floor":[46,46,46,49,51,54,54,57,57,57,57,55,55,55,82,90,101,74,74,77,77,77,62,40,0,0],"gold":206,"neow_bonus":"","is_daily":false,"chose_seed":false,"campfire_upgraded":2,"win_rate":0.0,"timestamp":1608975968,"path_taken":["M","?","?","?","M","E","R","M","T","?","R","?","E","M","R_BF","BOSS","M","M","$","?","?","E","M","E"],"items_purchased_type":["Relic","Card","Card","Relic"],"build_version":"2020-12-22","purchased_purges":1,"victory":false,"max_hp_per_floor":[81,81,81,84,87,90,90,93,93,93,93,93,93,93,93,101,101,104,104,107,107,107,110,110,110,110],"card_choices":[{"not_picked":["hermit:Quickdraw","hermit:Snipe"],"picked":"hermit:CalledShot","floor":1},{"not_picked":["hermit:LowProfile","hermit:Feint"],"picked":"hermit:Scavenge","floor":4},{"not_picked":["hermit:WideOpen","hermit:CalledShot"],"picked":"hermit:HoleUp","floor":5},{"not_picked":["hermit:PistolWhip","hermit:Feint"],"picked":"hermit:Deadeye","floor":6},{"not_picked":["hermit:Vantage","hermit:Manifest"],"picked":"hermit:RoundhouseKick","floor":8},{"not_picked":["hermit:Manifest","hermit:LowProfile","hermit:Quickdraw"],"picked":"SKIP","floor":12},{"not_picked":["hermit:Spite","hermit:LowProfile","hermit:Desperado"],"picked":"SKIP","floor":13},{"not_picked":["hermit:Enervate","hermit:Vantage","hermit:Grudge"],"picked":"SKIP","floor":14},{"not_picked":["hermit:HighNoon","hermit:EternalForm"],"picked":"hermit:Purgatory","floor":16},{"not_picked":["hermit:LuckOfTheDraw","hermit:Scavenge"],"picked":"hermit:GoldenBullet","floor":18},{"not_picked":["hermit:SprayPray","hermit:Malice","hermit:HighCaliber+1"],"picked":"SKIP","floor":19},{"not_picked":["hermit:Glare","hermit:GoldenBullet"],"picked":"hermit:OverwhelmingPower","floor":23},{"not_picked":["hermit:LowProfile","hermit:Spite+1","hermit:Misfire"],"picked":"SKIP","floor":24}],"player_experience":393710,"relics_obtained":[{"floor":3,"key":"Vajra"},{"floor":6,"key":"Matryoshka"},{"floor":9,"key":"theSenshi:SailorFukuRelic"},{"floor":13,"key":"Ornamental Fan"}],"event_choices":[{"damage_healed":0,"gold_gain":0,"player_choice":"Got Potions","damage_taken":0,"max_hp_gain":0,"max_hp_loss":0,"event_name":"Lab","floor":10,"gold_loss":0}],"is_beta":false,"boss_relics":[{"not_picked":["Runic Dome","Sozu"],"picked":"Cursed Key"}],"items_purged_floors":[20],"is_endless":false,"potions_floor_spawned":[4,5,13,16,18,24],"killed_by":"theJungle:2_Phrogs","ascension_level":0}}