{"host":"867cnhxguf2bzj4x","time":1608980409,"event":{"mods":["BaseMod","Downfall","GifTheSpireLib","Minty Spire (QoL Compilation)","StSLib"],"gold_per_floor":[109,184,184,184,201,230,242,266,324,336,366,378,402,446,458,570,582,607,636,663,675,687,699,699],"floor_reached":23,"playtime":592,"items_purged":[],"score":237,"play_id":"3c25962b-89e4-44d4-9ebc-5574b1819abf","local_time":"20201226120009","is_ascension_mode":true,"campfire_choices":[{"data":"Noxious Fumes","floor":7,"key":"SMITH"},{"data":"Bane","floor":12,"key":"SMITH"},{"floor":15,"key":"REST"}],"circlet_count":0,"master_deck":["Strike_G","Strike_G","Strike_G","Strike_G","Strike_G","Defend_G","Defend_G","Defend_G","Defend_G","Defend_G","Survivor","Neutralize+1","Bane+1","Noxious Fumes+1","Bouncing Flask","Deadly Poison","Deflect+1","Writhe"],"relics":["Ring of the Snake","NeowsBlessing","MawBank","Lantern","Orichalcum","Bag of Preparation"],"acts_visited":["Exordium","TheCity"],"potions_floor_usage":[23,23,23],"damage_taken":[{"damage":0,"enemies":"Small Slimes","floor":1,"turns":1},{"damage":0,"enemies":"Jaw Worm","floor":5,"turns":1},{"damage":0,"enemies":"3 Sentries","floor":6,"turns":1},{"damage":1,"enemies":"Cultist","floor":8,"turns":4},{"damage":25,"enemies":"Gremlin Gang","floor":11,"turns":4},{"damage":0,"enemies":"2 Fungi Beasts","floor":13,"turns":3},{"damage":8,"enemies":"Lagavulin","floor":14,"turns":5},{"damage":23,"enemies":"The Guardian","floor":16,"turns":8},{"damage":12,"enemies":"3 Byrds","floor":18,"turns":4},{"damage":33,"enemies":"2 Thieves","floor":19,"turns":4},{"damage":20,"enemies":"Centurion and Healer","floor":20,"turns":8},{"damage":22,"enemies":"Slavers","floor":23,"turns":1}],"seed_played":"5934117285317936505","potions_obtained":[{"floor":5,"key":"Strength Potion"},{"floor":8,"key":"Strength Potion"},{"floor":10,"key":"LiquidBronze"}],"is_trial":false,"path_per_floor":["M","?","?","?","M","E","R","M","T","?","M","R","M","E","R","B",null,"M","M","M","?","?","E"],"character_chosen":"THE_SILENT","items_purchased":[],"campfire_rested":1,"item_purchase_floors":[],"current_hp_per_floor":[70,59,64,69,69,69,69,68,68,68,43,43,43,35,57,34,75,63,30,10,10,10,0,0],"gold":699,"neow_bonus":"THREE_ENEMY_KILL","is_daily":false,"chose_seed":false,"campfire_upgraded":2,"win_rate":0.0,"timestamp":1608980409,"path_taken":["M","?","?","?","?","E","R","?","T","?","M","R","?","E","R","BOSS","M","M","M","?","?","E"],"items_purchased_type":[],"build_version":"2020-12-22","purchased_purges":0,"victory":false,"max_hp_per_floor":[70,70,75,75,75,75,75,75,75,75,75,75,75,75,75,75,75,75,75,75,75,75,75,75],"card_choices":[{"not_picked":["Tactician","PiercingWail"],"picked":"Dagger Spray","floor":1},{"not_picked":["Heel Hook","Deflect"],"picked":"Bane","floor":5},{"not_picked":["Night Terror","Sucker Punch"],"picked":"Noxious Fumes","floor":6},{"not_picked":["Eviscerate","Calculated Gamble"],"picked":"Bouncing Flask","floor":8},{"not_picked":["Finisher","Expertise","Dagger Throw"],"picked":"SKIP","floor":11},{"not_picked":["Accuracy","Sucker Punch"],"picked":"Deadly Poison","floor":13},{"not_picked":["Cloak And Dagger","Malaise","Glass Knife"],"picked":"SKIP","floor":14},{"not_picked":["Backflip","Riddle With Holes"],"picked":"Deflect+1","floor":18},{"not_picked":["Slice","Underhanded Strike","Caltrops"],"picked":"SKIP","floor":19},{"not_picked":["Backflip","Cloak And Dagger+1","Quick Slash"],"picked":"SKIP","floor":20}],"player_experience":60049,"relics_obtained":[{"floor":6,"key":"MawBank"},{"floor":9,"key":"Lantern"},{"floor":14,"key":"Orichalcum"}],"event_choices":[{"damage_healed":0,"gold_gain":75,"player_choice":"Gather Gold","damage_taken":11,"max_hp_gain":0,"max_hp_loss":0,"event_name":"World of Goop","floor":2,"gold_loss":0},{"damage_healed":0,"gold_gain":0,"player_choice":"Donut","damage_taken":0,"max_hp_gain":5,"max_hp_loss":0,"event_name":"Big Fish","floor":3,"gold_loss":0},{"cards_removed":["Dagger Spray"],"damage_healed":5,"gold_gain":0,"player_choice":"Offered Common","damage_taken":0,"max_hp_gain":0,"max_hp_loss":0,"event_name":"Bonfire Elementals","floor":4,"gold_loss":0},{"cards_removed":["Dagger Spray"],"damage_healed":5,"gold_gain":0,"player_choice":"Offered Special","damage_taken":0,"max_hp_gain":0,"max_hp_loss":0,"event_name":"Bonfire Elementals","floor":4,"gold_loss":0},{"damage_healed":0,"gold_gain":0,"player_choice":"Got Potions","damage_taken":0,"max_hp_gain":0,"max_hp_loss":0,"event_name":"Lab","floor":10,"gold_loss":0},{"damage_healed":0,"gold_gain":0,"player_choice":"Opened","damage_taken":0,"relics_obtained":["Bag of Preparation"],"max_hp_gain":0,"max_hp_loss":0,"event_name":"The Mausoleum","floor":21,"gold_loss":0,"cards_obtained":["Writhe"]},{"damage_healed":0,"gold_gain":0,"player_choice":"Forge","damage_taken":0,"max_hp_gain":0,"max_hp_loss":0,"event_name":"Accursed Blacksmith","floor":22,"gold_loss":0,"cards_upgraded":["Neutralize"]}],"is_beta":false,"boss_relics":[{"not_picked":["SacredBark","Busted Crown","Runic Dome"]}],"items_purged_floors":[],"is_endless":false,"potions_floor_spawned":[5,8,13,19],"killed_by":"Slavers","ascension_level":1}}