{"host":"qljq6nt1bltq73k9","time":1608957280,"event":{"mods":["BaseMod","Colored Map","Colored Powertips","Lobotomy","LobotomyExtend","Minty Spire (QoL Compilation)","Quick Restart","Replay The Spire","StSLib","[IsaacMod]ÒÔÈö¼âËþ"],"gold_per_floor":[99999,100012,99370,99370,98739,98771,98771,98179,98179,98196,97847,97865,97876,97902,97902,98007,98007,98007,97575,97575,97575],"floor_reached":20,"playtime":643,"items_purged":["Defend_B","Defend_B","Strike_B","Strike_B","Defend_B"],"score":255,"play_id":"b1f79857-76d4-4a2a-b3ac-7c1e64241480","local_time":"20201226123440","is_ascension_mode":false,"campfire_choices":[{"data":"Magnetism","floor":7,"key":"SMITH"},{"data":"Fission","floor":15,"key":"SMITH"}],"circlet_count":0,"master_deck":["Strike_B","Zap","Dualcast","EpicFetus","VoidDream","Beam Cell","WallGazer","Defragment","Violence","Sweeping Beam","Barrage","Electrodynamics","Magnetism+1","Conserve Battery+1","Rip and Tear","Chaos","Biased Cognition","Fission+1","Secret Weapon","Electrodynamics","Secret Technique","RedShoes","OSAHOGD","SnowQueen","Meteor Strike"],"relics":["Cracked Core","HushsDoor","DeadEye","CogitoBucket","RabbitCall","LetterFromLob","Membership Card","Replay:Bottled Snecko","Pet Ghost","Potion Belt","HowToJump","TheBattery","Replay:Bottled Flurry","Runic Capacitor","Vajra","Shuriken","PunchingBag","Strawberry","Centennial Puzzle","SkinProphecy","Replay:Mystery Machine","Ectoplasm","GuppysHead","GuppysPaw","Succubus","StrikeDummy","Girya","Raider\u0027s Mask"],"acts_visited":["Exordium","TheCity"],"potions_floor_usage":[5,16,20],"damage_taken":[{"damage":1,"enemies":"Cultist","floor":1,"turns":3},{"damage":12,"enemies":"Small Slimes","floor":2,"turns":3},{"damage":7,"enemies":"3 Sentries","floor":6,"turns":4},{"damage":0,"enemies":"Jaw Worm","floor":10,"turns":1},{"damage":5,"enemies":"3 Louse","floor":12,"turns":1},{"damage":5,"enemies":"2 Fungi Beasts","floor":13,"turns":2},{"damage":5,"enemies":"Lagavulin","floor":14,"turns":4},{"damage":22,"enemies":"Hexaghost","floor":16,"turns":7},{"damage":2,"enemies":"Chosen","floor":20,"turns":1}],"seed_played":"-3734561371829547445","potions_obtained":[{"floor":2,"key":"FearPotion"},{"floor":10,"key":"ColorlessPotion"},{"floor":16,"key":"Regen Potion"}],"is_trial":false,"path_per_floor":["M","M","$","?","$","E","R","$","T","M","$","M","M","E","R","B",null,"M","$","M"],"character_chosen":"DEFECT","items_purchased":["Membership Card","Replay:Bottled Snecko","Defragment","Violence","Pet Ghost","CultistPotion","Explosive Potion","Sweeping Beam","Barrage","Potion Belt","HowToJump","TheBattery","Electrodynamics","Magnetism","Conserve Battery+1","Rip and Tear","Dexterity Potion","Fruit Juice","SneckoOil","Runic Capacitor","Vajra","Shuriken","Biased Cognition","Fission","Secret Weapon","Strawberry","Centennial Puzzle","Electrodynamics","Secret Technique","GuppysHead","GuppysPaw","Succubus","StrikeDummy","Girya","Raider\u0027s Mask"],"campfire_rested":0,"item_purchase_floors":[3,3,3,3,3,3,3,3,3,5,5,5,5,5,5,5,5,5,5,8,8,8,8,8,8,11,11,11,11,17,17,17,19,19,19],"current_hp_per_floor":[74,62,62,55,60,53,53,53,53,53,60,55,50,41,41,15,56,6,6,0,0],"gold":97575,"neow_bonus":"","is_daily":false,"chose_seed":false,"campfire_upgraded":2,"win_rate":0.0,"timestamp":1608957280,"path_taken":["M","M","$","?","?","E","R","$","T","M","$","?","M","E","R","BOSS","M","$","M"],"items_purchased_type":["Relic","Relic","Card","Card","Relic","Potion","Potion","Card","Card","Relic","Relic","Relic","Card","Card","Card","Card","Potion","Potion","Potion","Relic","Relic","Relic","Card","Card","Card","Relic","Relic","Card","Card","Relic","Relic","Relic","Relic","Relic","Relic"],"build_version":"2020-12-22","purchased_purges":5,"victory":false,"max_hp_per_floor":[75,75,75,75,80,80,80,80,80,80,87,87,87,89,89,91,56,56,56,58,58],"card_choices":[{"not_picked":[],"picked":"EpicFetus","floor":0},{"not_picked":["Wellcheers","OldLady"],"picked":"VoidDream","floor":1},{"not_picked":["Sunder","ReplaySolidLightProjector"],"picked":"Beam Cell","floor":1},{"not_picked":["ShyLook","Wellcheers"],"picked":"WallGazer","floor":2},{"not_picked":["Aggregate","Undo","Hologram"],"picked":"SKIP","floor":2},{"not_picked":["FairyFestival","SpiderBud","OldLady"],"picked":"Singing Bowl","floor":6},{"not_picked":["Pulse","Chill"],"picked":"Chaos","floor":6},{"not_picked":["FairyFestival","ShyLook","FieryBird"],"picked":"Singing Bowl","floor":10},{"not_picked":["Turbo","Redo","Conserve Battery"],"picked":"SKIP","floor":10},{"not_picked":["MeatLantern","BeautyBeast","ShyLook"],"picked":"Singing Bowl","floor":12},{"not_picked":["Panic Button","Rip and Tear"],"picked":"Bomb","floor":12},{"not_picked":["OSAHOGD","BigBadWolf"],"picked":"RedShoes","floor":13},{"not_picked":["Barrage","Turbo","BasicCrystalCard"],"picked":"SKIP","floor":13},{"not_picked":["BigBadWolf","FieryBird"],"picked":"OSAHOGD","floor":14},{"not_picked":["Barrage","Tempest","Redo"],"picked":"SKIP","floor":14},{"not_picked":["Bloodbath","CherryBlossoms","BigBadWolf"],"picked":"Singing Bowl","floor":16},{"not_picked":["Scorched","LittlePrince"],"picked":"SnowQueen","floor":16},{"not_picked":["Core Surge","Mirror Shield"],"picked":"Meteor Strike","floor":16}],"player_experience":344707,"relics_obtained":[{"floor":1,"key":"LetterFromLob"},{"floor":6,"key":"Replay:Bottled Flurry"},{"floor":9,"key":"PunchingBag"},{"floor":14,"key":"Replay:Mystery Machine"}],"event_choices":[{"cards_removed":["Defend_B"],"damage_healed":0,"gold_gain":0,"player_choice":"Card Removal","damage_taken":7,"max_hp_gain":0,"max_hp_loss":0,"event_name":"Golden Wing","floor":4,"gold_loss":0}],"is_beta":false,"boss_relics":[{"not_picked":["Black Star","Honey Jar"],"picked":"Ectoplasm"},{"not_picked":[]}],"items_purged_floors":[3,5,8,11,19],"is_endless":false,"potions_floor_spawned":[2,10,14,16],"killed_by":"Chosen","ascension_level":0}}