{"host":"d6ni0fvdmr494qs7","time":1608991000,"event":{"mods":["ATMod(阿瑾Mod)","BaseMod","Colored Powertips","Minty Spire (QoL Compilation)","Replay The Spire","Spicy Shops","StSLib","The Blue Laboratory","WarShipGirlsR/战舰少女R mod","【遗物卡牌】REMEMod"],"gold_per_floor":[109,125,50,50,61,93,105,105,105,117,132,132,132,97,97,171,171,181,198,198,198,198],"floor_reached":21,"playtime":1448,"items_purged":["Defend_R"],"score":362,"play_id":"0c1fd8fc-819e-4b5c-8af9-be5a69279848","local_time":"20201226215640","is_ascension_mode":true,"campfire_choices":[{"data":"AT_ShrugMaster","floor":8,"key":"SMITH"},{"data":"rmod:ridicule","floor":13,"key":"SMITH"},{"data":"Double Tap","floor":15,"key":"SMITH"}],"circlet_count":0,"master_deck":["AscendersBane","Strike_R","Strike_R+1","Strike_R","Strike_R","Strike_R","Defend_R","Defend_R","Defend_R","AT_ShrugMaster+1","Perfected Strike","Bash","rmod:ridicule+1","Double Tap+1","Burning Pact","Offering","Hemokinesis+1","Dual Wield+1","Ghostly Armor+1","Shrug It Off","Armaments"],"relics":["Burning Blood","REME_ComplimentaryCards","AT_ATBox","NeowsBlessing","Snack Pack","Chameleon Ring","Astrolabe"],"acts_visited":["Exordium","TheCity"],"potions_floor_usage":[6,16,16,19],"damage_taken":[{"damage":0,"enemies":"Cultist","floor":1,"turns":1},{"damage":0,"enemies":"2 Louse","floor":2,"turns":1},{"damage":0,"enemies":"Small Slimes","floor":5,"turns":1},{"damage":38,"enemies":"3 Sentries","floor":6,"turns":13},{"damage":11,"enemies":"Looter","floor":7,"turns":2},{"damage":21,"enemies":"Exordium Wildlife","floor":10,"turns":3},{"damage":4,"enemies":"Gremlin Gang","floor":11,"turns":5},{"damage":39,"enemies":"The Guardian","floor":16,"turns":10},{"damage":23,"enemies":"Spheric Guardian","floor":18,"turns":4},{"damage":41,"enemies":"3 Byrds","floor":19,"turns":7},{"damage":22,"enemies":"Shelled Parasite and Fungi","floor":21,"turns":1}],"seed_played":"4777604925791508972","potions_obtained":[{"floor":2,"key":"LiquidMemories"},{"floor":7,"key":"Block Potion"},{"floor":10,"key":"Fire Potion"},{"floor":18,"key":"blueLaboratory:PolymorphPotion"}],"is_trial":false,"path_per_floor":["M","M","$","?","M","E","M","R","T","M","M","?","R","?","R","B",null,"M","M","?","M"],"character_chosen":"IRONCLAD","items_purchased":[],"campfire_rested":0,"item_purchase_floors":[],"current_hp_per_floor":[74,75,75,75,75,43,40,40,40,27,31,31,31,49,49,20,61,46,15,15,0,0],"gold":198,"neow_bonus":"THREE_ENEMY_KILL","is_daily":false,"chose_seed":false,"campfire_upgraded":3,"win_rate":0.0,"timestamp":1608991000,"path_taken":["M","?","$","?","?","E","M","R","T","M","M","?","R","?","R","BOSS","M","M","?","?"],"items_purchased_type":[],"build_version":"2020-12-22","purchased_purges":1,"victory":false,"max_hp_per_floor":[75,75,75,75,75,75,75,75,75,75,75,75,75,75,75,75,75,75,75,75,75,75],"card_choices":[{"not_picked":["AT_IchimonjiDouble","Metallicize"],"picked":"Perfected Strike","floor":1},{"not_picked":["Anger","Warcry","Iron Wave"],"picked":"SKIP","floor":2},{"not_picked":["Sentinel","Replay:Many Hands","ReplayTheSpireMod:Limb From Limb"],"picked":"SKIP","floor":5},{"not_picked":["Clothesline","Entrench","Thunderclap"],"picked":"SKIP","floor":6},{"not_picked":["Sword Boomerang","Entrench"],"picked":"AT_DiedThrough","floor":7},{"not_picked":["Run Through","AT_BodySlamDance"],"picked":"Double Tap","floor":10},{"not_picked":["True Grit","Clash"],"picked":"Burning Pact","floor":11},{"not_picked":["Corruption","Replay:Many Hands"],"picked":"Offering","floor":16},{"not_picked":["Iron Wave","Heavy Blade"],"picked":"Shrug It Off","floor":18},{"not_picked":["Thunderclap","Iron Wave"],"picked":"Armaments","floor":19}],"player_experience":169429,"relics_obtained":[{"floor":6,"key":"Snack Pack"},{"floor":9,"key":"Chameleon Ring"}],"event_choices":[{"damage_healed":0,"gold_gain":0,"player_choice":"3 cards matched","damage_taken":0,"max_hp_gain":0,"max_hp_loss":0,"event_name":"Match and Keep!","floor":4,"gold_loss":0,"cards_obtained":["Exhume","REME_SingleHolding","Bash"]},{"damage_healed":18,"gold_gain":0,"player_choice":"Healed","damage_taken":0,"max_hp_gain":0,"max_hp_loss":0,"event_name":"The Cleric","floor":14,"gold_loss":35},{"cards_removed":["Bash"],"damage_healed":0,"gold_gain":0,"player_choice":"Card Removal","damage_taken":0,"max_hp_gain":0,"max_hp_loss":0,"event_name":"Wheel of Change","floor":20,"gold_loss":0}],"is_beta":false,"boss_relics":[{"not_picked":["Sozu","Runic Cube"],"picked":"Astrolabe"}],"items_purged_floors":[3],"is_endless":false,"potions_floor_spawned":[2,7,10,11,18],"killed_by":"Shelled Parasite and Fungi","ascension_level":20}}