{"host":"girf3bnli6r7x4ah","time":1608987828,"event":{"mods":["2.2 Compatiblity","AchievementEnabler","BaseMod","Colored Map","DeckTracker","Highlight Path","Minty Spire (QoL Compilation)","Random Character Button","Rare Cards Sparkle"],"gold_per_floor":[119,67,67,84,102,130,130,161,186,186,198,226,240,258,258,258,258],"floor_reached":16,"playtime":6565,"items_purged":[],"score":134,"play_id":"9c3db656-e81f-44e6-98a8-c5c075dc534c","local_time":"20201226140348","is_ascension_mode":true,"campfire_choices":[{"floor":7.0,"key":"RECALL"},{"floor":15.0,"key":"REST"}],"circlet_count":0,"master_deck":["Strike_R","Strike_R","Strike_R","Strike_R","Strike_R","Defend_R","Defend_R","Defend_R","Defend_R","Bash","Twin Strike","Cleave","Pummel","Rage","Twin Strike","Double Tap","Armaments"],"relics":["Burning Blood","Nunchaku","Tiny Chest","Lantern","MealTicket"],"acts_visited":["Exordium"],"potions_floor_usage":[],"damage_taken":[{"damage":4.0,"enemies":"Small Slimes","floor":1.0,"turns":3.0},{"damage":0.0,"enemies":"2 Louse","floor":4.0,"turns":3.0},{"damage":6.0,"enemies":"Cultist","floor":5.0,"turns":3.0},{"damage":35.0,"enemies":"3 Sentries","floor":6.0,"turns":7.0},{"damage":10.0,"enemies":"Gremlin Nob","floor":8.0,"turns":4.0},{"damage":11.0,"enemies":"3 Louse","floor":11.0,"turns":4.0},{"damage":27.0,"enemies":"3 Sentries","floor":12.0,"turns":7.0},{"damage":0.0,"enemies":"Red Slaver","floor":13.0,"turns":2.0},{"damage":6.0,"enemies":"Looter","floor":14.0,"turns":3.0},{"damage":80,"enemies":"Slime Boss","floor":16,"turns":10}],"seed_played":"-8967795370054391734","potions_obtained":[{"floor":4.0,"key":"Weak Potion"},{"floor":8.0,"key":"Energy Potion"},{"floor":12.0,"key":"AttackPotion"},{"floor":13.0,"key":"BloodPotion"}],"is_trial":false,"path_per_floor":["M","$","?","M","M","E","R","E","T","?","M","E","M","M","R","B"],"character_chosen":"IRONCLAD","items_purchased":["Cleave"],"campfire_rested":1,"item_purchase_floors":[2],"current_hp_per_floor":[80,80,80,80,80,51,51,47,47,47,42,21,27,27,67,0,0],"gold":258,"neow_bonus":"RANDOM_COMMON_RELIC","is_daily":false,"chose_seed":false,"campfire_upgraded":0,"win_rate":0.0,"timestamp":1608987828,"path_taken":["M","$","?","M","M","E","R","E","T","?","M","E","M","M","R","BOSS"],"items_purchased_type":["Card"],"build_version":"2020-12-22","purchased_purges":0,"victory":false,"max_hp_per_floor":[80,80,80,80,80,80,80,80,80,80,80,80,80,80,80,80,80],"card_choices":[{"not_picked":["Thunderclap","Pommel Strike"],"picked":"Twin Strike","floor":1.0},{"not_picked":["Warcry","Pommel Strike","Second Wind"],"picked":"SKIP","floor":4.0},{"not_picked":["Shrug It Off","Feel No Pain","Evolve"],"picked":"SKIP","floor":5.0},{"not_picked":["True Grit","Exhume"],"picked":"Pummel","floor":6.0},{"not_picked":["Clash","Shrug It Off"],"picked":"Rage","floor":8.0},{"not_picked":["Body Slam","Sword Boomerang","Blood for Blood"],"picked":"SKIP","floor":11.0},{"not_picked":["Pommel Strike","Perfected Strike"],"picked":"Twin Strike","floor":12.0},{"not_picked":["Thunderclap","Ghostly Armor"],"picked":"Double Tap","floor":13.0},{"not_picked":["Sword Boomerang","Anger"],"picked":"Armaments","floor":14.0}],"player_experience":96778,"relics_obtained":[{"floor":6.0,"key":"Tiny Chest"},{"floor":8.0,"key":"Lantern"},{"floor":12.0,"key":"MealTicket"}],"event_choices":[{"damage_healed":0.0,"max_hp_gain":0.0,"max_hp_loss":0.0,"gold_gain":0.0,"event_name":"Liars Game","player_choice":"Ignored","floor":3.0,"gold_loss":0.0,"damage_taken":0.0},{"damage_healed":0.0,"max_hp_gain":0.0,"max_hp_loss":0.0,"gold_gain":0.0,"event_name":"Shining Light","player_choice":"Ignored","floor":10.0,"gold_loss":0.0,"damage_taken":0.0}],"is_beta":false,"boss_relics":[],"items_purged_floors":[],"is_endless":false,"potions_floor_spawned":[4,8,12,13],"killed_by":"Slime Boss","ascension_level":2}}