{"host":"stk82ot58bnorhun","time":1608995604,"event":{"mods":["BaseMod","Colored Powertips","Downfall","Minty Spire (QoL Compilation)","StSLib"],"gold_per_floor":[99,110,110,127,127,142,189,199,216,248,262,272,272,292,302,400,400,400,420,447,460,478,478,478,478],"floor_reached":23,"playtime":1744,"items_purged":[],"score":201,"play_id":"e74f2eae-8498-44f5-99ca-ab1b87641a8b","local_time":"20201226231324","is_ascension_mode":false,"campfire_choices":[{"floor":1.0,"key":"RECALL"},{"data":"hexamod:GhostOfSpirePresent","floor":13.0,"key":"SMITH"},{"data":"hexamod:HexaLevel","floor":18.0,"key":"SMITH"}],"circlet_count":0,"master_deck":["hexamod:Strike","hexamod:Strike","hexamod:Strike","hexamod:Strike","hexamod:Defend","hexamod:Defend","hexamod:Defend","hexamod:Defend","hexamod:Sear","hexamod:Float+1","hexamod:StepThrough","hexamod:InspiringFlames","hexamod:InspiringFlames","hexamod:BurningTouch","hexamod:StepThrough","hexamod:ThermalTransfer","hexamod:GhostOfSpirePresent+1","hexamod:AdvancingGuard","hexamod:GhostOfSpireFuture","hexamod:HexaLevel+1","hexamod:SecondSeal","hexamod:FastForward"],"relics":["hexamod:SpiritBrand","Bronze Scales","hexamod:IceCube"],"acts_visited":["Exordium","TheCity"],"potions_floor_usage":[22,23,23],"damage_taken":[{"damage":1.0,"enemies":"2 Louse","floor":2.0,"turns":4.0},{"damage":0.0,"enemies":"Cultist","floor":4.0,"turns":3.0},{"damage":1.0,"enemies":"Small Slimes","floor":6.0,"turns":3.0},{"damage":2.0,"enemies":"Blue Slaver","floor":8.0,"turns":3.0},{"damage":2.0,"enemies":"Red Slaver","floor":9.0,"turns":3.0},{"damage":7.0,"enemies":"3 Sentries","floor":10.0,"turns":10.0},{"damage":5.0,"enemies":"3 Louse","floor":11.0,"turns":3.0},{"damage":24.0,"enemies":"Gremlin Gang","floor":12.0,"turns":3.0},{"damage":7.0,"enemies":"Lots of Slimes","floor":14.0,"turns":4.0},{"damage":1.0,"enemies":"Blue Slaver","floor":15.0,"turns":3.0},{"damage":7.0,"enemies":"downfall:Silent","floor":16.0,"turns":10.0},{"damage":10.0,"enemies":"Chosen","floor":19.0,"turns":5.0},{"damage":38.0,"enemies":"3 Cultists","floor":20.0,"turns":6.0},{"damage":7.0,"enemies":"Snecko","floor":21.0,"turns":6.0},{"damage":18,"enemies":"Snake Plant","floor":22,"turns":4},{"damage":11,"enemies":"Gremlin Leader","floor":23,"turns":1}],"seed_played":"888276771872652039","potions_obtained":[{"floor":6.0,"key":"DistilledChaos"},{"floor":8.0,"key":"LiquidMemories"},{"floor":12.0,"key":"Fire Potion"},{"floor":15.0,"key":"SneckoOil"},{"floor":22,"key":"Explosive Potion"}],"is_trial":false,"path_per_floor":["R","M","?","M","?","M","T","M","M","E","M","M","R","M","M","B",null,"R","M","M","M","M","E"],"character_chosen":"THE_SPIRIT","items_purchased":[],"campfire_rested":0,"item_purchase_floors":[],"current_hp_per_floor":[77,76,81,81,81,80,80,78,76,69,64,40,40,33,32,25,82,82,72,34,27,9,0,0,0],"gold":478,"neow_bonus":"TEN_PERCENT_HP_BONUS","is_daily":false,"chose_seed":false,"campfire_upgraded":2,"win_rate":0.0,"timestamp":1608995604,"path_taken":["R","M","?","M","?","M","T","M","?","E","M","M","R","M","M","BOSS","R","M","M","M","M","E"],"items_purchased_type":[],"build_version":"2020-12-22","purchased_purges":0,"victory":false,"max_hp_per_floor":[77,77,82,82,82,82,82,82,82,82,82,82,82,82,82,82,82,82,82,82,82,82,82,82,82],"card_choices":[{"not_picked":["hexamod:SpectersWail","hexamod:Haunt"],"picked":"hexamod:StepThrough","floor":2.0},{"not_picked":["hexamod:HauntingEcho","hexamod:ExtraCrispy"],"picked":"hexamod:InspiringFlames","floor":4.0},{"not_picked":["hexamod:FastForward","hexamod:GhostShield"],"picked":"hexamod:InspiringFlames","floor":6.0},{"not_picked":["hexamod:ShieldOfDarkness","hexamod:PhantomCloak","hexamod:NecessarySacrifice"],"picked":"SKIP","floor":8.0},{"not_picked":["hexamod:ChargedBarrage","hexamod:ThermalTransfer"],"picked":"hexamod:BurningTouch","floor":9.0},{"not_picked":["hexamod:SwordOfDarkness","hexamod:NightmareGuise"],"picked":"hexamod:StepThrough","floor":10.0},{"not_picked":["hexamod:SpectersWail","hexamod:EtherealExpedition"],"picked":"hexamod:ThermalTransfer","floor":11.0},{"not_picked":["hexamod:SoulSteal","hexamod:GhostLash"],"picked":"hexamod:GhostOfSpirePresent","floor":12.0},{"not_picked":["hexamod:Hexaguard","hexamod:ShieldOfDarkness"],"picked":"hexamod:AdvancingGuard","floor":14.0},{"not_picked":["hexamod:NightmareStrike","hexamod:SpectersWail"],"picked":"hexamod:GhostOfSpireFuture","floor":15.0},{"not_picked":["hexamod:SixthSeal","hexamod:TurnItUp"],"picked":"hexamod:HexaLevel","floor":16.0},{"not_picked":["hexamod:SpectersWail","hexamod:BurningTouch"],"picked":"hexamod:SecondSeal","floor":19.0},{"not_picked":["hexamod:GhostLash","hexamod:SwordOfDarkness","hexamod:SecondSeal"],"picked":"SKIP","floor":20.0},{"not_picked":["hexamod:SwordOfDarkness+1","hexamod:NightmareStrike","hexamod:SpectralAdrenaline+1"],"picked":"SKIP","floor":21.0},{"not_picked":["hexamod:ThermalTransfer","hexamod:SwordOfDarkness"],"picked":"hexamod:FastForward","floor":22}],"player_experience":41920,"relics_obtained":[{"floor":10.0,"key":"Bronze Scales"}],"event_choices":[{"damage_healed":0.0,"max_hp_gain":5.0,"max_hp_loss":0.0,"gold_gain":0.0,"event_name":"Big Fish","player_choice":"Donut","floor":3.0,"gold_loss":0.0,"damage_taken":0.0},{"damage_healed":0.0,"max_hp_gain":0.0,"max_hp_loss":0.0,"gold_gain":0.0,"event_name":"Upgrade Shrine","player_choice":"Upgraded","floor":5.0,"gold_loss":0.0,"damage_taken":0.0,"cards_upgraded":["hexamod:Float"]}],"is_beta":false,"boss_relics":[{"not_picked":["Sozu","Calling Bell"],"picked":"hexamod:IceCube"}],"items_purged_floors":[],"is_endless":false,"potions_floor_spawned":[6,8,12,15,16,19,22],"killed_by":"Gremlin Leader","ascension_level":0}}