{"host":"8t4zx4b1kle5u57h","time":1608955392,"event":{"mods":["BaseMod","Downfall","Minty Spire (QoL Compilation)","Rare Cards Sparkle","StSLib"],"gold_per_floor":[99,114,134,148,163,163,216,126,126,141,141,169,169,8,21,123,123,123,123,123,139,239,239,287,298,298,313,313,313],"floor_reached":28,"playtime":1450,"items_purged":["sneckomod:Strike"],"score":254,"play_id":"229aeb41-600d-42f7-b176-58427a4eca62","local_time":"20201225200312","is_ascension_mode":true,"campfire_choices":[{"data":"sneckomod:TailWhip","floor":1,"key":"SMITH"},{"data":"sneckomod:Cheat","floor":6,"key":"SMITH"},{"data":"sneckomod:UnknownRareAttack","floor":13,"key":"SMITH"},{"data":"sneckomod:UnknownRareAttack","floor":18,"key":"SMITH"},{"data":"sneckomod:UnknownRareAttack","floor":23,"key":"SMITH"},{"data":"sneckomod:WideSting","floor":26,"key":"SMITH"}],"circlet_count":0,"master_deck":["sneckomod:Strike+1","sneckomod:Strike","sneckomod:Defend+1","sneckomod:Defend","sneckomod:Defend+1","sneckomod:TailWhip+1","sneckomod:SnekBite","sneckomod:Unknown+1","sneckomod:Unknown+1","sneckomod:Cheat+1","sneckomod:IronFang","sneckomod:UnknownUncommonAttack","sneckomod:RainOfDice","sneckomod:UnknownRareAttack+1","sneckomod:DiceBlock","Regret","sneckomod:UnknownRareAttack+1","sneckomod:SoulDraw","sneckomod:UnknownDexterity","sneckomod:UnknownRareAttack+1","sneckomod:Nope","RitualDagger+1","sneckomod:UnknownDexterity+1","Normality","sneckomod:WideSting+1","sneckomod:SnakeSap"],"relics":["sneckomod:SneckoSoul","Ancient Tea Set","War Paint","Lee\u0027s Waffle","Cursed Key","StoneCalendar","Darkstone Periapt","Vajra"],"acts_visited":["Exordium","TheCity"],"potions_floor_usage":[20],"damage_taken":[{"damage":0,"enemies":"2 Louse","floor":2,"turns":3},{"damage":4,"enemies":"Small Slimes","floor":3,"turns":3},{"damage":8,"enemies":"Jaw Worm","floor":4,"turns":4},{"damage":8,"enemies":"2 Fungi Beasts","floor":5,"turns":4},{"damage":4,"enemies":"downfall:FleeingMerchant","floor":8,"turns":4},{"damage":9,"enemies":"3 Louse","floor":10,"turns":4},{"damage":35,"enemies":"Lagavulin","floor":12,"turns":7},{"damage":6,"enemies":"downfall:FleeingMerchant","floor":14,"turns":4},{"damage":15,"enemies":"Exordium Thugs","floor":15,"turns":4},{"damage":41,"enemies":"downfall:Watcher","floor":16,"turns":13},{"damage":0,"enemies":"Chosen","floor":19,"turns":1},{"damage":13,"enemies":"Shell Parasite","floor":21,"turns":6},{"damage":24,"enemies":"downfall:Silent","floor":22,"turns":6},{"damage":29,"enemies":"Snake Plant","floor":25,"turns":4},{"damage":19,"enemies":"Chosen and Byrds","floor":27,"turns":7},{"damage":33,"enemies":"Book of Stabbing","floor":28,"turns":5}],"seed_played":"1253852994015415891","potions_obtained":[{"floor":4,"key":"Fruit Juice"},{"floor":10,"key":"Dexterity Potion"},{"floor":15,"key":"DistilledChaos"},{"floor":20,"key":"CultistPotion"}],"is_trial":false,"path_per_floor":["R","M","M","M","M","R","T","$","?","M","?","E","R","$","M","B",null,"R","M","?","M","?","R","T","M","R","M","E"],"character_chosen":"THE_SNECKO","items_purchased":["Lee\u0027s Waffle"],"campfire_rested":0,"item_purchase_floors":[14],"current_hp_per_floor":[90,90,87,79,72,72,72,68,68,59,59,31,31,100,86,46,102,102,102,107,99,75,75,81,52,52,33,0,0],"gold":313,"neow_bonus":"ONE_RANDOM_RARE_CARD","is_daily":false,"chose_seed":false,"campfire_upgraded":6,"win_rate":0.0,"timestamp":1608955392,"path_taken":["R","M","M","M","M","R","T","$","?","M","?","E","R","$","M","BOSS","R","M","?","M","?","R","T","M","R","M","E"],"items_purchased_type":["Relic"],"build_version":"2020-12-22","purchased_purges":1,"victory":false,"max_hp_per_floor":[90,90,91,91,92,92,92,92,92,92,92,93,93,100,101,102,102,102,102,107,112,112,112,118,118,118,118,118,118],"card_choices":[{"not_picked":["sneckomod:UnknownClassHEXA_GHOST_PURPLE","sneckomod:SoulDraw"],"picked":"sneckomod:IronFang","floor":2},{"not_picked":["sneckomod:SoulRoll","sneckomod:RainOfDice"],"picked":"sneckomod:UnknownUncommonAttack","floor":3},{"not_picked":["sneckomod:CheapStock","sneckomod:UnknownCommonAttack"],"picked":"sneckomod:RainOfDice","floor":4},{"not_picked":["sneckomod:DiceCrush","sneckomod:UnknownClassBLUE"],"picked":"sneckomod:UnknownRareAttack","floor":5},{"not_picked":["sneckomod:UnknownVulnerable","sneckomod:DiceCrush"],"picked":"sneckomod:DiceBlock","floor":8},{"not_picked":["sneckomod:UnknownBlock","sneckomod:UnknownCommonAttack","sneckomod:RainOfDice"],"picked":"SKIP","floor":10},{"not_picked":["sneckomod:UnknownCommonAttack","sneckomod:ImprovisedGuard"],"picked":"sneckomod:UnknownRareAttack","floor":12},{"not_picked":["sneckomod:UnknownRarePower","sneckomod:UnknownStrike"],"picked":"sneckomod:SoulDraw","floor":14},{"not_picked":["sneckomod:Nope","sneckomod:UnknownClassRED"],"picked":"sneckomod:UnknownDexterity","floor":15},{"not_picked":["sneckomod:SerpentMind","sneckomod:UnknownRareSkill"],"picked":"sneckomod:UnknownRareAttack","floor":16},{"not_picked":["sneckomod:PureSnecko+1","sneckomod:UnknownBlock"],"picked":"sneckomod:Nope","floor":19},{"not_picked":["sneckomod:UnknownCommonSkill","sneckomod:DiceBlock"],"picked":"sneckomod:UnknownDexterity+1","floor":21},{"not_picked":["sneckomod:Rotation","sneckomod:UnknownWeak"],"picked":"sneckomod:WideSting","floor":25},{"not_picked":["sneckomod:UnknownWeak","sneckomod:SlitherStrike"],"picked":"sneckomod:SnakeSap","floor":27}],"player_experience":82469,"relics_obtained":[{"floor":7,"key":"Ancient Tea Set"},{"floor":12,"key":"War Paint"},{"floor":22,"key":"StoneCalendar"},{"floor":22,"key":"Darkstone Periapt"},{"floor":24,"key":"Vajra"}],"event_choices":[],"is_beta":false,"boss_relics":[{"not_picked":["sneckomod:SuperSneckoSoul","Busted Crown"],"picked":"Cursed Key"}],"items_purged_floors":[8],"is_endless":false,"potions_floor_spawned":[4,10,15,25,27],"killed_by":"Book of Stabbing","ascension_level":1}}