{"host":"1c52r9kaxdyo25eq","time":1608987985,"event":{"mods":["AchievementEnabler","BaseMod","Minty Spire (QoL Compilation)","Rare Cards Sparkle","SuperFastMode","everything is the same but u backflip on backflip"],"gold_per_floor":[118,130,142,153,228,258,258,269,269,269,285,285,300,300,300,375,375,375,98,98,98,70,70,120,120,120,130,130,130,130],"floor_reached":29,"playtime":638,"items_purged":[],"score":450,"play_id":"6e3477eb-482d-4417-a150-a23cb6a8cf08","local_time":"20201226220625","is_ascension_mode":true,"campfire_choices":[{"data":"Venomology","floor":7.0,"key":"SMITH"},{"floor":10.0,"key":"REST"},{"data":"Neutralize","floor":12.0,"key":"SMITH"},{"data":"Quick Slash","floor":15.0,"key":"SMITH"},{"data":"Calculated Gamble","floor":23,"key":"SMITH"},{"data":"Deadly Poison","floor":25,"key":"SMITH"},{"data":"Flechettes","floor":28,"key":"SMITH"}],"circlet_count":0,"master_deck":["AscendersBane","Strike_G","Strike_G+1","Strike_G+1","Strike_G","Defend_G","Defend_G","Defend_G","Defend_G","Defend_G","Survivor","Neutralize+1","Venomology+1","Backflip","Footwork","Quick Slash+1","Calculated Gamble+1","After Image","Reflex","Deadly Poison+1","Flechettes+1"],"relics":["Ring of the Snake","Whetstone","Mercury Hourglass","HoveringKite","Sundial","Bottled Lightning"],"acts_visited":["Exordium","TheCity"],"potions_floor_usage":[27,29,29],"damage_taken":[{"damage":8.0,"enemies":"Cultist","floor":1.0,"turns":5.0},{"damage":4.0,"enemies":"2 Louse","floor":2.0,"turns":4.0},{"damage":0.0,"enemies":"Small Slimes","floor":3.0,"turns":5.0},{"damage":1.0,"enemies":"2 Fungi Beasts","floor":4.0,"turns":4.0},{"damage":49.0,"enemies":"Gremlin Nob","floor":6.0,"turns":6.0},{"damage":2.0,"enemies":"Large Slime","floor":8.0,"turns":7.0},{"damage":0.0,"enemies":"Exordium Wildlife","floor":11.0,"turns":4.0},{"damage":2.0,"enemies":"Exordium Thugs","floor":13.0,"turns":5.0},{"damage":43.0,"enemies":"The Guardian","floor":16.0,"turns":14.0},{"damage":0.0,"enemies":"3 Byrds","floor":18.0,"turns":2.0},{"damage":19,"enemies":"2 Thieves","floor":22,"turns":4},{"damage":14,"enemies":"Cultist and Chosen","floor":27,"turns":7},{"damage":6,"enemies":"Gremlin Leader","floor":29,"turns":6}],"seed_played":"3222631982761886133","potions_obtained":[{"floor":8.0,"key":"Poison Potion"},{"floor":27,"key":"AttackPotion"}],"is_trial":false,"path_per_floor":["M","M","M","M","?","E","R","M","T","R","M","R","M","?","R","B",null,"M","$","?","?","M","R","?","R","T","M","R","E"],"character_chosen":"THE_SILENT","items_purchased":["Sundial"],"campfire_rested":1,"item_purchase_floors":[19],"current_hp_per_floor":[51,47,47,46,35,12,12,10,10,29,29,29,27,27,27,19,54,54,54,54,54,35,35,35,35,35,21,21,15,15],"gold":130,"neow_bonus":"ONE_RANDOM_RARE_CARD","is_daily":false,"chose_seed":false,"campfire_upgraded":6,"win_rate":0.0,"timestamp":1608987985,"path_taken":["M","M","M","M","?","E","R","M","T","R","M","R","M","?","R","BOSS","M","$","?","?","M","R","?","R","T","M","R","E"],"items_purchased_type":["Relic"],"build_version":"2020-12-22","purchased_purges":0,"victory":false,"max_hp_per_floor":[66,66,66,66,66,66,66,66,66,66,66,66,66,66,66,66,66,66,66,66,66,66,66,66,66,66,66,66,66,66],"card_choices":[{"not_picked":["Sucker Punch","PiercingWail","Flying Knee"],"picked":"SKIP","floor":1.0},{"not_picked":["Dagger Throw","Sucker Punch"],"picked":"Backflip","floor":2.0},{"not_picked":["Underhanded Strike","Blur"],"picked":"Footwork","floor":3.0},{"not_picked":["Underhanded Strike","Blade Dance","Slice"],"picked":"SKIP","floor":4.0},{"not_picked":["Bane","Backflip"],"picked":"Quick Slash","floor":6.0},{"not_picked":["Bane","Eviscerate"],"picked":"Calculated Gamble","floor":8.0},{"not_picked":["Flying Knee","Dagger Throw","Slice"],"picked":"SKIP","floor":11.0},{"not_picked":["Underhanded Strike","Sucker Punch","Leg Sweep"],"picked":"SKIP","floor":13.0},{"not_picked":["Malaise","Doppelganger"],"picked":"After Image","floor":16.0},{"not_picked":["Backflip","Expertise"],"picked":"Deadly Poison","floor":22},{"not_picked":["Backstab","Flechettes","Blade Dance"],"picked":"SKIP","floor":27},{"not_picked":["Backstab","Blade Dance"],"picked":"Flechettes","floor":27}],"player_experience":520000,"relics_obtained":[{"floor":6.0,"key":"Whetstone"},{"floor":9.0,"key":"Mercury Hourglass"},{"floor":26,"key":"Bottled Lightning"}],"event_choices":[{"damage_healed":0.0,"max_hp_gain":0.0,"max_hp_loss":0.0,"gold_gain":75.0,"event_name":"World of Goop","player_choice":"Gather Gold","floor":5.0,"gold_loss":0.0,"damage_taken":11.0},{"damage_healed":0.0,"max_hp_gain":0.0,"max_hp_loss":0.0,"gold_gain":0.0,"event_name":"Liars Game","player_choice":"Ignored","floor":14.0,"gold_loss":0.0,"damage_taken":0.0},{"damage_healed":0,"gold_gain":0,"player_choice":"Read","damage_taken":0,"max_hp_gain":0,"max_hp_loss":0,"event_name":"The Library","floor":20,"gold_loss":0,"cards_obtained":["Reflex"]},{"cards_removed":["Strike_G"],"damage_healed":0,"gold_gain":0,"player_choice":"Elegance","damage_taken":0,"max_hp_gain":0,"max_hp_loss":0,"event_name":"Back to Basics","floor":21,"gold_loss":0},{"damage_healed":0,"gold_gain":50,"player_choice":"Stole From Cult","damage_taken":0,"max_hp_gain":0,"max_hp_loss":0,"event_name":"Nest","floor":24,"gold_loss":0}],"is_beta":false,"boss_relics":[{"not_picked":["Astrolabe","Snecko Eye"],"picked":"HoveringKite"}],"items_purged_floors":[],"is_endless":false,"potions_floor_spawned":[2,8,11,18,27],"killed_by":"Gremlin Leader","ascension_level":20}}