{"host":"zekcc3vicrep0och","time":1608972860,"event":{"mods":["AchievementEnabler","BaseMod","Colored Map","Colored Powertips","Displayed Cursed Tome","Minty Spire (QoL Compilation)","Relic Stats","StSLib"],"gold_per_floor":[118,138,4,21,40,67,67,67,91,91,5,34,53,53,53,126,126,126,146,161,179,229,229,242,242,242],"floor_reached":25,"playtime":933,"items_purged":[],"score":477,"play_id":"e42f525c-b50e-4b6c-a896-63ccd1ac54cd","local_time":"20201226115420","is_ascension_mode":true,"campfire_choices":[{"data":"Eruption","floor":7.0,"key":"SMITH"},{"floor":10.0,"key":"REST"},{"data":"FlyingSleeves","floor":15.0,"key":"SMITH"},{"floor":23,"key":"REST"}],"circlet_count":0,"master_deck":["AscendersBane","Strike_P","Strike_P+1","Strike_P+1","Strike_P","Defend_P","Defend_P","Defend_P","Defend_P+1","Eruption+1","Vigilance+1","LikeWater","SashWhip","FollowUp+1","Perseverance","LessonLearned","WaveOfTheHand","EmptyBody","ClearTheMind","CutThroughFate","FlyingSleeves+1","Devotion","CrushJoints","Conclude+1","BowlingBash+1","EmptyBody"],"relics":["PureWater","NeowsBlessing","Bronze Scales","Orichalcum","Tiny Chest","Mercury Hourglass","VioletLotus"],"acts_visited":["Exordium","TheCity"],"potions_floor_usage":[],"damage_taken":[{"damage":0.0,"enemies":"Cultist","floor":1.0,"turns":1.0},{"damage":0.0,"enemies":"2 Louse","floor":2.0,"turns":1.0},{"damage":0.0,"enemies":"Jaw Worm","floor":4.0,"turns":1.0},{"damage":0.0,"enemies":"Blue Slaver","floor":5.0,"turns":3.0},{"damage":40.0,"enemies":"Lagavulin","floor":6.0,"turns":15.0},{"damage":14.0,"enemies":"3 Sentries","floor":12.0,"turns":12.0},{"damage":2.0,"enemies":"3 Louse","floor":13.0,"turns":4.0},{"damage":0.0,"enemies":"Slime Boss","floor":16.0,"turns":9.0},{"damage":1.0,"enemies":"Spheric Guardian","floor":18.0,"turns":3.0},{"damage":7.0,"enemies":"3 Byrds","floor":19.0,"turns":3.0},{"damage":25.0,"enemies":"Snake Plant","floor":20.0,"turns":4.0},{"damage":13.0,"enemies":"Shelled Parasite and Fungi","floor":21.0,"turns":3.0},{"damage":15,"enemies":"Snecko","floor":24,"turns":5},{"damage":18,"enemies":"Snake Plant","floor":25,"turns":1}],"seed_played":"8796899910129868382","potions_obtained":[{"floor":1.0,"key":"SmokeBomb"},{"floor":2.0,"key":"Energy Potion"},{"floor":12.0,"key":"Dexterity Potion"}],"is_trial":false,"path_per_floor":["M","M","$","M","M","E","R","?","T","R","$","E","M","T","R","B",null,"M","M","M","M","?","R","M","M"],"character_chosen":"WATCHER","items_purchased":["FollowUp","Perseverance","EmptyBody","ClearTheMind"],"campfire_rested":2,"item_purchase_floors":[3,3,11,11],"current_hp_per_floor":[61,61,61,61,61,21,21,21,21,41,41,27,25,25,25,25,57,56,49,24,11,11,31,16,0,0],"gold":242,"neow_bonus":"THREE_ENEMY_KILL","is_daily":false,"chose_seed":false,"campfire_upgraded":2,"win_rate":0.0,"timestamp":1608972860,"path_taken":["M","M","$","?","?","E","R","?","T","R","?","E","M","?","R","BOSS","M","M","M","M","?","R","?","M"],"items_purchased_type":["Card","Card","Card","Card"],"build_version":"2020-12-22","purchased_purges":0,"victory":false,"max_hp_per_floor":[68,68,68,68,68,68,68,68,68,68,68,68,68,68,68,68,68,68,68,68,68,68,68,68,68,68],"relic_stats":{"counters":[14,65],"Bronze Scales":[133],"Tiny Chest":0,"VioletLotus":[2],"Orichalcum":[90],"obtain_stats":[{"NeowsBlessing":0,"Bronze Scales":6,"Tiny Chest":12,"VioletLotus":17,"PureWater":0,"Orichalcum":9,"Mercury Hourglass":14},{"NeowsBlessing":0,"Bronze Scales":5,"Tiny Chest":6,"VioletLotus":8,"PureWater":0,"Orichalcum":5,"Mercury Hourglass":7},{"NeowsBlessing":0,"Bronze Scales":21,"Tiny Chest":33,"VioletLotus":46,"PureWater":0,"Orichalcum":21,"Mercury Hourglass":37}],"Mercury Hourglass":[109]},"card_choices":[{"not_picked":["Crescendo","InnerPeace"],"picked":"LikeWater","floor":1.0},{"not_picked":["JustLucky","Consecrate"],"picked":"SashWhip","floor":2.0},{"not_picked":["JustLucky","ForeignInfluence","WheelKick"],"picked":"SKIP","floor":4.0},{"not_picked":["EmptyFist","Prostrate"],"picked":"LessonLearned","floor":5.0},{"not_picked":["EmptyFist","Protect"],"picked":"WaveOfTheHand","floor":6.0},{"not_picked":["ThirdEye","FlurryOfBlows"],"picked":"CutThroughFate","floor":12.0},{"not_picked":["Evaluate","EmptyMind"],"picked":"FlyingSleeves","floor":13.0},{"not_picked":["Alpha","ConjureBlade"],"picked":"Devotion","floor":16.0},{"not_picked":["WindmillStrike+1","Consecrate"],"picked":"CrushJoints","floor":19.0},{"not_picked":["FlyingSleeves","Vengeance"],"picked":"Conclude+1","floor":20.0},{"not_picked":["Sanctity","Halt+1"],"picked":"BowlingBash+1","floor":21.0},{"not_picked":["FlyingSleeves","Worship"],"picked":"EmptyBody","floor":24}],"player_experience":466051,"relics_obtained":[{"floor":6.0,"key":"Bronze Scales"},{"floor":9.0,"key":"Orichalcum"},{"floor":12.0,"key":"Tiny Chest"},{"floor":14.0,"key":"Mercury Hourglass"}],"event_choices":[{"damage_healed":0.0,"max_hp_gain":0.0,"max_hp_loss":0.0,"gold_gain":0.0,"event_name":"Dead Adventurer","player_choice":"Searched \u00270\u0027 times","floor":8.0,"gold_loss":0.0,"damage_taken":0.0},{"damage_healed":0,"gold_gain":100,"player_choice":"Bet on Murderer","damage_taken":0,"max_hp_gain":0,"max_hp_loss":0,"event_name":"The Joust","floor":22,"gold_loss":50}],"is_beta":false,"boss_relics":[{"not_picked":["Velvet Choker","Empty Cage"],"picked":"VioletLotus"}],"items_purged_floors":[],"is_endless":false,"potions_floor_spawned":[1,2,12,18],"killed_by":"Snake Plant","ascension_level":16}}