{"host":"bg8va46pgqgvtzim","time":1608990314,"event":{"mods":["BaseMod","Minty Spire (QoL Compilation)","Quick Restart","StSLib","SuperFastMode"],"gold_per_floor":[119,132,149,162,179,209,225,256,280,298,329,329,329,358,358,460,460,473,572,572,572,572,598,598,617,640,667,683,683,702,702,702,805,805,817,866,866,881,625,625,642,393,467,496,512,512,529,547,547,547,547,547,36,66,66],"floor_reached":56,"playtime":2019,"items_purged":["Strike_G+1","Strike_G+1","Quick Slash"],"score":1385,"play_id":"568924a9-346f-47a4-a919-24b11a76171e","local_time":"20201226214514","is_ascension_mode":true,"campfire_choices":[{"data":"Noxious Fumes","floor":13.0,"key":"SMITH"},{"data":"Envenom","floor":15.0,"key":"SMITH"},{"floor":24.0,"key":"REST"},{"data":"Footwork","floor":29.0,"key":"SMITH"},{"data":"Cloak And Dagger","floor":32.0,"key":"SMITH"},{"data":"Acrobatics","floor":40.0,"key":"SMITH"},{"data":"Reflex","floor":46,"key":"SMITH"},{"floor":49,"key":"RECALL"},{"data":"Blade Dance","floor":52,"key":"SMITH"}],"circlet_count":0,"master_deck":["Defend_G+1","Defend_G+1","Defend_G+1","Defend_G+1","Defend_G+1","Survivor","Neutralize","Accuracy","Acrobatics+1","Reflex+1","Flechettes","Noxious Fumes+1","Blade Dance+1","Footwork+1","PiercingWail","Envenom+1","Terror","Prepared+1","Cloak And Dagger+1","Backflip","Well Laid Plans","Blur+1"],"relics":["Ring of the Snake","Gremlin Horn","MealTicket","Strawberry","Pear","Odd Mushroom","Sozu","Nilry\u0027s Codex","Blood Vial","Regal Pillow","Oddly Smooth Stone","HoveringKite","Thread and Needle","Medical Kit","Bag of Preparation","Ninja Scroll","Shuriken","Bag of Marbles","Sundial"],"acts_visited":["Exordium","TheCity","TheBeyond","TheEnding"],"potions_floor_usage":[],"damage_taken":[{"damage":0.0,"enemies":"Jaw Worm","floor":1.0,"turns":4.0},{"damage":0.0,"enemies":"2 Louse","floor":2.0,"turns":4.0},{"damage":3.0,"enemies":"Small Slimes","floor":3.0,"turns":4.0},{"damage":3.0,"enemies":"Blue Slaver","floor":4.0,"turns":5.0},{"damage":14.0,"enemies":"Large Slime","floor":5.0,"turns":10.0},{"damage":22.0,"enemies":"Gremlin Nob","floor":6.0,"turns":4.0},{"damage":2.0,"enemies":"Exordium Wildlife","floor":7.0,"turns":6.0},{"damage":17.0,"enemies":"Lagavulin","floor":8.0,"turns":9.0},{"damage":3.0,"enemies":"2 Fungi Beasts","floor":10.0,"turns":4.0},{"damage":3.0,"enemies":"3 Sentries","floor":11.0,"turns":7.0},{"damage":4.0,"enemies":"The Mushroom Lair","floor":14.0,"turns":4.0},{"damage":2.0,"enemies":"Hexaghost","floor":16.0,"turns":8.0},{"damage":6.0,"enemies":"Spheric Guardian","floor":18.0,"turns":6.0},{"damage":29.0,"enemies":"Book of Stabbing","floor":23.0,"turns":6.0},{"damage":0.0,"enemies":"Chosen","floor":25.0,"turns":5.0},{"damage":4.0,"enemies":"Slavers","floor":27.0,"turns":6.0},{"damage":12.0,"enemies":"Snake Plant","floor":28.0,"turns":5.0},{"damage":1.0,"enemies":"Centurion and Healer","floor":30.0,"turns":7.0},{"damage":11.0,"enemies":"Collector","floor":33.0,"turns":11.0},{"damage":0.0,"enemies":"Orb Walker","floor":35.0,"turns":4.0},{"damage":39.0,"enemies":"2 Orb Walkers","floor":36.0,"turns":6.0},{"damage":0.0,"enemies":"3 Darklings","floor":38.0,"turns":5.0},{"damage":0,"enemies":"Sphere and 2 Shapes","floor":41,"turns":6},{"damage":2,"enemies":"Reptomancer","floor":44,"turns":6},{"damage":0,"enemies":"Maw","floor":45,"turns":5},{"damage":0,"enemies":"Jaw Worm Horde","floor":47,"turns":4},{"damage":0,"enemies":"Spire Growth","floor":48,"turns":4},{"damage":15,"enemies":"Donu and Deca","floor":50,"turns":10},{"damage":1,"enemies":"Shield and Spear","floor":54,"turns":6},{"damage":33,"enemies":"The Heart","floor":55,"turns":10}],"seed_played":"-3367528749972911842","potions_obtained":[{"floor":3.0,"key":"DistilledChaos"},{"floor":4.0,"key":"EssenceOfSteel"},{"floor":5.0,"key":"Fire Potion"},{"floor":8.0,"key":"BlessingOfTheForge"},{"floor":11.0,"key":"LiquidMemories"},{"floor":16.0,"key":"LiquidMemories"}],"is_trial":false,"path_per_floor":["M","M","M","M","M","E","M","E","T","M","E","?","R","?","R","B",null,"M","?","?","?","?","E","R","M","T","E","M","R","M","?","R","B",null,"M","?","?","M","$","R","M","$","T","E","M","R","M","M","R","B",null,"R","$","E","B",null],"character_chosen":"THE_SILENT","items_purchased":["Medical Kit","Well Laid Plans","Bag of Preparation","Shuriken","Bag of Marbles"],"campfire_rested":1,"item_purchase_floors":[39,39,42,53,53],"current_hp_per_floor":[63,63,60,57,43,21,19,2,9,6,13,13,13,9,9,7,80,74,74,59,43,43,14,39,41,41,39,29,29,30,30,30,21,85,85,46,46,48,63,63,65,80,80,80,82,82,84,85,85,70,85,85,85,84,52],"gold":66,"neow_bonus":"TRANSFORM_TWO_CARDS","is_daily":false,"chose_seed":false,"campfire_upgraded":7,"win_rate":0.0,"timestamp":1608990314,"path_taken":["M","M","M","M","M","E","M","E","T","M","E","?","R","?","R","BOSS","M","?","?","?","?","E","R","M","T","E","M","R","?","?","R","BOSS","M","?","?","?","?","R","M","$","T","E","M","R","?","M","R","BOSS","R","$","E","BOSS"],"items_purchased_type":["Relic","Card","Relic","Relic","Relic"],"build_version":"2020-12-22","purchased_purges":3,"victory":true,"max_hp_per_floor":[63,63,63,63,63,63,63,63,70,70,80,80,80,80,80,80,80,80,80,85,85,85,85,85,85,85,85,85,85,85,85,85,85,85,85,85,85,85,85,85,85,85,85,85,85,85,85,85,85,85,85,85,85,85,85],"card_choices":[{"not_picked":["Finisher","Deadly Poison"],"picked":"Acrobatics","floor":1.0},{"not_picked":["Sucker Punch","Dagger Spray","Backstab"],"picked":"SKIP","floor":2.0},{"not_picked":["Slice","Masterful Stab"],"picked":"Reflex","floor":3.0},{"not_picked":["Dodge and Roll","Acrobatics","Flying Knee"],"picked":"SKIP","floor":4.0},{"not_picked":["Well Laid Plans","Predator"],"picked":"Flechettes","floor":5.0},{"not_picked":["Riddle With Holes","Crippling Poison"],"picked":"Noxious Fumes","floor":6.0},{"not_picked":["Dodge and Roll","Backflip"],"picked":"Blade Dance","floor":7.0},{"not_picked":["Prepared","Concentrate"],"picked":"Footwork","floor":8.0},{"not_picked":["Night Terror","Blade Dance"],"picked":"PiercingWail","floor":10.0},{"not_picked":["Expertise","Heel Hook"],"picked":"Envenom","floor":11.0},{"not_picked":["Distraction+1","Infinite Blades+1"],"picked":"Prepared+1","floor":18.0},{"not_picked":["Bane+1","PiercingWail","Caltrops"],"picked":"SKIP","floor":23.0},{"not_picked":["Crippling Poison","Poisoned Stab+1","Underhanded Strike"],"picked":"SKIP","floor":25.0},{"not_picked":["Footwork","Underhanded Strike+1"],"picked":"Cloak And Dagger","floor":27.0},{"not_picked":["Flying Knee","Prepared","Finisher"],"picked":"SKIP","floor":28.0},{"not_picked":["Catalyst","Flechettes","Endless Agony"],"picked":"SKIP","floor":30.0},{"not_picked":["Leg Sweep","Noxious Fumes+1"],"picked":"Backflip","floor":35.0},{"not_picked":["Dagger Spray","Bane","Sucker Punch+1"],"picked":"SKIP","floor":38.0},{"not_picked":["Wraith Form v2","Dash","Backflip"],"picked":"SKIP","floor":41},{"not_picked":["Underhanded Strike","Quick Slash+1"],"picked":"Blur+1","floor":44},{"not_picked":["Cloak And Dagger","Flying Knee","Blade Dance+1"],"picked":"SKIP","floor":45},{"not_picked":["Endless Agony","Setup","Dagger Throw"],"picked":"SKIP","floor":47},{"not_picked":["Slice","Heel Hook","Deadly Poison"],"picked":"SKIP","floor":48},{"not_picked":["Prepared","Die Die Die","Poisoned Stab+1"],"picked":"SKIP","floor":54}],"player_experience":2160175,"relics_obtained":[{"floor":6.0,"key":"Gremlin Horn"},{"floor":8.0,"key":"MealTicket"},{"floor":9.0,"key":"Strawberry"},{"floor":11.0,"key":"Pear"},{"floor":14.0,"key":"Odd Mushroom"},{"floor":21.0,"key":"Nilry\u0027s Codex"},{"floor":23.0,"key":"Blood Vial"},{"floor":26.0,"key":"Regal Pillow"},{"floor":27.0,"key":"Oddly Smooth Stone"},{"floor":36.0,"key":"Thread and Needle"},{"floor":44,"key":"Ninja Scroll"},{"floor":54,"key":"Sundial"}],"event_choices":[{"damage_healed":0.0,"max_hp_gain":0.0,"max_hp_loss":0.0,"gold_gain":0.0,"cards_transformed":["Strike_G"],"event_name":"Living Wall","player_choice":"Change","floor":12.0,"gold_loss":0.0,"damage_taken":0.0,"cards_obtained":["Terror"]},{"damage_healed":0.0,"max_hp_gain":0.0,"max_hp_loss":0.0,"gold_gain":0.0,"event_name":"Mushrooms","player_choice":"Fought Mushrooms","floor":14.0,"gold_loss":0.0,"damage_taken":0.0},{"damage_healed":0.0,"max_hp_gain":0.0,"max_hp_loss":0.0,"gold_gain":99.0,"event_name":"Nest","player_choice":"Stole From Cult","floor":19.0,"gold_loss":0.0,"damage_taken":0.0},{"damage_healed":0.0,"max_hp_gain":5.0,"max_hp_loss":0.0,"gold_gain":0.0,"event_name":"Forgotten Altar","player_choice":"Shed Blood","floor":20.0,"gold_loss":0.0,"damage_taken":20.0},{"damage_healed":0.0,"max_hp_gain":0.0,"max_hp_loss":0.0,"gold_gain":0.0,"event_name":"Cursed Tome","player_choice":"Obtained Book","floor":21.0,"gold_loss":0.0,"damage_taken":16.0},{"damage_healed":0.0,"max_hp_gain":0.0,"max_hp_loss":0.0,"gold_gain":0.0,"event_name":"The Mausoleum","player_choice":"Ignored","floor":22.0,"gold_loss":0.0,"damage_taken":0.0},{"damage_healed":0.0,"max_hp_gain":0.0,"max_hp_loss":0.0,"gold_gain":0.0,"event_name":"Back to Basics","player_choice":"Simplicity","floor":31.0,"gold_loss":0.0,"damage_taken":0.0,"cards_upgraded":["Strike_G","Strike_G","Defend_G","Defend_G","Defend_G","Defend_G","Defend_G"]},{"damage_healed":0.0,"max_hp_gain":0.0,"max_hp_loss":0.0,"gold_gain":0.0,"event_name":"Mysterious Sphere","player_choice":"Fight","floor":36.0,"gold_loss":0.0,"damage_taken":0.0},{"damage_healed":0.0,"max_hp_gain":0.0,"max_hp_loss":0.0,"gold_gain":0.0,"event_name":"The Woman in Blue","player_choice":"Bought 0 Potions","floor":37.0,"gold_loss":0.0,"damage_taken":0.0}],"is_beta":false,"boss_relics":[{"not_picked":["Black Star","Fusion Hammer"],"picked":"Sozu"},{"not_picked":["Cursed Key","Velvet Choker"],"picked":"HoveringKite"}],"items_purged_floors":[39,42,53],"is_endless":false,"potions_floor_spawned":[3,4,5,8,11,16,18,27,30,41,44,45,48],"ascension_level":1}}