{"host":"dth8fvkfiulu86fi","time":1608984792,"event":{"mods":["2.2 Compatiblity","AchievementEnabler","BaseMod","Better Third Choice","Colored Map","Colored Powertips","Minty Spire (QoL Compilation)","Rare Cards Sparkle","StSLib","SuperFastMode","Synergy Search"],"gold_per_floor":[114,129,144,52,52,82,97,21,21,36,111,111,130,11,11,136,136,155,155,80,99,118,137,137,87,112,112,150,169,6,25,25,150,150,169,188,188,188],"floor_reached":37,"playtime":1858,"items_purged":["Shame"],"score":393,"play_id":"41559db3-785a-4304-8734-168474b5f3ed","local_time":"20201226131312","daily_mods":["SealedDeck","Diverse","Binary"],"is_ascension_mode":false,"campfire_choices":[{"floor":15,"key":"REST"},{"floor":24,"key":"REST"},{"floor":32,"key":"REST"}],"circlet_count":0,"master_deck":["Halt","Warcry","PiercingWail","Perfected Strike","Iron Wave","Deadly Poison","Beam Cell","Turbo","Reckless Charge","Deflect","Turbo","Streamline","Dark Shackles","Cleave","BootSequence","Deflect","Mind Blast","Consecrate","Adrenaline","Deep Breath","Deadly Poison+1","Turbo","Regret","Flame Barrier+1","Bane","All For One","Cleave+1","Adrenaline","Flex"],"relics":["Burning Blood","Blood Vial","PreservedInsect","Sundial","Golden Idol","Cursed Key","Bronze Scales","Champion Belt","SlaversCollar"],"acts_visited":["Exordium","TheCity","TheBeyond"],"potions_floor_usage":[7,18,23,28,33,33,35,37],"damage_taken":[{"damage":5,"enemies":"Cultist","floor":1,"turns":4},{"damage":2,"enemies":"Small Slimes","floor":2,"turns":4},{"damage":0,"enemies":"2 Louse","floor":3,"turns":2},{"damage":32,"enemies":"Lagavulin","floor":6,"turns":7},{"damage":2,"enemies":"Large Slime","floor":7,"turns":4},{"damage":7,"enemies":"Gremlin Gang","floor":10,"turns":4},{"damage":0,"enemies":"2 Fungi Beasts","floor":13,"turns":2},{"damage":47,"enemies":"Slime Boss","floor":16,"turns":11},{"damage":0,"enemies":"Chosen","floor":18,"turns":5},{"damage":32,"enemies":"Shell Parasite","floor":21,"turns":7},{"damage":12,"enemies":"Chosen and Byrds","floor":22,"turns":7},{"damage":28,"enemies":"Centurion and Healer","floor":23,"turns":7},{"damage":8,"enemies":"Book of Stabbing","floor":28,"turns":3},{"damage":20,"enemies":"Shelled Parasite and Fungi","floor":29,"turns":6},{"damage":30,"enemies":"Snake Plant","floor":31,"turns":4},{"damage":79,"enemies":"Collector","floor":33,"turns":10},{"damage":36,"enemies":"3 Darklings","floor":35,"turns":5},{"damage":24,"enemies":"Orb Walker","floor":36,"turns":4},{"damage":53,"enemies":"2 Orb Walkers","floor":37,"turns":4}],"seed_played":"5451747836825439005","potions_obtained":[{"floor":3,"key":"Energy Potion"},{"floor":6,"key":"SneckoOil"},{"floor":7,"key":"Energy Potion"},{"floor":13,"key":"CultistPotion"},{"floor":21,"key":"Dexterity Potion"},{"floor":22,"key":"SteroidPotion"},{"floor":23,"key":"ColorlessPotion"},{"floor":29,"key":"FairyPotion"},{"floor":33,"key":"BloodPotion"},{"floor":36,"key":"DuplicationPotion"}],"is_trial":false,"path_per_floor":["M","M","M","$","?","E","M","$","T","M","?","?","M","$","R","B",null,"M","?","$","M","M","M","R","?","T","$","E","M","$","M","R","B",null,"M","M","?"],"character_chosen":"IRONCLAD","items_purchased":["Dark Shackles","BootSequence","Mind Blast","Consecrate","All For One"],"campfire_rested":3,"item_purchase_floors":[4,8,14,14,30],"current_hp_per_floor":[80,80,80,80,80,54,60,60,60,61,50,50,58,58,74,33,74,74,74,74,48,44,24,46,46,46,46,46,34,34,12,34,7,74,58,42,0,0],"gold":188,"neow_bonus":"","is_daily":true,"chose_seed":false,"campfire_upgraded":0,"win_rate":0.0,"timestamp":1608984792,"path_taken":["M","?","M","$","?","E","M","?","T","M","?","?","M","$","R","BOSS","M","?","$","?","M","M","R","?","T","?","E","M","$","M","R","BOSS","M","M","?"],"items_purchased_type":["Card","Card","Card","Card","Card"],"build_version":"2020-12-22","purchased_purges":1,"victory":false,"max_hp_per_floor":[80,80,80,80,80,80,80,80,80,80,80,74,74,74,74,74,74,74,74,74,74,74,74,74,74,74,74,74,74,74,74,74,74,74,74,74,74,74],"card_choices":[{"not_picked":["Riddle With Holes"],"picked":"Turbo","floor":1},{"not_picked":["CarveReality"],"picked":"Streamline","floor":2},{"not_picked":["TalkToTheHand","Pommel Strike"],"picked":"SKIP","floor":3},{"not_picked":["Turbo"],"picked":"Cleave","floor":6},{"not_picked":["Inflame","Pray"],"picked":"SKIP","floor":7},{"not_picked":["Ball Lightning","SandsOfTime"],"picked":"SKIP","floor":10},{"not_picked":["Redo"],"picked":"Deflect","floor":13},{"not_picked":["Impervious"],"picked":"Adrenaline","floor":16},{"not_picked":["Coolheaded","Concentrate+1"],"picked":"SKIP","floor":18},{"not_picked":["CarveReality"],"picked":"Deadly Poison+1","floor":21},{"not_picked":["Dagger Throw+1"],"picked":"Turbo","floor":22},{"not_picked":["Bouncing Flask","Cloak And Dagger"],"picked":"SKIP","floor":23},{"not_picked":["Bane"],"picked":"Flame Barrier+1","floor":28},{"not_picked":["Wild Strike"],"picked":"Bane","floor":29},{"not_picked":["Warcry+1"],"picked":"Cleave+1","floor":31},{"not_picked":["Exhume"],"picked":"Adrenaline","floor":33},{"not_picked":["Shrug It Off"],"picked":"Flex","floor":35},{"not_picked":["Outmaneuver","Escape Plan"],"picked":"SKIP","floor":36}],"player_experience":1119492,"relics_obtained":[{"floor":6,"key":"PreservedInsect"},{"floor":9,"key":"Sundial"},{"floor":26,"key":"Bronze Scales"},{"floor":28,"key":"Champion Belt"}],"event_choices":[{"damage_healed":0,"gold_gain":0,"player_choice":"Gave Potion","damage_taken":0,"relics_obtained":["Blood Vial"],"max_hp_gain":0,"max_hp_loss":0,"event_name":"WeMeetAgain","floor":5,"gold_loss":0},{"damage_healed":0,"gold_gain":75,"player_choice":"Gold","damage_taken":11,"max_hp_gain":0,"max_hp_loss":0,"event_name":"betterThird:BetterGoop","floor":11,"gold_loss":0},{"damage_healed":0,"gold_gain":0,"player_choice":"Lose Max HP","damage_taken":0,"relics_obtained":["Golden Idol"],"max_hp_gain":0,"max_hp_loss":6,"event_name":"Golden Idol","floor":12,"gold_loss":0},{"damage_healed":0,"gold_gain":0,"player_choice":"2 cards matched","damage_taken":0,"max_hp_gain":0,"max_hp_loss":0,"event_name":"Match and Keep!","floor":19,"gold_loss":0,"cards_obtained":["Shame","Deep Breath"]},{"damage_healed":0,"gold_gain":0,"player_choice":"Bet on Owner","damage_taken":0,"max_hp_gain":0,"max_hp_loss":0,"event_name":"The Joust","floor":25,"gold_loss":50},{"damage_healed":0,"gold_gain":0,"player_choice":"Fight","damage_taken":0,"max_hp_gain":0,"max_hp_loss":0,"event_name":"Mysterious Sphere","floor":37,"gold_loss":0}],"is_beta":false,"boss_relics":[{"not_picked":["Runic Cube","Velvet Choker"],"picked":"Cursed Key"},{"not_picked":["Fusion Hammer","Coffee Dripper"],"picked":"SlaversCollar"}],"items_purged_floors":[20],"is_endless":false,"potions_floor_spawned":[3,6,7,13,21,22,23,29,33,36],"killed_by":"2 Orb Walkers","ascension_level":0}}