{"host":"g9y2ptialarrkhtq","time":1608976342,"event":{"mods":["BaseMod","Conspire","Jedi Mod","Minty Spire (QoL Compilation)","Replay The Spire","StSLib","≤–¡Ù÷ÆŒÔ"],"gold_per_floor":[117,67,80,5,78,108,108,140,140,158,178,207,223,223,223,343,343,362,362,377,397,397,428,241,241,241,241,281,294,309,43,43,168,168,187,202,77,102,145,184,184,217,240,240,253,253,103,122,122,122,122,122,24,64,64],"floor_reached":56,"playtime":9393,"items_purged":["PlaceholderMod:BaseStrike","PlaceholderMod:BaseStrike","PlaceholderMod:BaseStrike","PlaceholderMod:BaseDefend"],"score":1681,"play_id":"99bc5b56-42cd-4f89-aec9-18ad8e2050a7","local_time":"20201226175222","is_ascension_mode":true,"campfire_choices":[{"data":"PlaceholderMod:Assimilation","floor":7.0,"key":"SMITH"},{"floor":15.0,"key":"REST"},{"floor":25.0,"key":"REST"},{"floor":27.0,"key":"REST"},{"floor":32.0,"key":"REST"},{"floor":41.0,"key":"RECALL"},{"floor":49,"key":"DIG"},{"floor":52,"key":"REST"}],"circlet_count":0,"master_deck":["PlaceholderMod:BaseDefend","PlaceholderMod:BaseDefend","PlaceholderMod:BaseDefend","PlaceholderMod:BaseDefend+1","PlaceholderMod:Crystal+1","PlaceholderMod:Hyperplasia","PlaceholderMod:HardStrike","PlaceholderMod:Assimilation+1","PlaceholderMod:NutritionAbsorb+1","PlaceholderMod:ParasiteChange+1","PlaceholderMod:Activation+1","PlaceholderMod:HardStrike+1","PlaceholderMod:SubstitutionNucleophilic1","PlaceholderMod:Break","PlaceholderMod:Eat","conspire:Banana","PlaceholderMod:EvolutionSpray","PlaceholderMod:Hard+1","Panache","PlaceholderMod:HighConcentration","PlaceholderMod:Activation","PlaceholderMod:Break","PlaceholderMod:EvolutionSpray+1","PlaceholderMod:InnerStable+1","PlaceholderMod:Colorful"],"relics":["PlaceholderMod:Tancle","NeowsBlessing","Shuriken","Gremlin Food","jedi:gremlinknob","Gremlin Horn","Mummified Hand","Golden Idol","Fusion Hammer","jedi:angrymask","conspire:BottledYoYo","Snack Pack","Empty Cage","conspire:DecoderRing","PlaceholderMod:DaolothFragment","Anchor","ReplayTheSpireMod:Lightbulb","conspire:TopHat"],"acts_visited":["Exordium","TheCity","TheBeyond","TheEnding"],"potions_floor_usage":[53,54],"damage_taken":[{"damage":0.0,"enemies":"Small Slimes","floor":1.0,"turns":1.0},{"damage":0.0,"enemies":"Jaw Worm","floor":3.0,"turns":1.0},{"damage":0.0,"enemies":"3 Sentries","floor":6.0,"turns":1.0},{"damage":35.0,"enemies":"Lagavulin","floor":8.0,"turns":7.0},{"damage":0.0,"enemies":"conspire:RoseBush","floor":10.0,"turns":3.0},{"damage":4.0,"enemies":"conspire:2 RoseBushes","floor":11.0,"turns":7.0},{"damage":8.0,"enemies":"3 Sentries","floor":12.0,"turns":8.0},{"damage":7.0,"enemies":"Exordium Thugs","floor":13.0,"turns":6.0},{"damage":45.0,"enemies":"Slime Boss","floor":16.0,"turns":11.0},{"damage":15.0,"enemies":"conspire:FuzzyDice","floor":18.0,"turns":8.0},{"damage":1.0,"enemies":"3 Byrds","floor":20.0,"turns":4.0},{"damage":2.0,"enemies":"Centurion and Healer","floor":21.0,"turns":5.0},{"damage":5.0,"enemies":"Replay:Snechameleon","floor":23.0,"turns":6.0},{"damage":0.0,"enemies":"Gremlin Leader","floor":28.0,"turns":3.0},{"damage":3.0,"enemies":"Snake Plant","floor":29.0,"turns":4.0},{"damage":10.0,"enemies":"Cultist and Chosen","floor":30.0,"turns":5.0},{"damage":6.0,"enemies":"Pondfish","floor":33.0,"turns":10.0},{"damage":20.0,"enemies":"3 Darklings","floor":35.0,"turns":3.0},{"damage":0.0,"enemies":"Orb Walker","floor":36.0,"turns":3.0},{"damage":0.0,"enemies":"Jaw Worm Horde","floor":38.0,"turns":3.0},{"damage":12.0,"enemies":"conspire:MimicChest","floor":39.0,"turns":7.0},{"damage":12.0,"enemies":"R_Hoarder","floor":40.0,"turns":4.0},{"damage":0.0,"enemies":"Reptomancer","floor":42.0,"turns":4.0},{"damage":0,"enemies":"3 Darklings","floor":45,"turns":3},{"damage":0,"enemies":"Sphere and 2 Shapes","floor":48,"turns":2},{"damage":0,"enemies":"Awakened One","floor":50,"turns":8},{"damage":5,"enemies":"Shield and Spear","floor":54,"turns":4},{"damage":60,"enemies":"The Heart","floor":55,"turns":8}],"seed_played":"-1088288388353610405","potions_obtained":[{"floor":6.0,"key":"Strength Potion"},{"floor":10.0,"key":"Cursed Concoction"},{"floor":12.0,"key":"PlaceholderMod:PlaceholderPotion"},{"floor":16.0,"key":"FearPotion"},{"floor":18.0,"key":"Doom Potion"},{"floor":20.0,"key":"Regen Potion"},{"floor":30.0,"key":"Dexterity Potion"},{"floor":33.0,"key":"LifebloodPotion"},{"floor":38.0,"key":"Energy Potion"},{"floor":39.0,"key":"Swift Potion"},{"floor":42.0,"key":"LifebloodPotion"}],"is_trial":false,"path_per_floor":["M","?","M","$","T","E","R","E","T","M","M","E","M","?","R","B",null,"M","?","M","M","?","E","$","R","T","R","E","M","M","$","R","B",null,"M","M","$","M","?","E","R","E","T","?","M","?","$","M","R","B",null,"R","$","E","B",null],"character_chosen":"THE_PLACEHOLDER","items_purchased":["conspire:Banana","Panache","PlaceholderMod:HighConcentration","Fruit Juice"],"campfire_rested":5,"item_purchase_floors":[24,31,31,53],"current_hp_per_floor":[78,78,78,78,78,78,78,48,48,53,54,51,49,24,54,9,103,93,93,97,100,100,100,100,123,123,123,124,127,121,121,131,131,132,113,120,120,134,133,130,130,143,143,136,137,137,137,142,142,148,148,148,153,153,109],"gold":64,"neow_bonus":"THREE_ENEMY_KILL","is_daily":false,"chose_seed":false,"campfire_upgraded":1,"win_rate":0.0,"timestamp":1608976342,"path_taken":["M","?","M","$","?","E","R","E","T","M","M","E","?","?","R","BOSS","M","?","M","?","?","E","$","R","T","R","E","M","M","$","R","BOSS","M","M","$","M","?","E","R","E","T","?","?","?","?","M","R","BOSS","R","$","E","BOSS"],"items_purchased_type":["Card","Card","Card","Potion"],"build_version":"2020-12-22","purchased_purges":4,"victory":true,"max_hp_per_floor":[78,78,78,78,78,78,78,83,83,88,93,98,103,103,103,103,103,108,108,113,118,118,123,123,123,123,123,124,130,131,131,131,132,132,133,134,134,140,141,142,142,143,143,136,137,137,137,142,142,148,148,148,153,154,155],"card_choices":[{"not_picked":["PlaceholderMod:ConsolidateHit","PlaceholderMod:Polyp"],"picked":"PlaceholderMod:Hyperplasia","floor":1.0},{"not_picked":["PlaceholderMod:Turn","PlaceholderMod:SubstitutionNucleophilic1"],"picked":"PlaceholderMod:HardStrike","floor":3.0},{"not_picked":["PlaceholderMod:SpinBlade","PlaceholderMod:PoisonAbsorb"],"picked":"PlaceholderMod:Assimilation","floor":6.0},{"not_picked":["PlaceholderMod:TriggerStrike","PlaceholderMod:Sweep","PlaceholderMod:StrongAcid"],"picked":"SKIP","floor":8.0},{"not_picked":["PlaceholderMod:ProliferateStrike","PlaceholderMod:StrongAcid"],"picked":"PlaceholderMod:NutritionAbsorb","floor":10.0},{"not_picked":["PlaceholderMod:OHStrongAttack","PlaceholderMod:PoisonAbsorb","PlaceholderMod:AngryAttack"],"picked":"SKIP","floor":11.0},{"not_picked":["PlaceholderMod:SeverePoisonStrike","PlaceholderMod:ProliferateStrike","PlaceholderMod:EnergyAbsorb"],"picked":"SKIP","floor":12.0},{"not_picked":["PlaceholderMod:SeverePoisonStrike","PlaceholderMod:TriggerStrike"],"picked":"PlaceholderMod:ParasiteChange","floor":13.0},{"not_picked":["PlaceholderMod:CorePoison","PlaceholderMod:QualitativeChange"],"picked":"PlaceholderMod:Activation","floor":16.0},{"not_picked":["PlaceholderMod:StressReaction","PlaceholderMod:PoisonExcitation+1"],"picked":"PlaceholderMod:HardStrike","floor":18.0},{"not_picked":["PlaceholderMod:EnergyAbsorb","PlaceholderMod:OHStrongAttack+1","PlaceholderMod:PoisonExcitation+1"],"picked":"SKIP","floor":20.0},{"not_picked":["PlaceholderMod:HighConcentration","PlaceholderMod:ConsolidateHit+1"],"picked":"PlaceholderMod:SubstitutionNucleophilic1","floor":21.0},{"not_picked":["PlaceholderMod:DirectingGroup","PlaceholderMod:DissolvingSpikes"],"picked":"PlaceholderMod:Eat","floor":23.0},{"not_picked":["PlaceholderMod:InnerSoften","PlaceholderMod:ComplexForm"],"picked":"PlaceholderMod:EvolutionSpray","floor":28.0},{"not_picked":["PlaceholderMod:PoisonBlast","PlaceholderMod:FastReaction+1","PlaceholderMod:TriggerStrike"],"picked":"SKIP","floor":29.0},{"not_picked":["PlaceholderMod:PoisonAbsorb","PlaceholderMod:InnerStable"],"picked":"PlaceholderMod:Hard+1","floor":30.0},{"not_picked":["PlaceholderMod:Inner","PlaceholderMod:HornyCollision"],"picked":"PlaceholderMod:Activation","floor":33.0},{"not_picked":["PlaceholderMod:Turn+1","PlaceholderMod:AttackAsDefend","PlaceholderMod:CycleAttack+1"],"picked":"SKIP","floor":35.0},{"not_picked":["PlaceholderMod:Sweep","PlaceholderMod:ParasiteChange","PlaceholderMod:StrongAcid"],"picked":"SKIP","floor":36.0},{"not_picked":["PlaceholderMod:Sweep","PlaceholderMod:ParasiteChange","PlaceholderMod:StrongAcid"],"picked":"SKIP","floor":36.0},{"not_picked":["PlaceholderMod:Sweep","PlaceholderMod:ParasiteChange","PlaceholderMod:StrongAcid"],"picked":"SKIP","floor":36.0},{"not_picked":["PlaceholderMod:OHStrongAttack+1","PlaceholderMod:SubstitutionNucleophilic1"],"picked":"PlaceholderMod:Break","floor":38.0},{"not_picked":["PlaceholderMod:Corrosion+1","PlaceholderMod:EnergyAbsorb"],"picked":"PlaceholderMod:EvolutionSpray+1","floor":39.0},{"not_picked":["PlaceholderMod:Stratification","PlaceholderMod:Polyp+1"],"picked":"PlaceholderMod:InnerStable+1","floor":40.0},{"not_picked":["PlaceholderMod:DissolvingSpikes","PlaceholderMod:Sweep","PlaceholderMod:OHStrongAttack"],"picked":"SKIP","floor":42.0},{"not_picked":["PlaceholderMod:Polyp","PlaceholderMod:AttackAsDefend"],"picked":"PlaceholderMod:Colorful","floor":45},{"not_picked":["PlaceholderMod:CycleAttack","PlaceholderMod:AngryAttack+1","PlaceholderMod:DiffusionChemical"],"picked":"SKIP","floor":48},{"not_picked":["PlaceholderMod:SubstitutionNucleophilic1+1","PlaceholderMod:EnergyAbsorb","PlaceholderMod:CrystallizationStrike"],"picked":"SKIP","floor":54}],"player_experience":107116,"relics_obtained":[{"floor":5.0,"key":"Shuriken"},{"floor":6.0,"key":"Gremlin Food"},{"floor":8.0,"key":"jedi:gremlinknob"},{"floor":9.0,"key":"Gremlin Horn"},{"floor":12.0,"key":"Mummified Hand"},{"floor":23.0,"key":"jedi:angrymask"},{"floor":26.0,"key":"conspire:BottledYoYo"},{"floor":28.0,"key":"Snack Pack"},{"floor":39.0,"key":"conspire:DecoderRing"},{"floor":40.0,"key":"PlaceholderMod:DaolothFragment"},{"floor":42.0,"key":"Anchor"},{"floor":49,"key":"ReplayTheSpireMod:Lightbulb"},{"floor":54,"key":"conspire:TopHat"}],"event_choices":[{"cards_removed":["PlaceholderMod:PoisonWhip"],"damage_healed":0.0,"max_hp_gain":0.0,"max_hp_loss":0.0,"gold_gain":0.0,"event_name":"The Cleric","player_choice":"Card Removal","floor":2.0,"gold_loss":50.0,"damage_taken":0.0},{"damage_healed":0.0,"max_hp_gain":0.0,"max_hp_loss":0.0,"gold_gain":0.0,"event_name":"Golden Idol","player_choice":"Take Damage","floor":14.0,"gold_loss":0.0,"damage_taken":25.0,"relics_obtained":["Golden Idol"]},{"damage_healed":0.0,"max_hp_gain":0.0,"max_hp_loss":0.0,"gold_gain":0.0,"event_name":"Upgrade Shrine","player_choice":"Upgraded","floor":19.0,"gold_loss":0.0,"damage_taken":0.0,"cards_upgraded":["PlaceholderMod:Activation"]},{"damage_healed":0.0,"max_hp_gain":0.0,"max_hp_loss":0.0,"gold_gain":0.0,"event_name":"The Library","player_choice":"Read","floor":22.0,"gold_loss":0.0,"damage_taken":0.0,"cards_obtained":["PlaceholderMod:Break"]},{"damage_healed":0.0,"max_hp_gain":0.0,"max_hp_loss":7.0,"gold_gain":0.0,"event_name":"Winding Halls","player_choice":"Max HP","floor":44.0,"gold_loss":0.0,"damage_taken":0.0},{"damage_healed":0,"gold_gain":0,"player_choice":"Leave","damage_taken":0,"max_hp_gain":0,"max_hp_loss":0,"event_name":"conspire:Investor","floor":46,"gold_loss":0}],"is_beta":false,"boss_relics":[{"not_picked":["Sozu","Busted Crown"],"picked":"Fusion Hammer"},{"not_picked":["Runic Dome","jedi:battlestandard"],"picked":"Empty Cage"}],"items_purged_floors":[4,24,37,47],"is_endless":false,"potions_floor_spawned":[6,10,12,16,18,20,30,33,38,39,40,42,45],"ascension_level":1}}