{"host":"bvr4vhlu71s3njyz","time":1608951096,"event":{"mods":["2.2 Compatiblity","AchievementEnabler","Act Like it!","Aspiration","Astrologer","Bard","BaseMod","Beaked The Cultist","Better Altar","Better Match","Better Note","Better Sensory Stone","Better Skull","Better Third Choice","CCEM","Conjunction","Downfall","Fiend Mod","Friendly Minions","Gremlin Mod","Hallownest","Hermit","Hubris","Infinite Spire","Jorbs\u0027s Wanderer Trilogy","Mad Scientist","Mimic Mod","Minty Spire (QoL Compilation)","Potionbrewer","Quarter Circle Forward PUNCH!","QueenMod","Replay The Spire","Robot Space Explorer","Shade Mod","Shedinja","Slumbering Mod","StSLib","The Blackbeard","The Bladedancer","The Bug Knight","The Clintock","The Construct","The Cursed","The Dragon Tamer","The Exalted","The Forsaken","The Hayseed","The Hierophant","The Judge","The Mystic","The Necromancer","The Poker Player","The Runesmith","The Sage","The Showman","TheArtist","TheFirefly","TheLocksmith","Trackpad","Wandering Minibosses","thorton","vexMod"],"gold_per_floor":[112,123,123,123,143,143,162,190,238,238,252,269,269,108,108,208,208,178,278,278,289,289,289,309,309,309,309,323,323,323,323],"floor_reached":30,"playtime":2714,"items_purged":[],"score":230,"play_id":"6d43e962-5b12-4e3c-91c5-6058b26fb765","local_time":"20201225215136","is_ascension_mode":false,"campfire_choices":[{"floor":10,"key":"REST"},{"floor":13,"key":"REST"},{"data":"QueenMod:Recruit","floor":15,"key":"SMITH"},{"data":"QueenMod:PollenBlast","floor":23,"key":"SMITH"},{"floor":25,"key":"REST"}],"circlet_count":0,"master_deck":["QueenMod:Strike","QueenMod:Strike","QueenMod:Defend","QueenMod:Defend","QueenMod:Defend","QueenMod:Defend","QueenMod:QuickJabs","QueenMod:Recruit+1","QueenMod:Conscripts","QueenMod:Conscripts","QueenMod:Conscripts","QueenMod:HexGuard","Shedinja:AerialAce+1","QueenMod:DefendOrder+1","QueenMod:Parry","Hemogenesis","QueenMod:HoldPosition","QueenMod:CrossGuard+1","QueenMod:BusyBees+1","QueenMod:Charge","QueenMod:ChainStrike","QueenMod:RoyalOrder+1","QueenMod:HoneycombSmash","QueenMod:WarriorDrones","QueenMod:Recruit+1","QueenMod:PollenBlast+1","QueenMod:Gather+1","QueenMod:SplitStrike","QueenMod:RoyalBanquet"],"relics":["QueenMod:QueensBanner","aspiration:Nostalgia","m_ByrdBlood","Shedinja:EnergyLoss","Vajra","Juzu Bracelet","vexMod:ImprovementManual","potionbrewer:WarMedal"],"acts_visited":["Exordium","TheCity"],"potions_floor_usage":[8,8,24],"damage_taken":[{"damage":0,"enemies":"Cultist","floor":1,"turns":5},{"damage":2,"enemies":"2 Louse","floor":2,"turns":3},{"damage":2,"enemies":"Small Slimes","floor":5,"turns":5},{"damage":9,"enemies":"Exordium Wildlife","floor":7,"turns":8},{"damage":65,"enemies":"Gremlin Nob","floor":8,"turns":7},{"damage":0,"enemies":"2 Fungi Beasts","floor":11,"turns":5},{"damage":5,"enemies":"Lots of Slimes","floor":12,"turns":8},{"damage":23,"enemies":"The Guardian","floor":16,"turns":20},{"damage":24,"enemies":"2 Thieves","floor":18,"turns":5},{"damage":12,"enemies":"Chosen","floor":21,"turns":6},{"damage":49,"enemies":"Centurion and Healer","floor":24,"turns":15},{"damage":32,"enemies":"3 Cultists","floor":28,"turns":7},{"damage":19,"enemies":"Cultist and Chosen","floor":30,"turns":6}],"seed_played":"-5977832940536604626","potions_obtained":[{"floor":1,"key":"ColorlessPotion"},{"floor":5,"key":"potionbrewer:InfectionPotion"},{"floor":16,"key":"FearPotion"},{"floor":22,"key":"Adrenaline Potion"},{"floor":22,"key":"Strength Potion"}],"is_trial":false,"path_per_floor":["M","M","?","?","M","?","M","E","T","R","M","M","R","$","R","B",null,"M","?","?","M","?","R","M","R","T","?","M","?","M"],"character_chosen":"THE_QUEEN","items_purchased":["QueenMod:BusyBees","QueenMod:Charge","QueenMod:ChainStrike"],"campfire_rested":3,"item_purchase_floors":[14,14,14],"current_hp_per_floor":[75,75,75,75,75,75,72,13,13,35,43,46,68,68,68,53,75,57,57,57,61,61,61,20,42,42,42,18,18,1,1],"gold":323,"neow_bonus":"NOSTALGIA","is_daily":false,"chose_seed":false,"campfire_upgraded":2,"win_rate":0.0,"timestamp":1608951096,"path_taken":["M","M","?","?","M","?","M","E","T","R","M","M","R","$","R","BOSS","M","?","?","M","?","R","M","R","T","?","M","?","M"],"items_purchased_type":["Card","Card","Card"],"build_version":"2020-12-22","purchased_purges":0,"victory":false,"max_hp_per_floor":[75,75,75,75,75,75,75,75,75,75,75,75,75,75,75,75,75,75,75,75,75,75,75,75,75,75,75,75,75,75,75],"card_choices":[{"not_picked":["Heavy Blade","QueenMod:HonorGuard"],"picked":"QueenMod:Conscripts","floor":1},{"not_picked":["QueenMod:PollenBlast","QueenMod:Beekeeping"],"picked":"QueenMod:HexGuard","floor":2},{"not_picked":["beaked:Resilience","QueenMod:Charge"],"picked":"QueenMod:DefendOrder","floor":5},{"not_picked":["QueenMod:Ambush","beaked:Resilience"],"picked":"QueenMod:Parry","floor":7},{"not_picked":["Heavy Blade","QueenMod:HoneycombSmash"],"picked":"Hemogenesis","floor":8},{"not_picked":["QueenMod:PollenBlast","QueenMod:Ravage"],"picked":"QueenMod:HoldPosition","floor":11},{"not_picked":["QueenMod:Ravage","QueenMod:Rally"],"picked":"QueenMod:CrossGuard","floor":12},{"not_picked":["QueenMod:HoneyShield","Reaper"],"picked":"QueenMod:RoyalOrder","floor":16},{"not_picked":["QueenMod:WarTrumpet","QueenMod:Charge"],"picked":"QueenMod:HoneycombSmash","floor":18},{"not_picked":["QueenMod:Regroup","QueenMod:HoldPosition"],"picked":"QueenMod:WarriorDrones","floor":19},{"not_picked":["QueenMod:WarriorDrones","QueenMod:CrossGuard"],"picked":"QueenMod:PollenBlast","floor":21},{"not_picked":["QueenMod:PollenBlast","QueenMod:PheremoneSwap"],"picked":"QueenMod:Gather+1","floor":24},{"not_picked":["QueenMod:Gather+1","QueenMod:Flyby"],"picked":"QueenMod:RoyalBanquet","floor":28}],"player_experience":1248544,"relics_obtained":[{"floor":8,"key":"Vajra"},{"floor":9,"key":"Juzu Bracelet"},{"floor":26,"key":"potionbrewer:WarMedal"}],"event_choices":[{"damage_healed":0,"gold_gain":0,"player_choice":"Copied","damage_taken":0,"max_hp_gain":0,"max_hp_loss":0,"event_name":"Duplicator","floor":20,"gold_loss":0,"cards_obtained":["QueenMod:Recruit"]},{"damage_healed":0,"gold_gain":0,"player_choice":"Got Potions","damage_taken":0,"max_hp_gain":0,"max_hp_loss":0,"event_name":"Lab","floor":22,"gold_loss":0},{"damage_healed":0,"gold_gain":0,"cards_transformed":["QueenMod:Strike"],"player_choice":"Transformed","damage_taken":0,"max_hp_gain":0,"max_hp_loss":0,"event_name":"Transmorgrifier","floor":27,"gold_loss":0,"cards_obtained":["QueenMod:SplitStrike"]}],"is_beta":false,"boss_relics":[{"not_picked":["aspiration:DefectSkillbook","SlaversCollar"],"picked":"vexMod:ImprovementManual"}],"items_purged_floors":[],"is_endless":false,"potions_floor_spawned":[1,5,16],"killed_by":"Cultist and Chosen","ascension_level":0}}