{"host":"0ueeacaatm8t6jyh","time":1608987435,"event":{"mods":["AchievementEnabler","BaseMod","Colored Powertips","Minty Spire (QoL Compilation)","Quick Restart","Rare Cards Sparkle","StSLib"],"gold_per_floor":[15,28,28,47,61,61,71,98,148,148,108,127,127,127,127,206,206,221,111,127,25,39,39,72,72,97,122,122,156,156,176,176,247,247,267,292,310,323,336,336,336],"floor_reached":40,"playtime":1866,"items_purged":[],"score":762,"play_id":"bef15450-a6fa-41c0-b1bd-9e8cde4d2ad2","local_time":"20201226205715","is_ascension_mode":true,"campfire_choices":[{"data":"Fiend Fire","floor":6.0,"key":"SMITH"},{"floor":10.0,"key":"REST"},{"floor":13.0,"key":"RECALL"},{"data":"Demon Form","floor":15.0,"key":"SMITH"},{"data":"Disarm","floor":23.0,"key":"SMITH"},{"floor":25.0,"key":"REST"},{"floor":28.0,"key":"REST"},{"floor":30.0,"key":"REST"},{"floor":32.0,"key":"REST"}],"circlet_count":0,"master_deck":["AscendersBane","Strike_R","Strike_R","Strike_R","Defend_R","Defend_R","Defend_R","Defend_R","Bash","Fiend Fire+1","Armaments+1","Wild Strike","Sentinel+1","Shrug It Off","Demon Form+1","Rampage","Inflame+1","Reaper","Wild Strike","Power Through+1","Whirlwind","Disarm+1","Heavy Blade","Reaper","Offering","Warcry","Parasite","Flex+1"],"relics":["Burning Blood","Matryoshka","Pantograph","Dream Catcher","Runic Pyramid","War Paint","MealTicket","Vajra","Art of War","Frozen Egg 2","Busted Crown","Du-Vu Doll"],"acts_visited":["Exordium","TheCity","TheBeyond"],"potions_floor_usage":[],"damage_taken":[{"damage":1.0,"enemies":"Cultist","floor":1.0,"turns":3.0},{"damage":0.0,"enemies":"Jaw Worm","floor":2.0,"turns":3.0},{"damage":0.0,"enemies":"Small Slimes","floor":4.0,"turns":3.0},{"damage":5.0,"enemies":"2 Fungi Beasts","floor":5.0,"turns":4.0},{"damage":1.0,"enemies":"3 Louse","floor":7.0,"turns":6.0},{"damage":32.0,"enemies":"Gremlin Nob","floor":8.0,"turns":5.0},{"damage":5.0,"enemies":"Blue Slaver","floor":12.0,"turns":6.0},{"damage":45.0,"enemies":"Slime Boss","floor":16.0,"turns":9.0},{"damage":0.0,"enemies":"Spheric Guardian","floor":18.0,"turns":1.0},{"damage":1.0,"enemies":"Shell Parasite","floor":20.0,"turns":3.0},{"damage":24.0,"enemies":"Snake Plant","floor":22.0,"turns":3.0},{"damage":36.0,"enemies":"Book of Stabbing","floor":24.0,"turns":4.0},{"damage":84.0,"enemies":"Slavers","floor":27.0,"turns":6.0},{"damage":28.0,"enemies":"Book of Stabbing","floor":29.0,"turns":4.0},{"damage":0.0,"enemies":"Shelled Parasite and Fungi","floor":31.0,"turns":4.0},{"damage":124.0,"enemies":"Automaton","floor":33.0,"turns":12.0},{"damage":27.0,"enemies":"Orb Walker","floor":35.0,"turns":4.0},{"damage":14.0,"enemies":"Mind Bloom Boss Battle","floor":36.0,"turns":6.0},{"damage":55.0,"enemies":"3 Shapes","floor":37.0,"turns":3.0},{"damage":40.0,"enemies":"Sphere and 2 Shapes","floor":38.0,"turns":8.0},{"damage":7.0,"enemies":"Writhing Mass","floor":39.0,"turns":6.0},{"damage":40,"enemies":"Giant Head","floor":40,"turns":6}],"seed_played":"-8348913473074349180","potions_obtained":[{"floor":4.0,"key":"BloodPotion"},{"floor":8.0,"key":"SteroidPotion"},{"floor":27.0,"key":"Ancient Potion"},{"floor":35.0,"key":"ColorlessPotion"},{"floor":37.0,"key":"SteroidPotion"}],"is_trial":false,"path_per_floor":["M","M","?","M","M","R","M","E","T","R","$","M","R","?","R","B",null,"M","$","M","$","M","R","E","R","T","E","R","E","R","M","R","B",null,"M","?","M","M","M","E"],"character_chosen":"IRONCLAD","items_purchased":["Inflame","Power Through","Whirlwind","FairyPotion"],"campfire_rested":5,"item_purchase_floors":[11,19,19,21],"current_hp_per_floor":[73,75,75,75,75,75,75,49,49,71,71,72,72,72,72,36,65,71,71,75,75,57,57,27,49,49,13,35,13,35,41,63,28,63,42,59,37,16,15,0,0],"gold":336,"neow_bonus":"TRANSFORM_TWO_CARDS","is_daily":false,"chose_seed":false,"campfire_upgraded":3,"win_rate":0.0,"timestamp":1608987435,"path_taken":["M","M","?","M","M","R","M","E","T","R","$","M","R","?","R","BOSS","M","$","?","$","M","R","E","R","T","E","R","E","R","?","R","BOSS","M","?","M","M","M","E"],"items_purchased_type":["Card","Card","Card","Potion"],"build_version":"2020-12-22","purchased_purges":0,"victory":false,"max_hp_per_floor":[75,75,75,75,75,75,75,75,75,75,75,75,75,75,75,75,75,75,75,75,75,75,75,75,75,75,75,75,75,75,75,75,75,75,75,75,75,75,75,75,75],"card_choices":[{"not_picked":["Headbutt","Second Wind"],"picked":"Wild Strike","floor":1.0},{"not_picked":["Iron Wave","Flex"],"picked":"Sentinel","floor":2.0},{"not_picked":["Headbutt","Body Slam"],"picked":"Shrug It Off","floor":4.0},{"not_picked":["Twin Strike","Warcry","Havoc"],"picked":"SKIP","floor":5.0},{"not_picked":["Brutality","True Grit","Clothesline"],"picked":"SKIP","floor":7.0},{"not_picked":["Entrench","Heavy Blade"],"picked":"Demon Form","floor":8.0},{"not_picked":["Second Wind","Twin Strike"],"picked":"Rampage","floor":10.0},{"not_picked":["Cleave","Warcry","Flex"],"picked":"SKIP","floor":12.0},{"not_picked":["Impervious","Bludgeon"],"picked":"Reaper","floor":16.0},{"not_picked":["Headbutt","Havoc"],"picked":"Wild Strike","floor":18.0},{"not_picked":["Perfected Strike","Warcry","Anger"],"picked":"SKIP","floor":20.0},{"not_picked":["Shrug It Off","Clothesline"],"picked":"Disarm","floor":22.0},{"not_picked":["Armaments","Body Slam+1","Wild Strike"],"picked":"SKIP","floor":24.0},{"not_picked":["Whirlwind","True Grit"],"picked":"Heavy Blade","floor":25.0},{"not_picked":["Pummel","Flex","Dropkick"],"picked":"SKIP","floor":27.0},{"not_picked":["Carnage","Power Through"],"picked":"Reaper","floor":29.0},{"not_picked":["Armaments","Searing Blow","Headbutt"],"picked":"SKIP","floor":31.0},{"not_picked":["Exhume","Feed"],"picked":"Offering","floor":33.0},{"not_picked":["Wild Strike"],"picked":"SKIP","floor":35.0},{"not_picked":[],"picked":"Warcry","floor":36.0},{"not_picked":["Whirlwind"],"picked":"SKIP","floor":37.0},{"not_picked":["Uppercut"],"picked":"SKIP","floor":38.0},{"not_picked":[],"picked":"Flex+1","floor":39.0}],"player_experience":311819,"relics_obtained":[{"floor":8.0,"key":"Matryoshka"},{"floor":9.0,"key":"Pantograph"},{"floor":9.0,"key":"Dream Catcher"},{"floor":24.0,"key":"War Paint"},{"floor":26.0,"key":"MealTicket"},{"floor":26.0,"key":"Vajra"},{"floor":27.0,"key":"Art of War"},{"floor":29.0,"key":"Frozen Egg 2"},{"floor":36.0,"key":"Du-Vu Doll"}],"event_choices":[{"damage_healed":0.0,"max_hp_gain":0.0,"max_hp_loss":0.0,"gold_gain":0.0,"event_name":"Living Wall","player_choice":"Grow","floor":3.0,"gold_loss":0.0,"damage_taken":0.0,"cards_upgraded":["Armaments"]},{"damage_healed":0.0,"max_hp_gain":0.0,"max_hp_loss":0.0,"gold_gain":0.0,"event_name":"Upgrade Shrine","player_choice":"Upgraded","floor":14.0,"gold_loss":0.0,"damage_taken":0.0,"cards_upgraded":["Inflame"]},{"damage_healed":0.0,"max_hp_gain":0.0,"max_hp_loss":0.0,"gold_gain":0.0,"event_name":"MindBloom","player_choice":"Fight","floor":36.0,"gold_loss":0.0,"damage_taken":0.0}],"is_beta":false,"boss_relics":[{"not_picked":["Cursed Key","Runic Cube"],"picked":"Runic Pyramid"},{"not_picked":["Philosopher\u0027s Stone","Runic Dome"],"picked":"Busted Crown"}],"items_purged_floors":[],"is_endless":false,"potions_floor_spawned":[4,8,12,27,29,31,35,37],"killed_by":"Giant Head","ascension_level":14}}