{"host":"nptej036rrbiurf5","time":1608993728,"event":{"mods":["BaseMod","Colored Map","Colored Powertips","DeckTracker","Minty Spire (QoL Compilation)","StSLib","SuperFastMode"],"gold_per_floor":[110,35,35,89,89,118,118,143,143,157,157,157,178,202,202,298,298,321,321,321,236,236,236,250,285,285,309,309,347,365,51,51,140,140,163,163,176,197,251,285,310,310,337,5,26,26,26],"floor_reached":46,"playtime":1630,"items_purged":["Strike_G","Defend_G","Endless Agony"],"score":1142,"play_id":"6d22103f-5e87-4e63-a910-3588808c3317","local_time":"20201226234208","is_ascension_mode":true,"campfire_choices":[{"data":"Crippling Poison","floor":7.0,"key":"SMITH"},{"data":"Bouncing Flask","floor":12.0,"key":"SMITH"},{"data":"Footwork","floor":15.0,"key":"SMITH"},{"floor":23.0,"key":"REST"},{"floor":28.0,"key":"REST"},{"floor":32.0,"key":"REST"},{"data":"Catalyst","floor":42,"key":"SMITH"}],"circlet_count":0,"master_deck":["AscendersBane","Defend_G","Defend_G","Defend_G","Survivor+1","Neutralize","Crippling Poison+1","Footwork+1","Bouncing Flask+1","Well Laid Plans","Prepared","Corpse Explosion","Dodge and Roll+1","Concentrate+1","Burst","Catalyst+1","Catalyst","Backflip+1","Tactician","Apotheosis","Deflect+1"],"relics":["Ring of the Snake","NeowsBlessing","Pen Nib","Lizard Tail","Matryoshka","Strawberry","Bottled Tornado","Golden Idol","Empty Cage","Bag of Preparation","Tiny Chest","Akabeko","Tough Bandages","PreservedInsect","DollysMirror","Sozu","War Paint","Gremlin Horn"],"acts_visited":["Exordium","TheCity","TheBeyond"],"potions_floor_usage":[33],"damage_taken":[{"damage":0.0,"enemies":"Small Slimes","floor":1.0,"turns":1.0},{"damage":0.0,"enemies":"3 Sentries","floor":6.0,"turns":2.0},{"damage":0.0,"enemies":"Lagavulin","floor":8.0,"turns":1.0},{"damage":0.0,"enemies":"Jaw Worm","floor":10.0,"turns":5.0},{"damage":0.0,"enemies":"2 Louse","floor":13.0,"turns":2.0},{"damage":6.0,"enemies":"2 Fungi Beasts","floor":14.0,"turns":3.0},{"damage":17.0,"enemies":"The Guardian","floor":16.0,"turns":8.0},{"damage":28.0,"enemies":"2 Thieves","floor":18.0,"turns":4.0},{"damage":0.0,"enemies":"3 Byrds","floor":24.0,"turns":2.0},{"damage":22.0,"enemies":"Book of Stabbing","floor":25.0,"turns":6.0},{"damage":28.0,"enemies":"Shelled Parasite and Fungi","floor":27.0,"turns":7.0},{"damage":20.0,"enemies":"Gremlin Leader","floor":29.0,"turns":6.0},{"damage":17.0,"enemies":"Cultist and Chosen","floor":30.0,"turns":5.0},{"damage":32,"enemies":"Champ","floor":33,"turns":5},{"damage":0,"enemies":"3 Shapes","floor":35,"turns":2},{"damage":0,"enemies":"Orb Walker","floor":37,"turns":3},{"damage":6,"enemies":"Maw","floor":38,"turns":5},{"damage":30,"enemies":"Reptomancer","floor":40,"turns":5},{"damage":0,"enemies":"Sphere and 2 Shapes","floor":41,"turns":3},{"damage":1,"enemies":"3 Darklings","floor":45,"turns":5},{"damage":24,"enemies":"Nemesis","floor":46,"turns":2}],"seed_played":"3072840350948151395","potions_obtained":[{"floor":13.0,"key":"Fire Potion"},{"floor":14.0,"key":"Swift Potion"},{"floor":18.0,"key":"AttackPotion"},{"floor":24.0,"key":"ColorlessPotion"},{"floor":29.0,"key":"Swift Potion"}],"is_trial":false,"path_per_floor":["M","$","?","T","?","E","R","E","T","M","?","R","M","M","R","B",null,"M","?","?","?","?","R","M","E","T","M","R","E","M","$","R","B",null,"M","?","M","M","T","E","M","R","T","$","M","E"],"character_chosen":"THE_SILENT","items_purchased":["DollysMirror","Energy Potion","Apotheosis"],"campfire_rested":3,"item_purchase_floors":[31,31,44],"current_hp_per_floor":[59,59,52,52,52,52,52,52,59,59,34,34,34,28,28,11,58,30,30,30,30,30,51,51,29,29,1,22,2,26,26,47,15,59,59,59,59,53,53,23,23,23,23,23,22,0,0],"gold":26,"neow_bonus":"THREE_ENEMY_KILL","is_daily":false,"chose_seed":false,"campfire_upgraded":4,"win_rate":0.0,"timestamp":1608993728,"path_taken":["M","$","?","?","?","E","R","E","T","M","?","R","M","M","R","BOSS","M","?","?","?","?","R","M","E","T","M","R","E","?","$","R","BOSS","M","?","M","?","?","E","M","R","T","$","?","E"],"items_purchased_type":["Relic","Potion","Card"],"build_version":"2020-12-22","purchased_purges":3,"victory":false,"max_hp_per_floor":[66,66,66,66,66,66,66,66,73,73,73,73,73,73,73,73,73,73,73,73,73,73,73,73,73,73,73,73,73,73,73,73,73,73,73,73,73,73,73,73,73,73,73,73,73,73,73],"card_choices":[{"not_picked":["Blade Dance","Endless Agony"],"picked":"Crippling Poison","floor":1.0},{"not_picked":["Backstab","Blade Dance"],"picked":"Endless Agony","floor":6.0},{"not_picked":["Flechettes","Distraction"],"picked":"Footwork","floor":8.0},{"not_picked":["Accuracy","Bane"],"picked":"Bouncing Flask","floor":10.0},{"not_picked":["Eviscerate","Outmaneuver"],"picked":"Well Laid Plans","floor":13.0},{"not_picked":["Slice","Masterful Stab"],"picked":"Prepared","floor":14.0},{"not_picked":["Die Die Die","Unload"],"picked":"Corpse Explosion","floor":16.0},{"not_picked":["Backflip","Underhanded Strike"],"picked":"Dodge and Roll+1","floor":18.0},{"not_picked":["Crippling Poison","Reflex"],"picked":"Poisoned Stab","floor":24.0},{"not_picked":["Envenom","Deadly Poison","A Thousand Cuts"],"picked":"SKIP","floor":25.0},{"not_picked":["Sucker Punch","Terror"],"picked":"Concentrate+1","floor":27.0},{"not_picked":["Reflex","Deflect"],"picked":"Burst","floor":29.0},{"not_picked":["Cloak And Dagger","Dagger Throw"],"picked":"Catalyst","floor":30.0},{"not_picked":["Poisoned Stab","Footwork","Dodge and Roll"],"picked":"SKIP","floor":35},{"not_picked":["Deadly Poison","Riddle With Holes","Accuracy"],"picked":"SKIP","floor":37},{"not_picked":["Underhanded Strike","Heel Hook+1"],"picked":"Backflip","floor":38},{"not_picked":["Storm of Steel","Footwork","Bane+1"],"picked":"SKIP","floor":40},{"not_picked":["Cloak And Dagger+1","Outmaneuver"],"picked":"Tactician","floor":41},{"not_picked":["Choke","Bane"],"picked":"Deflect+1","floor":45}],"player_experience":848135,"relics_obtained":[{"floor":4.0,"key":"Pen Nib"},{"floor":6.0,"key":"Lizard Tail"},{"floor":8.0,"key":"Matryoshka"},{"floor":9.0,"key":"Strawberry"},{"floor":9.0,"key":"Bottled Tornado"},{"floor":25.0,"key":"Tiny Chest"},{"floor":26.0,"key":"Akabeko"},{"floor":26.0,"key":"Tough Bandages"},{"floor":29.0,"key":"PreservedInsect"},{"floor":39,"key":"War Paint"},{"floor":40,"key":"Gremlin Horn"}],"event_choices":[{"cards_removed":["Strike_G"],"damage_healed":0.0,"max_hp_gain":0.0,"max_hp_loss":0.0,"gold_gain":0.0,"event_name":"Golden Wing","player_choice":"Card Removal","floor":3.0,"gold_loss":0.0,"damage_taken":7.0},{"cards_removed":["Defend_G"],"damage_healed":0.0,"max_hp_gain":0.0,"max_hp_loss":0.0,"gold_gain":0.0,"event_name":"Living Wall","player_choice":"Forget","floor":5.0,"gold_loss":0.0,"damage_taken":0.0},{"damage_healed":0.0,"max_hp_gain":0.0,"max_hp_loss":0.0,"gold_gain":0.0,"event_name":"Golden Idol","player_choice":"Take Damage","floor":11.0,"gold_loss":0.0,"damage_taken":25.0,"relics_obtained":["Golden Idol"]},{"damage_healed":0.0,"max_hp_gain":0.0,"max_hp_loss":0.0,"gold_gain":0.0,"event_name":"Vampires","player_choice":"Ignored","floor":19.0,"gold_loss":0.0,"damage_taken":0.0},{"cards_removed":["Strike_G"],"damage_healed":0.0,"max_hp_gain":0.0,"max_hp_loss":0.0,"gold_gain":0.0,"event_name":"Back to Basics","player_choice":"Elegance","floor":20.0,"gold_loss":0.0,"damage_taken":0.0},{"damage_healed":0.0,"max_hp_gain":0.0,"max_hp_loss":0.0,"gold_gain":0.0,"event_name":"Addict","player_choice":"Obtained Relic","floor":21.0,"gold_loss":85.0,"damage_taken":0.0,"relics_obtained":["Bag of Preparation"]},{"damage_healed":0.0,"max_hp_gain":0.0,"max_hp_loss":0.0,"gold_gain":0.0,"event_name":"Match and Keep!","player_choice":"0 cards matched","floor":22.0,"gold_loss":0.0,"damage_taken":0.0,"cards_obtained":[]},{"cards_removed":["Poisoned Stab"],"damage_healed":0,"gold_gain":0,"player_choice":"Purged","damage_taken":0,"max_hp_gain":0,"max_hp_loss":0,"event_name":"Purifier","floor":36,"gold_loss":0}],"is_beta":false,"boss_relics":[{"not_picked":["Busted Crown","Black Star"],"picked":"Empty Cage"},{"not_picked":["Cursed Key","Coffee Dripper"],"picked":"Sozu"}],"items_purged_floors":[2,31,44],"is_endless":false,"potions_floor_spawned":[13,14,18,24,29,35,37,45],"killed_by":"Nemesis","ascension_level":20}}