{"host":"2461dio7vetlq1z3","time":1608997276,"event":{"mods":["2.2 Compatiblity","AchievementEnabler","Aspiration","BaseMod","Better Third Choice","Friendly Minions","Hermit","Minty Spire (QoL Compilation)","Relic Stats","Spicy Shops","StSLib","Waifu the Spire"],"gold_per_floor":[117,9,59,72,83,83,112,112,137,150,150,150,150,163,163,163,163],"floor_reached":16,"playtime":385,"items_purged":[],"score":200,"play_id":"f74ab427-b8d4-45d7-9294-853bd435bedb","local_time":"20201226164116","is_ascension_mode":true,"campfire_choices":[{"data":"Twin Strike","floor":6,"key":"SMITH"},{"data":"Havoc","floor":8,"key":"SMITH"},{"data":"Iron Wave","floor":11,"key":"SMITH"},{"data":"Metallicize","floor":13,"key":"SMITH"},{"data":"Pommel Strike","floor":15,"key":"SMITH"}],"circlet_count":0,"master_deck":["AscendersBane","Strike_R","Strike_R","Strike_R","Strike_R","Strike_R","Defend_R","Defend_R","Defend_R","Defend_R","Bash+1","Metallicize+1","Feel No Pain","Twin Strike+1","Iron Wave+1","Havoc+1","Metallicize","Pommel Strike+1"],"relics":["Burning Blood","Blood Vial","Bag of Marbles","Happy Flower"],"acts_visited":["Exordium"],"potions_floor_usage":[7,16],"damage_taken":[{"damage":9,"enemies":"2 Louse","floor":1,"turns":3},{"damage":1,"enemies":"Cultist","floor":4,"turns":3},{"damage":10,"enemies":"Small Slimes","floor":5,"turns":4},{"damage":29,"enemies":"Gremlin Nob","floor":7,"turns":5},{"damage":14,"enemies":"Red Slaver","floor":10,"turns":2},{"damage":1,"enemies":"Looter","floor":14,"turns":4},{"damage":54,"enemies":"Hexaghost","floor":16,"turns":11}],"seed_played":"-8261518665222358695","potions_obtained":[{"floor":5,"key":"EssenceOfSteel"},{"floor":7,"key":"SpeedPotion"},{"floor":14,"key":"Swift Potion"}],"is_trial":false,"path_per_floor":["M","$","?","M","M","R","E","R","T","M","R","T","R","M","R","B"],"character_chosen":"IRONCLAD","items_purchased":["Feel No Pain"],"campfire_rested":0,"item_purchase_floors":[2],"current_hp_per_floor":[65,65,65,70,66,66,43,43,43,37,37,37,37,44,44,0,0],"gold":163,"neow_bonus":"UPGRADE_CARD","is_daily":false,"chose_seed":false,"campfire_upgraded":5,"win_rate":0.0,"timestamp":1608997276,"path_taken":["M","$","?","M","?","R","E","R","T","M","R","?","R","M","R","BOSS"],"items_purchased_type":["Card"],"build_version":"2020-12-22","purchased_purges":0,"victory":false,"max_hp_per_floor":[75,75,75,75,75,75,75,75,75,75,75,75,75,75,75,75,75],"relic_stats":{"Blood Vial":6,"Happy Flower":[5],"counters":[7,32],"obtain_stats":[{"Blood Vial":7,"Happy Flower":12,"Bag of Marbles":9,"Burning Blood":0},{"Blood Vial":4,"Happy Flower":5,"Bag of Marbles":4,"Burning Blood":0},{"Blood Vial":15,"Happy Flower":17,"Bag of Marbles":15,"Burning Blood":0}],"Burning Blood":36},"card_choices":[{"not_picked":["Body Slam","Dual Wield"],"picked":"Metallicize","floor":1},{"not_picked":["Searing Blow","True Grit"],"picked":"Twin Strike","floor":4},{"not_picked":["Sword Boomerang","Reckless Charge"],"picked":"Iron Wave","floor":5},{"not_picked":["Reckless Charge","Warcry"],"picked":"Havoc","floor":7},{"not_picked":["Armaments","Sword Boomerang"],"picked":"Metallicize","floor":10},{"not_picked":["Limit Break","Twin Strike"],"picked":"Pommel Strike","floor":14}],"player_experience":948047,"relics_obtained":[{"floor":7,"key":"Blood Vial"},{"floor":9,"key":"Bag of Marbles"},{"floor":12,"key":"Happy Flower"}],"event_choices":[{"damage_healed":0,"gold_gain":50,"player_choice":"Pray","damage_taken":0,"max_hp_gain":0,"max_hp_loss":0,"event_name":"Golden Shrine","floor":3,"gold_loss":0}],"is_beta":false,"boss_relics":[],"items_purged_floors":[],"is_endless":false,"potions_floor_spawned":[5,7,14],"killed_by":"Hexaghost","ascension_level":20}}