{"host":"o8q3mcr37ncf33u9","time":1608999551,"event":{"mods":["2.2 Compatiblity","AchievementEnabler","Aspiration","BaseMod","Better Altar","Better Match","Better Note","Better Sensory Stone","Better Skull","Better Third Choice","BetterRewards","CCEM","Colored Map","Conspire","Downfall","GifTheSpireLib","Halation","Hermit","Highlight Path","Hubris","Jorbs\u0027s Wanderer Trilogy","Lobotomy","LobotomyExtend","Mimic Mod","Minty Spire (QoL Compilation)","Permanent Neow","Replay The Spire","Shop Mod","Spicy Shops","StSLib","Stuff the Spire","The Mystic"],"gold_per_floor":[349,365,375,375,36,72,72,72,72,110,132,159,201,221,248,355,355,280,480,503,296,296,296,296,309,309,309],"floor_reached":25,"playtime":2092,"items_purged":[],"score":244,"play_id":"235cdcdf-1c62-4b79-a9a6-c1f2a3b6ee32","local_time":"20201227011911","is_ascension_mode":false,"campfire_choices":[{"floor":1,"key":"DIG"},{"data":"Slimebound:SamplingLick","floor":9,"key":"SMITH"},{"data":"Slimebound:MassFeed","floor":18,"key":"SMITH"},{"data":"Slimebound:AcidTongue","floor":18,"key":"SMITH"}],"circlet_count":0,"master_deck":["Slimebound:Strike_Slimebound","Slimebound:Strike_Slimebound","Slimebound:Tackle","Slimebound:Defend_Slimebound","Slimebound:Defend_Slimebound","Slimebound:Defend_Slimebound","Slimebound:Defend_Slimebound","Slimebound:Split","Slimebound:CorrosiveSpit","Slimebound:LeechingTouch","Slimebound:SplitLeeching","Slimebound:RallyTheTroops","Slimebound:GrowthPunch","Slimebound:SamplingLick+1","StuffTheSpire:FreeRealEstate","Slimebound:SlimeBarrage","Slimebound:SplitMire","Slimebound:ComboTackle","Slimebound:ForwardTackle","Slimebound:AcidTongue+1","Slimebound:Schlurp","Slimebound:Schlurp","Slimebound:MassFeed+1","Slimebound:Replication","Slimebound:GoopSpray","Pot Of Greed","Pot Of Greed","Pot Of Greed","Slimebound:SamplingLick","Pain"],"relics":["Slimebound:AbsorbEndCombat","StuffTheSpire:Barrel","Centennial Puzzle","aspiration:Lifesprig","NlothsMask","Replay:Arrowhead","conspire:InfiniteJournal","Coffee Dripper","downfall:HeartBlessingBlue","Grinning Jar","WarpedTongs"],"acts_visited":["Exordium","TheCity"],"potions_floor_usage":[13,13],"damage_taken":[{"damage":9,"enemies":"2 Louse","floor":2,"turns":3},{"damage":10,"enemies":"Jaw Worm","floor":3,"turns":4},{"damage":9,"enemies":"downfall:FleeingMerchant","floor":5,"turns":4},{"damage":8,"enemies":"Replay:BlueRogue","floor":6,"turns":6},{"damage":27,"enemies":"3 Sentries","floor":10,"turns":7},{"damage":4,"enemies":"Small Slimes","floor":11,"turns":2},{"damage":8,"enemies":"Red Slaver","floor":12,"turns":3},{"damage":29,"enemies":"Lagavulin","floor":13,"turns":5},{"damage":19,"enemies":"Exordium Wildlife","floor":14,"turns":3},{"damage":23,"enemies":"Large Slime","floor":15,"turns":4},{"damage":50,"enemies":"downfall:Ironclad","floor":16,"turns":7},{"damage":44,"enemies":"3 Byrds","floor":20,"turns":5},{"damage":23,"enemies":"downfall:FleeingMerchant","floor":21,"turns":4},{"damage":73,"enemies":"Cultist and Chosen","floor":25,"turns":6}],"seed_played":"-5189263762686618104","potions_obtained":[{"floor":3,"key":"SpeedPotion"},{"floor":6,"key":"Energy Potion"},{"floor":10,"key":"Cursed Concoction"},{"floor":13,"key":"Doom Potion"},{"floor":16,"key":"DuplicationPotion"}],"is_trial":false,"path_per_floor":["R_BF","M","M","?","$","E","T","?","R","E","M","M","E","M","M","B",null,"R","?","M","$","?","?","T","M"],"character_chosen":"SLIMEBOUND","items_purchased":["Slimebound:GrowthPunch","Slimebound:SamplingLick","StuffTheSpire:FreeRealEstate","Grinning Jar","Slimebound:SamplingLick"],"campfire_rested":0,"item_purchase_floors":[5,5,5,21,21],"current_hp_per_floor":[54,53,54,41,48,54,54,54,54,54,54,54,40,41,38,32,54,64,64,44,53,53,53,53,0,0,0],"gold":309,"neow_bonus":"TWO_FIFTY_GOLD","is_daily":false,"chose_seed":false,"campfire_upgraded":3,"win_rate":0.0,"timestamp":1608999551,"path_taken":["R_BF","M","M","?","?","E","T","?","R","E","M","M","E","?","M","BOSS","R","?","M","?","?","?","T","?"],"items_purchased_type":["Card","Card","Card","Relic","Card"],"build_version":"2020-12-22","purchased_purges":0,"victory":false,"max_hp_per_floor":[54,54,54,54,54,54,54,54,54,54,54,54,54,54,54,54,54,64,64,64,64,64,64,64,64,64,64],"card_choices":[{"not_picked":["Slimebound:ComboTackle","Slimebound:DivideAndConquer"],"picked":"Slimebound:LeechingTouch","floor":2},{"not_picked":["Slimebound:RollThrough","Slimebound:GoopSpray"],"picked":"Slimebound:SplitLeeching","floor":3},{"not_picked":["Slimebound:GoopSpray","Slimebound:RollThrough"],"picked":"Slimebound:RallyTheTroops","floor":5},{"not_picked":["Slimebound:ServeAndProtect","Slimebound:ViciousTackle"],"picked":"Slimebound:SlimeBarrage","floor":6},{"not_picked":["Slimebound:ComboTackle","Slimebound:ForwardTackle"],"picked":"Slimebound:SplitMire","floor":10},{"not_picked":["Slimebound:DivideAndConquer","Slimebound:GrowthPunch"],"picked":"Slimebound:ComboTackle","floor":11},{"not_picked":["Slimebound:ProtectTheBoss","Slimebound:SelfFormingGoo"],"picked":"Slimebound:ForwardTackle","floor":12},{"not_picked":["Slimebound:ServeAndProtect","Slimebound:SamplingLick"],"picked":"Slimebound:AcidTongue","floor":13},{"not_picked":["Slimebound:SplitAcid","Slimebound:BestDefense"],"picked":"Slimebound:Schlurp","floor":14},{"not_picked":["Slimebound:Grow","Slimebound:GrowthPunch"],"picked":"Slimebound:Schlurp","floor":15},{"not_picked":["Slimebound:RallyTheTroops","Slimebound:Teamwork"],"picked":"Slimebound:MassFeed","floor":16},{"not_picked":["Slimebound:FormOfPuddle","Slimebound:SlimeSpikes+1"],"picked":"Slimebound:Replication","floor":20},{"not_picked":["Slimebound:DisruptingSlam","Slimebound:BestDefense"],"picked":"Slimebound:GoopSpray","floor":21}],"player_experience":3204,"relics_obtained":[{"floor":1,"key":"StuffTheSpire:Barrel"},{"floor":6,"key":"aspiration:Lifesprig"},{"floor":10,"key":"Replay:Arrowhead"},{"floor":13,"key":"conspire:InfiniteJournal"}],"event_choices":[{"damage_healed":0,"gold_gain":0,"player_choice":"RE ","damage_taken":15,"relics_obtained":["Centennial Puzzle"],"max_hp_gain":0,"max_hp_loss":0,"event_name":"betterSkull:BetterSkull","floor":4,"gold_loss":0,"cards_upgraded":[]},{"damage_healed":0,"gold_gain":0,"player_choice":"Trade","damage_taken":0,"relics_obtained":["NlothsMask"],"max_hp_gain":0,"max_hp_loss":0,"event_name":"FaceTrader","floor":8,"gold_loss":0},{"cards_removed":["Slimebound:Strike_Slimebound"],"damage_healed":0,"gold_gain":0,"player_choice":"Purged","damage_taken":0,"max_hp_gain":0,"max_hp_loss":0,"event_name":"Purifier","floor":22,"gold_loss":0},{"damage_healed":0,"gold_gain":0,"player_choice":"Rummage","damage_taken":0,"relics_obtained":["WarpedTongs"],"max_hp_gain":0,"max_hp_loss":0,"event_name":"Accursed Blacksmith","floor":23,"gold_loss":0,"cards_obtained":["Pain"]}],"is_beta":false,"boss_relics":[{"not_picked":["ChewingGum","halation:Risk"],"picked":"Coffee Dripper"}],"items_purged_floors":[],"is_endless":false,"potions_floor_spawned":[3,6,10,13,16,20],"killed_by":"Cultist and Chosen","ascension_level":0}}