{"host":"8by3m8mve9y2rhh4","time":1608999022,"event":{"mods":["BaseMod","Minty Spire (QoL Compilation)","Quick Restart"],"gold_per_floor":[117,137,137,153,163,198,198,198],"floor_reached":7,"playtime":561,"items_purged":[],"score":56,"play_id":"98c87c1a-db4b-41f5-a308-aea560edcfd5","local_time":"20201226161022","is_ascension_mode":true,"campfire_choices":[],"circlet_count":0,"master_deck":["Strike_R","Strike_R","Strike_R","Strike_R","Defend_R","Defend_R","Defend_R","Defend_R","Bash","Iron Wave","Shrug It Off","Seeing Red","Shrug It Off","Shrug It Off"],"relics":["Burning Blood","Lizard Tail","WingedGreaves"],"acts_visited":["Exordium"],"potions_floor_usage":[6],"damage_taken":[{"damage":1,"enemies":"Cultist","floor":1,"turns":3},{"damage":0,"enemies":"Jaw Worm","floor":2,"turns":5},{"damage":0,"enemies":"Small Slimes","floor":4,"turns":3},{"damage":4,"enemies":"3 Louse","floor":5,"turns":5},{"damage":18,"enemies":"3 Sentries","floor":6,"turns":13},{"damage":119,"enemies":"Lagavulin","floor":7,"turns":16}],"seed_played":"718233142697867498","potions_obtained":[{"floor":4,"key":"LiquidBronze"}],"is_trial":false,"path_per_floor":["M","M","?","M","M","E","E"],"character_chosen":"IRONCLAD","items_purchased":[],"campfire_rested":0,"item_purchase_floors":[],"current_hp_per_floor":[61,67,67,73,75,63,0,0],"gold":198,"neow_bonus":"ONE_RARE_RELIC","is_daily":false,"chose_seed":false,"campfire_upgraded":0,"win_rate":0.0,"timestamp":1608999022,"path_taken":["M","?","?","M","M","E","E"],"items_purchased_type":[],"build_version":"2020-12-22","purchased_purges":0,"victory":false,"max_hp_per_floor":[80,80,80,80,80,80,80,80],"card_choices":[{"not_picked":["Clothesline","Flex"],"picked":"Iron Wave","floor":1},{"not_picked":["Perfected Strike","Burning Pact"],"picked":"Shrug It Off","floor":2},{"not_picked":["Hemokinesis","Havoc"],"picked":"Shrug It Off","floor":4},{"not_picked":["Havoc","Pommel Strike","Shrug It Off"],"picked":"SKIP","floor":5},{"not_picked":["Burning Pact","Pummel"],"picked":"Shrug It Off","floor":6}],"player_experience":609202,"relics_obtained":[{"floor":6,"key":"WingedGreaves"}],"event_choices":[{"damage_healed":0,"gold_gain":0,"cards_transformed":["Strike_R"],"player_choice":"Change","damage_taken":0,"max_hp_gain":0,"max_hp_loss":0,"event_name":"Living Wall","floor":3,"gold_loss":0,"cards_obtained":["Seeing Red"]}],"is_beta":false,"boss_relics":[],"items_purged_floors":[],"is_endless":false,"potions_floor_spawned":[4],"killed_by":"Lagavulin","ascension_level":1}}