{"host":"kiauivt48syq9iz6","time":1608971759,"event":{"mods":["BaseMod","Conspire","Downfall","Hermit","Minty Spire (QoL Compilation)","Replay The Spire","SIMod","StSLib","The Animator","The Construct","The Cursed","The Runesmith","The Servant 0.9.4"],"gold_per_floor":[99,114,126,126,141,152,152,24,24,24,24,42,62,96,107,107,107],"floor_reached":16,"playtime":732,"items_purged":[],"score":104,"play_id":"56176a31-fd4a-4c25-b64c-8f8c67634c9b","local_time":"20201226013559","is_ascension_mode":false,"campfire_choices":[{"floor":1,"key":"DIG"},{"floor":10,"key":"REST"}],"circlet_count":0,"master_deck":["sneckomod:Strike","sneckomod:Strike","sneckomod:Defend","sneckomod:Defend","sneckomod:Defend","sneckomod:TailWhip","sneckomod:SnekBite","sneckomod:Unknown","sneckomod:Unknown","sneckomod:SoulDraw","sneckomod:WideSting","sneckomod:UnknownClassTHE_CURSED_PURPLE","sneckomod:Mudshield+1","sneckomod:SoulCleanse","sneckomod:DiceCrush","sneckomod:CheapStock","sneckomod:SnakeSap","sneckomod:QuickMove","sneckomod:ImprovisedAttack","sneckomod:QuickBite","sneckomod:Nope"],"relics":["sneckomod:SneckoSoul","Incense Burner","Girya","Mummified Hand","Bottled Flame"],"acts_visited":["Exordium"],"potions_floor_usage":[14],"damage_taken":[{"damage":0,"enemies":"2 Louse","floor":2,"turns":2},{"damage":2,"enemies":"Cultist","floor":3,"turns":5},{"damage":15,"enemies":"Small Slimes","floor":5,"turns":4},{"damage":13,"enemies":"2 Fungi Beasts","floor":6,"turns":3},{"damage":0,"enemies":"downfall:FleeingMerchant","floor":8,"turns":4},{"damage":11,"enemies":"3 Louse","floor":12,"turns":4},{"damage":11,"enemies":"Blue Slaver","floor":13,"turns":6},{"damage":29,"enemies":"Lagavulin","floor":14,"turns":7},{"damage":13,"enemies":"Large Slime","floor":15,"turns":6},{"damage":52,"enemies":"downfall:Ironclad","floor":16,"turns":6}],"seed_played":"-2046892107295852151","potions_obtained":[{"floor":2,"key":"SpeedPotion"},{"floor":12,"key":"Dexterity Potion"},{"floor":13,"key":"FairyPotion"},{"floor":15,"key":"Fire Potion"}],"is_trial":false,"path_per_floor":["R","M","M","?","M","M","T","$","?","R","?","M","M","E","M","B"],"character_chosen":"THE_SNECKO","items_purchased":["sneckomod:CheapStock","sneckomod:SnakeSap"],"campfire_rested":1,"item_purchase_floors":[8,8],"current_hp_per_floor":[90,90,89,89,74,61,61,61,61,88,88,77,66,37,24,0,0],"gold":107,"neow_bonus":"THREE_CARDS","is_daily":false,"chose_seed":false,"campfire_upgraded":0,"win_rate":0.0,"timestamp":1608971759,"path_taken":["R","M","M","?","?","M","T","$","?","R","?","M","M","E","M","BOSS"],"items_purchased_type":["Card","Card"],"build_version":"2020-12-22","purchased_purges":0,"victory":false,"max_hp_per_floor":[90,90,91,91,91,91,91,91,91,91,91,91,91,91,91,91,91],"card_choices":[{"not_picked":["sneckomod:QuickBite","sneckomod:SoulRoll"],"picked":"sneckomod:SoulDraw","floor":0},{"not_picked":["sneckomod:RainOfDice","sneckomod:IronFang"],"picked":"sneckomod:WideSting","floor":2},{"not_picked":["sneckomod:DiceCrush","sneckomod:SoulRoll"],"picked":"sneckomod:UnknownClassTHE_CURSED_PURPLE","floor":3},{"not_picked":["sneckomod:Unknown1Cost","sneckomod:UnknownWeak"],"picked":"sneckomod:Mudshield","floor":5},{"not_picked":["sneckomod:SoulRoll","sneckomod:UnknownClassTHE_UNNAMED"],"picked":"sneckomod:SoulCleanse","floor":6},{"not_picked":["sneckomod:DiceBlock","sneckomod:SoulRoll"],"picked":"sneckomod:DiceCrush","floor":8},{"not_picked":["sneckomod:UnknownUncommonSkill","sneckomod:Rotation"],"picked":"sneckomod:QuickMove","floor":12},{"not_picked":["sneckomod:UnknownBlock","sneckomod:Unknown1Cost"],"picked":"sneckomod:ImprovisedAttack","floor":13},{"not_picked":["sneckomod:UnknownClassTHE_CURSED_PURPLE","sneckomod:UnknownClassRED"],"picked":"sneckomod:QuickBite","floor":14},{"not_picked":["sneckomod:PureSnecko","sneckomod:Unknown0Cost"],"picked":"sneckomod:Nope","floor":15}],"player_experience":90762,"relics_obtained":[{"floor":1,"key":"Incense Burner"},{"floor":7,"key":"Girya"},{"floor":14,"key":"Bottled Flame"}],"event_choices":[{"cards_removed":["sneckomod:Strike"],"damage_healed":0,"gold_gain":0,"player_choice":"Purged","damage_taken":0,"max_hp_gain":0,"max_hp_loss":0,"event_name":"Purifier","floor":4,"gold_loss":0},{"damage_healed":0,"gold_gain":0,"player_choice":"Grow","damage_taken":0,"max_hp_gain":0,"max_hp_loss":0,"event_name":"Living Wall","floor":11,"gold_loss":0,"cards_upgraded":["sneckomod:Mudshield"]}],"is_beta":false,"boss_relics":[],"items_purged_floors":[],"is_endless":false,"potions_floor_spawned":[2,12,13,15],"killed_by":"downfall:Ironclad","ascension_level":0}}