{"host":"6ld56ls1xbe0aj21","time":1608966454,"event":{"mods":["AchievementEnabler","BaseMod","Colored Powertips","Minty Spire (QoL Compilation)","Quick Restart","Rare Cards Sparkle","StSLib","SuperFastMode","everything is the same but u backflip on backflip","slay the spire mod where everything is the same but ironclad has a cowboy hat"],"gold_per_floor":[116,116,127,145,220,220,254,254,279,314,95,95,126,56,56,151,151,195,120,120,137,177,177,206,206,206,206,4,4,31,48,48,176,176,186,461,507,554,88,88,152,168,215,265,311,311,311,24,24,24,24],"floor_reached":50,"playtime":1903,"items_purged":["Strike_P","Strike_P","Regret"],"score":824,"play_id":"c668a497-bd84-442a-b790-f8c4e6117152","local_time":"20201226180734","is_ascension_mode":true,"campfire_choices":[{"data":"Wish","floor":6.0,"key":"SMITH"},{"floor":8.0,"key":"REST"},{"data":"Vault","floor":12.0,"key":"SMITH"},{"data":"Eruption","floor":15.0,"key":"SMITH"},{"floor":23.0,"key":"REST"},{"data":"Alpha","floor":25.0,"key":"SMITH"},{"floor":27.0,"key":"REST"},{"floor":32.0,"key":"REST"},{"floor":40.0,"key":"REST"},{"floor":49,"key":"RECALL"}],"circlet_count":0,"master_deck":["Strike_P","Defend_P","Defend_P","Eruption+1","Vigilance","PathToVictory","Wish+1","Vault+1","Vengeance","Wallop","LikeWater","Alpha+1","LikeWater","PathToVictory","Tantrum+1","DeusExMachina","PathToVictory","Vault","InnerPeace+1","Transmutation","Apotheosis","Madness","Madness"],"relics":["PureWater","NeowsBlessing","Centennial Puzzle","Blood Vial","Toy Ornithopter","Lee\u0027s Waffle","Bag of Marbles","VioletLotus","Frozen Egg 2","White Beast Statue","Nunchaku","Ginger","Snecko Eye","PrismaticShard","Oddly Smooth Stone","Chemical X","Vajra"],"acts_visited":["Exordium","TheCity","TheBeyond"],"potions_floor_usage":[50,50],"damage_taken":[{"damage":0.0,"enemies":"Jaw Worm","floor":1.0,"turns":1.0},{"damage":0.0,"enemies":"Cultist","floor":3.0,"turns":1.0},{"damage":0.0,"enemies":"Small Slimes","floor":4.0,"turns":1.0},{"damage":32.0,"enemies":"Gremlin Nob","floor":7.0,"turns":4.0},{"damage":37.0,"enemies":"3 Sentries","floor":10.0,"turns":19.0},{"damage":12.0,"enemies":"Gremlin Nob","floor":13.0,"turns":4.0},{"damage":5.0,"enemies":"Slime Boss","floor":16.0,"turns":9.0},{"damage":31.0,"enemies":"Shell Parasite","floor":18.0,"turns":7.0},{"damage":40.0,"enemies":"3 Byrds","floor":21.0,"turns":6.0},{"damage":10.0,"enemies":"Centurion and Healer","floor":22.0,"turns":9.0},{"damage":16.0,"enemies":"Slavers","floor":24.0,"turns":3.0},{"damage":38.0,"enemies":"Book of Stabbing","floor":30.0,"turns":4.0},{"damage":4.0,"enemies":"Cultist and Chosen","floor":31.0,"turns":5.0},{"damage":25.0,"enemies":"Collector","floor":33.0,"turns":7.0},{"damage":15.0,"enemies":"3 Darklings","floor":35.0,"turns":5.0},{"damage":0.0,"enemies":"Orb Walker","floor":37.0,"turns":2.0},{"damage":45.0,"enemies":"Maw","floor":38.0,"turns":5.0},{"damage":0.0,"enemies":"Giant Head","floor":41.0,"turns":6.0},{"damage":21,"enemies":"3 Darklings","floor":42,"turns":6},{"damage":0,"enemies":"Transient","floor":44,"turns":7},{"damage":20,"enemies":"4 Shapes","floor":45,"turns":3},{"damage":41,"enemies":"Time Eater","floor":50,"turns":4}],"seed_played":"-4156856551633629590","potions_obtained":[{"floor":3.0,"key":"Dexterity Potion"},{"floor":4.0,"key":"Weak Potion"},{"floor":13.0,"key":"GamblersBrew"},{"floor":16.0,"key":"SkillPotion"},{"floor":21.0,"key":"PowerPotion"},{"floor":30.0,"key":"Fire Potion"},{"floor":31.0,"key":"FearPotion"},{"floor":33.0,"key":"AttackPotion"},{"floor":35.0,"key":"EntropicBrew"},{"floor":37.0,"key":"SteroidPotion"},{"floor":38.0,"key":"Weak Potion"},{"floor":41.0,"key":"Strength Potion"},{"floor":45,"key":"LiquidMemories"}],"is_trial":false,"path_per_floor":["M","?","M","M","?","R","E","R","T","E","$","R","E","$","R","B",null,"M","?","T","M","M","R","E","R","T","R","$","?","E","M","R","B",null,"M","?","M","M","$","R","E","M","T","M","M","?","?","$","R","B"],"character_chosen":"WATCHER","items_purchased":["Lee\u0027s Waffle","LikeWater","Ambrosia","PrismaticShard","Transmutation","Chemical X","Vajra"],"campfire_rested":5,"item_purchase_floors":[11,14,28,39,39,48,48],"current_hp_per_floor":[65,65,65,65,54,54,22,43,43,8,79,79,67,67,67,69,77,53,53,53,15,12,35,21,21,21,44,44,44,13,11,34,11,62,49,49,71,33,33,56,63,44,44,46,28,18,18,18,18,0,0],"gold":24,"neow_bonus":"THREE_ENEMY_KILL","is_daily":false,"chose_seed":false,"campfire_upgraded":4,"win_rate":0.0,"timestamp":1608966454,"path_taken":["M","?","?","M","?","R","E","R","T","E","$","R","E","$","R","BOSS","M","?","?","M","M","R","E","R","T","R","$","?","E","M","R","BOSS","M","?","?","M","$","R","E","M","T","M","M","?","?","$","R","BOSS"],"items_purchased_type":["Relic","Card","Potion","Relic","Card","Relic","Relic"],"build_version":"2020-12-22","purchased_purges":3,"victory":false,"max_hp_per_floor":[72,72,72,72,72,72,72,72,72,72,79,79,79,79,79,79,79,79,79,79,79,79,79,79,79,79,79,79,79,79,79,79,79,79,79,79,79,79,79,79,79,79,79,79,79,79,79,79,79,79,79],"card_choices":[{"not_picked":["CrushJoints","WindmillStrike"],"picked":"PathToVictory","floor":1.0},{"not_picked":["FollowUp","CrushJoints","Protect"],"picked":"SKIP","floor":3.0},{"not_picked":["MentalFortress","WreathOfFlame"],"picked":"Wish","floor":4.0},{"not_picked":["EmptyMind","FlyingSleeves"],"picked":"Vault","floor":7.0},{"not_picked":["JustLucky","Weave"],"picked":"Vengeance","floor":10.0},{"not_picked":["Crescendo","Evaluate"],"picked":"Wallop","floor":13.0},{"not_picked":["DeusExMachina","Blasphemy"],"picked":"Alpha","floor":16.0},{"not_picked":["ClearTheMind","Weave"],"picked":"LikeWater","floor":18.0},{"not_picked":["SashWhip","FlyingSleeves"],"picked":"PathToVictory","floor":21.0},{"not_picked":["CutThroughFate","Collect+1"],"picked":"Tantrum+1","floor":22.0},{"not_picked":["WheelKick","TalkToTheHand+1","Protect+1"],"picked":"SKIP","floor":24.0},{"not_picked":["JustLucky+1","Crescendo"],"picked":"DeusExMachina","floor":30.0},{"not_picked":["EmptyFist","FlyingSleeves"],"picked":"PathToVictory","floor":31.0},{"not_picked":["MasterReality+1","SpiritShield"],"picked":"Vault","floor":33.0},{"not_picked":["Prostrate+1","Crescendo","Indignation+1"],"picked":"SKIP","floor":35.0},{"not_picked":["Study+1","Halt+1"],"picked":"InnerPeace+1","floor":37.0},{"not_picked":["ThirdEye","Conclude+1","BowlingBash"],"picked":"SKIP","floor":38.0},{"not_picked":["Panacea+1","Armaments"],"picked":"Apotheosis","floor":41.0},{"not_picked":["Compile Driver","Clothesline"],"picked":"Backflip+1","floor":42},{"not_picked":["Armaments","Dodge and Roll","Discovery"],"picked":"SKIP","floor":44},{"not_picked":["Deadly Poison","Shrug It Off+1","Anger+1"],"picked":"SKIP","floor":45}],"player_experience":253357,"relics_obtained":[{"floor":7.0,"key":"Centennial Puzzle"},{"floor":9.0,"key":"Blood Vial"},{"floor":10.0,"key":"Toy Ornithopter"},{"floor":13.0,"key":"Bag of Marbles"},{"floor":20.0,"key":"Frozen Egg 2"},{"floor":24.0,"key":"White Beast Statue"},{"floor":26.0,"key":"Nunchaku"},{"floor":30.0,"key":"Ginger"},{"floor":41.0,"key":"Oddly Smooth Stone"}],"event_choices":[{"cards_removed":["Strike_P"],"damage_healed":0.0,"max_hp_gain":0.0,"max_hp_loss":0.0,"gold_gain":0.0,"event_name":"Wheel of Change","player_choice":"Card Removal","floor":2.0,"gold_loss":0.0,"damage_taken":0.0},{"damage_healed":0.0,"max_hp_gain":0.0,"max_hp_loss":0.0,"gold_gain":75.0,"event_name":"World of Goop","player_choice":"Gather Gold","floor":5.0,"gold_loss":0.0,"damage_taken":11.0},{"cards_removed":["Defend_P"],"damage_healed":0.0,"max_hp_gain":0.0,"max_hp_loss":0.0,"gold_gain":0.0,"event_name":"Beggar","player_choice":"Gave Gold","floor":19.0,"gold_loss":75.0,"damage_taken":0.0},{"cards_removed":["Defend_P"],"damage_healed":0.0,"max_hp_gain":0.0,"max_hp_loss":0.0,"gold_gain":0.0,"event_name":"Back to Basics","player_choice":"Elegance","floor":29.0,"gold_loss":0.0,"damage_taken":0.0},{"damage_healed":0.0,"max_hp_gain":0.0,"max_hp_loss":0.0,"gold_gain":275.0,"event_name":"Golden Shrine","player_choice":"Desecrate","floor":36.0,"gold_loss":0.0,"damage_taken":0.0,"cards_obtained":["Regret"]},{"damage_healed":0,"gold_gain":0,"player_choice":"Embrace Madness","damage_taken":10,"max_hp_gain":0,"max_hp_loss":0,"event_name":"Winding Halls","floor":46,"gold_loss":0,"cards_obtained":["Madness","Madness"]},{"cards_removed":["Backflip"],"damage_healed":0,"gold_gain":0,"player_choice":"Removed Skill","damage_taken":0,"max_hp_gain":0,"max_hp_loss":0,"event_name":"Falling","floor":47,"gold_loss":0}],"is_beta":false,"boss_relics":[{"not_picked":["Cursed Key","SacredBark"],"picked":"VioletLotus"},{"not_picked":["Runic Dome","Sozu"],"picked":"Snecko Eye"}],"items_purged_floors":[11,28,39],"is_endless":false,"potions_floor_spawned":[3,4,13,16,21,30,31,33,35,37,38,41,42,44,45],"killed_by":"Time Eater","ascension_level":9}}