{"host":"2461dio7vetlq1z3","time":1608982938,"event":{"mods":["2.2 Compatiblity","AchievementEnabler","Aspiration","BaseMod","Better Third Choice","Friendly Minions","Hermit","Minty Spire (QoL Compilation)","Relic Stats","Spicy Shops","StSLib","Waifu the Spire"],"gold_per_floor":[119,119,269,77,52,82,82,117,141,173,184,214,34,63,63,139,139,158,138,156,174,192,192,192],"floor_reached":23,"playtime":947,"items_purged":["Doubt","Strike_B"],"score":584,"play_id":"47a0b066-b739-40e8-a464-a26dcf926cd0","local_time":"20201226124218","is_ascension_mode":true,"campfire_choices":[{"data":"Consume","floor":7,"key":"SMITH"},{"data":"Buffer","floor":15,"key":"SMITH"}],"circlet_count":0,"master_deck":["AscendersBane","Strike_B","Defend_B","Defend_B","Defend_B","Zap","Dualcast","Sweeping Beam","Heel Hook","Dagger Throw","Tactician","Capacitor","Consume+1","Ball Lightning","Storm","Skim","Stack","Sweeping Beam","BootSequence","Buffer+1","Fission","Tempest","Chill+1","Defragment"],"relics":["Cracked Core","NeowsBlessing","Lantern","Dream Catcher","Bronze Scales","FossilizedHelix","Odd Mushroom","Question Card","Inserter"],"acts_visited":["Exordium","TheCity"],"potions_floor_usage":[11,14,14,16,22,23],"damage_taken":[{"damage":0,"enemies":"2 Louse","floor":1,"turns":1},{"damage":0,"enemies":"Gremlin Nob","floor":6,"turns":1},{"damage":0,"enemies":"Lagavulin","floor":8,"turns":1},{"damage":35,"enemies":"3 Sentries","floor":10,"turns":4},{"damage":0,"enemies":"Jaw Worm","floor":11,"turns":2},{"damage":11,"enemies":"The Mushroom Lair","floor":12,"turns":4},{"damage":0,"enemies":"Gremlin Nob","floor":14,"turns":4},{"damage":13,"enemies":"Hexaghost","floor":16,"turns":7},{"damage":0,"enemies":"Chosen","floor":18,"turns":6},{"damage":0,"enemies":"3 Byrds","floor":20,"turns":2},{"damage":10,"enemies":"Centurion and Healer","floor":21,"turns":9},{"damage":21,"enemies":"3 Cultists","floor":22,"turns":6},{"damage":27,"enemies":"Book of Stabbing","floor":23,"turns":5}],"seed_played":"-2743404601903153890","potions_obtained":[{"floor":8,"key":"SteroidPotion"},{"floor":10,"key":"GamblersBrew"},{"floor":14,"key":"DuplicationPotion"},{"floor":16,"key":"Weak Potion"},{"floor":18,"key":"ColorlessPotion"},{"floor":19,"key":"Weak Potion"}],"is_trial":false,"path_per_floor":["M","?","?","$","$","E","R","E","T","E","M","?","$","E","R","B",null,"M","?","M","M","M","E"],"character_chosen":"DEFECT","items_purchased":["Capacitor","Consume","Ball Lightning","Regen Potion"],"campfire_rested":0,"item_purchase_floors":[4,4,5,13],"current_hp_per_floor":[64,64,64,64,64,64,64,64,64,29,29,18,18,30,30,17,58,58,58,58,48,27,0,0],"gold":192,"neow_bonus":"THREE_ENEMY_KILL","is_daily":false,"chose_seed":false,"campfire_upgraded":2,"win_rate":0.0,"timestamp":1608982938,"path_taken":["M","?","?","?","$","E","R","E","T","E","?","?","?","E","R","BOSS","M","?","M","M","?","E"],"items_purchased_type":["Card","Card","Card","Potion"],"build_version":"2020-12-22","purchased_purges":2,"victory":false,"max_hp_per_floor":[71,71,71,71,71,71,71,71,71,71,71,71,71,71,71,71,71,71,71,71,71,71,71,71],"relic_stats":{"Dream Catcher":0,"Inserter":[14],"counters":[13,52],"Bronze Scales":[199],"Question Card":5,"obtain_stats":[{"Lantern":6,"Dream Catcher":8,"Inserter":17,"NeowsBlessing":0,"Bronze Scales":9,"Odd Mushroom":12,"Cracked Core":0,"Question Card":14,"FossilizedHelix":10},{"Lantern":2,"Dream Catcher":3,"Inserter":8,"NeowsBlessing":0,"Bronze Scales":3,"Odd Mushroom":6,"Cracked Core":0,"Question Card":7,"FossilizedHelix":4},{"Lantern":2,"Dream Catcher":3,"Inserter":24,"NeowsBlessing":0,"Bronze Scales":3,"Odd Mushroom":13,"Cracked Core":0,"Question Card":17,"FossilizedHelix":7}]},"card_choices":[{"not_picked":["Hologram","Beam Cell"],"picked":"Sweeping Beam","floor":1},{"not_picked":["Rebound","Stack"],"picked":"Storm","floor":6},{"not_picked":["Hyperbeam","Barrage"],"picked":"Skim","floor":8},{"not_picked":["Turbo","Compile Driver"],"picked":"Stack","floor":10},{"not_picked":["Streamline","Hologram"],"picked":"Sweeping Beam","floor":11},{"not_picked":["Sunder","Lockon"],"picked":"BootSequence","floor":12},{"not_picked":["Conserve Battery","Reinforced Body"],"picked":"Buffer","floor":14},{"not_picked":["Creative AI","Rainbow","Multi-Cast"],"picked":"Fission","floor":16},{"not_picked":["Scrape","Rebound","Redo+1"],"picked":"Tempest","floor":18},{"not_picked":["Rebound","Sweeping Beam","Conserve Battery+1"],"picked":"Chill+1","floor":20},{"not_picked":["Streamline","Melter","Rebound","Hyperbeam"],"picked":"SKIP","floor":21},{"not_picked":["Coolheaded","Undo","Beam Cell"],"picked":"Defragment","floor":22}],"player_experience":933877,"relics_obtained":[{"floor":6,"key":"Lantern"},{"floor":8,"key":"Dream Catcher"},{"floor":9,"key":"Bronze Scales"},{"floor":10,"key":"FossilizedHelix"},{"floor":12,"key":"Odd Mushroom"},{"floor":14,"key":"Question Card"}],"event_choices":[{"damage_healed":0,"gold_gain":150,"player_choice":"AGREE","damage_taken":119,"max_hp_gain":0,"max_hp_loss":0,"event_name":"betterThird:BetterSerpent","floor":3,"gold_loss":0},{"damage_healed":0,"gold_gain":0,"player_choice":"Fought Mushrooms","damage_taken":0,"max_hp_gain":0,"max_hp_loss":0,"event_name":"Mushrooms","floor":12,"gold_loss":0},{"damage_healed":0,"gold_gain":0,"player_choice":"Bought 1 Potion","damage_taken":0,"max_hp_gain":0,"max_hp_loss":0,"event_name":"The Woman in Blue","floor":19,"gold_loss":0}],"is_beta":false,"boss_relics":[{"not_picked":["aspiration:BursterCore","aspiration:PoetsPen_weak"],"picked":"Inserter"}],"items_purged_floors":[4,13],"is_endless":false,"potions_floor_spawned":[8,10,14,16,18,20],"killed_by":"Book of Stabbing","ascension_level":20}}