{"host":"msmkw03x1o7nq45i","time":1608983266,"event":{"mods":["BaseMod","Bestiary","Colored Powertips","GifTheSpireLib","Highlight Path","Minty Spire (QoL Compilation)","Random Character Button","StSLib","everything is the same but u backflip on backflip"],"gold_per_floor":[119,136,136,150,170,170,197,197,220,254,254,254,285,2,2,2,2],"floor_reached":16,"playtime":932,"items_purged":[],"score":171,"play_id":"7bf069eb-75b7-4b07-a29e-cca7c8095777","local_time":"20201226134746","is_ascension_mode":true,"campfire_choices":[{"data":"Go for the Eyes","floor":6,"key":"SMITH"},{"data":"Machine Learning","floor":11,"key":"SMITH"},{"floor":15,"key":"REST"}],"circlet_count":0,"master_deck":["Strike_B+1","Strike_B+1","Strike_B+1","Defend_B","Defend_B+1","Defend_B","Defend_B+1","Zap+1","Dualcast","Cold Snap","Go for the Eyes+1","Machine Learning+1","Darkness","Steam Power","Sweeping Beam","Dark Shackles"],"relics":["Cracked Core","TungstenRod","War Paint","Whetstone","Juzu Bracelet","Girya","PreservedInsect"],"acts_visited":["Exordium"],"potions_floor_usage":[13,16],"damage_taken":[{"damage":0,"enemies":"Cultist","floor":1,"turns":4},{"damage":4,"enemies":"Jaw Worm","floor":2,"turns":3},{"damage":2,"enemies":"2 Louse","floor":4,"turns":2},{"damage":0,"enemies":"2 Fungi Beasts","floor":5,"turns":3},{"damage":7,"enemies":"Gremlin Nob","floor":7,"turns":4},{"damage":17,"enemies":"3 Sentries","floor":10,"turns":7},{"damage":9,"enemies":"Gremlin Nob","floor":13,"turns":4},{"damage":37,"enemies":"Slime Boss","floor":16,"turns":6}],"seed_played":"7286396612677784354","potions_obtained":[{"floor":4,"key":"ColorlessPotion"},{"floor":5,"key":"PotionOfCapacity"},{"floor":10,"key":"EssenceOfSteel"},{"floor":13,"key":"SmokeBomb"}],"is_trial":false,"path_per_floor":["M","M","?","M","M","R","E","?","T","E","R","?","E","$","R","B"],"character_chosen":"DEFECT","items_purchased":["PreservedInsect","Sweeping Beam","Dark Shackles"],"campfire_rested":1,"item_purchase_floors":[14,14,14],"current_hp_per_floor":[68,64,51,49,49,49,42,47,47,30,30,24,15,15,36,0,0],"gold":2,"neow_bonus":"ONE_RARE_RELIC","is_daily":false,"chose_seed":false,"campfire_upgraded":2,"win_rate":0.0,"timestamp":1608983266,"path_taken":["M","?","?","M","M","R","E","?","T","E","R","?","E","?","R","BOSS"],"items_purchased_type":["Relic","Card","Card"],"build_version":"2020-12-22","purchased_purges":0,"victory":false,"max_hp_per_floor":[68,68,68,68,68,68,68,73,73,73,73,73,73,73,73,73,73],"card_choices":[{"not_picked":["Aggregate","Conserve Battery"],"picked":"Cold Snap","floor":1},{"not_picked":["Gash","Hologram","Steam"],"picked":"SKIP","floor":2},{"not_picked":["Force Field","Steam","Conserve Battery"],"picked":"SKIP","floor":4},{"not_picked":["BootSequence","Compile Driver"],"picked":"Go for the Eyes","floor":5},{"not_picked":["Aggregate","Redo"],"picked":"Machine Learning","floor":7},{"not_picked":["Rip and Tear","Barrage"],"picked":"Darkness","floor":10},{"not_picked":["Turbo","Tempest"],"picked":"Steam Power","floor":13}],"player_experience":323171,"relics_obtained":[{"floor":7,"key":"War Paint"},{"floor":9,"key":"Whetstone"},{"floor":10,"key":"Juzu Bracelet"},{"floor":13,"key":"Girya"}],"event_choices":[{"damage_healed":0,"gold_gain":0,"player_choice":"Entered Light","damage_taken":14,"max_hp_gain":0,"max_hp_loss":0,"event_name":"Shining Light","floor":3,"gold_loss":0,"cards_upgraded":["Strike_B","Defend_B"]},{"damage_healed":0,"gold_gain":0,"player_choice":"Donut","damage_taken":0,"max_hp_gain":5,"max_hp_loss":0,"event_name":"Big Fish","floor":8,"gold_loss":0},{"cards_removed":["Strike_B"],"damage_healed":0,"gold_gain":0,"player_choice":"Card Removal","damage_taken":7,"max_hp_gain":0,"max_hp_loss":0,"event_name":"Golden Wing","floor":12,"gold_loss":0}],"is_beta":false,"boss_relics":[],"items_purged_floors":[],"is_endless":false,"potions_floor_spawned":[4,5,10,13],"killed_by":"Slime Boss","ascension_level":9}}