{"host":"30jsp143e4v19aze","time":1608990400,"event":{"mods":["BaseMod","Colored Map","Colored Powertips","Curses Come First","DeckTracker","Highlight Path","Minty Spire (QoL Compilation)","Quick Restart","Relic Stats","StSLib","everything is the same but u backflip on backflip","slay the spire mod where everything is the same but ironclad has a cowboy hat"],"gold_per_floor":[113,63,63,76,76,101,26,53,76,76,98,78,78,96,96,222,222,236,236,89,89,109,109,109],"floor_reached":23,"playtime":758,"items_purged":["Defend_B"],"score":352,"play_id":"d2628e49-b0fd-4dcd-a3ac-cd3c022a6982","local_time":"20201226144640","is_ascension_mode":true,"campfire_choices":[{"data":"Streamline","floor":10,"key":"SMITH"},{"data":"Defragment","floor":15,"key":"SMITH"}],"circlet_count":0,"master_deck":["AscendersBane","Strike_B","Strike_B","Defend_B","Defend_B","Defend_B","Zap","Dualcast","Steam Power","Cold Snap","Streamline+1","Echo Form","Defragment+1","Injury","Hologram","Hyperbeam","Gash","Core Surge","Hologram"],"relics":["Cracked Core","NeowsBlessing","PreservedInsect","Du-Vu Doll","Juzu Bracelet","Odd Mushroom","Golden Idol","Nuclear Battery"],"acts_visited":["Exordium","TheCity"],"potions_floor_usage":[16,23],"damage_taken":[{"damage":0,"enemies":"Cultist","floor":1,"turns":1},{"damage":0,"enemies":"Jaw Worm","floor":4,"turns":1},{"damage":0,"enemies":"Gremlin Nob","floor":6,"turns":1},{"damage":18,"enemies":"Lagavulin","floor":8,"turns":5},{"damage":15,"enemies":"The Mushroom Lair","floor":11,"turns":4},{"damage":8,"enemies":"Small Slimes","floor":14,"turns":3},{"damage":12,"enemies":"Hexaghost","floor":16,"turns":7},{"damage":20,"enemies":"3 Byrds","floor":18,"turns":5},{"damage":11,"enemies":"Spheric Guardian","floor":22,"turns":3},{"damage":31,"enemies":"Book of Stabbing","floor":23,"turns":3}],"seed_played":"795198481432715954","potions_obtained":[{"floor":8,"key":"Strength Potion"},{"floor":11,"key":"Ancient Potion"},{"floor":14,"key":"DistilledChaos"},{"floor":22,"key":"EssenceOfSteel"}],"is_trial":false,"path_per_floor":["M","?","?","M","$","E","$","E","T","R","?","?","?","M","R","B",null,"M","?","$","?","M","E"],"character_chosen":"DEFECT","items_purchased":["Core Surge"],"campfire_rested":0,"item_purchase_floors":[20],"current_hp_per_floor":[68,68,68,68,68,68,68,50,50,50,35,35,35,27,27,15,60,40,40,40,40,29,0,0],"gold":109,"neow_bonus":"THREE_ENEMY_KILL","is_daily":false,"chose_seed":false,"campfire_upgraded":2,"win_rate":0.0,"timestamp":1608990400,"path_taken":["M","?","?","M","$","E","$","E","T","R","?","?","?","M","R","BOSS","M","?","$","?","M","E"],"items_purchased_type":["Card"],"build_version":"2020-12-22","purchased_purges":1,"victory":false,"max_hp_per_floor":[75,75,75,75,75,75,75,75,75,75,75,75,75,75,75,75,75,75,75,75,75,75,75,75],"relic_stats":{"counters":[10,33],"Golden Idol":36,"PreservedInsect":71,"Juzu Bracelet":2,"obtain_stats":[{"Du-Vu Doll":8,"NeowsBlessing":0,"Golden Idol":13,"PreservedInsect":6,"Juzu Bracelet":9,"Odd Mushroom":11,"Cracked Core":0,"Nuclear Battery":17},{"Du-Vu Doll":4,"NeowsBlessing":0,"Golden Idol":5,"PreservedInsect":3,"Juzu Bracelet":4,"Odd Mushroom":5,"Cracked Core":0,"Nuclear Battery":7},{"Du-Vu Doll":8,"NeowsBlessing":0,"Golden Idol":12,"PreservedInsect":3,"Juzu Bracelet":8,"Odd Mushroom":12,"Cracked Core":0,"Nuclear Battery":22}]},"card_choices":[{"not_picked":["Turbo","Loop","Steam"],"picked":"SKIP","floor":1},{"not_picked":["Barrage","Streamline"],"picked":"Cold Snap","floor":4},{"not_picked":["Amplify","Coolheaded"],"picked":"Streamline","floor":6},{"not_picked":["Hologram","Steam"],"picked":"Echo Form","floor":8},{"not_picked":["Sweeping Beam","Go for the Eyes"],"picked":"Defragment","floor":11},{"not_picked":["Auto Shields","Gash"],"picked":"Hologram","floor":14},{"not_picked":["Buffer","Rainbow"],"picked":"Hyperbeam","floor":16},{"not_picked":["Hologram","Undo"],"picked":"Gash","floor":18},{"not_picked":["Turbo","Conserve Battery"],"picked":"Hologram","floor":22}],"player_experience":3237183,"relics_obtained":[{"floor":6,"key":"PreservedInsect"},{"floor":8,"key":"Du-Vu Doll"},{"floor":9,"key":"Juzu Bracelet"},{"floor":11,"key":"Odd Mushroom"}],"event_choices":[{"cards_removed":["Strike_B"],"damage_healed":0,"gold_gain":0,"player_choice":"Card Removal","damage_taken":0,"max_hp_gain":0,"max_hp_loss":0,"event_name":"The Cleric","floor":2,"gold_loss":50},{"damage_healed":0,"gold_gain":0,"cards_transformed":["Strike_B"],"player_choice":"Change","damage_taken":0,"max_hp_gain":0,"max_hp_loss":0,"event_name":"Living Wall","floor":3,"gold_loss":0,"cards_obtained":["Steam Power"]},{"damage_healed":0,"gold_gain":0,"player_choice":"Fought Mushrooms","damage_taken":0,"max_hp_gain":0,"max_hp_loss":0,"event_name":"Mushrooms","floor":11,"gold_loss":0},{"damage_healed":0,"gold_gain":0,"player_choice":"Bought 1 Potion","damage_taken":0,"max_hp_gain":0,"max_hp_loss":0,"event_name":"The Woman in Blue","floor":12,"gold_loss":0},{"damage_healed":0,"gold_gain":0,"player_choice":"Take Wound","damage_taken":0,"relics_obtained":["Golden Idol"],"max_hp_gain":0,"max_hp_loss":0,"event_name":"Golden Idol","floor":13,"gold_loss":0,"cards_obtained":["Injury"]},{"damage_healed":0,"gold_gain":0,"player_choice":"0 cards matched","damage_taken":0,"max_hp_gain":0,"max_hp_loss":0,"event_name":"Match and Keep!","floor":19,"gold_loss":0,"cards_obtained":[]},{"damage_healed":0,"gold_gain":0,"player_choice":"Ignored","damage_taken":0,"max_hp_gain":0,"max_hp_loss":0,"event_name":"Fountain of Cleansing","floor":21,"gold_loss":0}],"is_beta":false,"boss_relics":[{"not_picked":["Sozu","Pandora\u0027s Box"],"picked":"Nuclear Battery"}],"items_purged_floors":[7],"is_endless":false,"potions_floor_spawned":[8,11,14,22],"killed_by":"Book of Stabbing","ascension_level":12}}