{"host":"v711dtdb46xe9u7l","time":1608943275,"event":{"mods":["BaseMod","Minty Spire (QoL Compilation)","StSLib"],"gold_per_floor":[109,109,133,25,25,59,59,102,128,171,171,187,187,29,29,158,158,147,147,147,147,28,28,62,62,62,75,75,7,19,36,36,140,140,158,169,169,180,196,196,231,249,249,249,249,249,263,282,282,282,282,282,51,76,76,76],"floor_reached":55,"playtime":3338,"items_purged":["Defend_G"],"score":910,"play_id":"7c3c4e55-5977-455e-834a-382340fdbb31","local_time":"20201226004115","is_ascension_mode":true,"campfire_choices":[{"data":"Setup","floor":7,"key":"SMITH"},{"floor":11,"key":"REST"},{"data":"Footwork","floor":13,"key":"SMITH"},{"data":"Dodge and Roll","floor":15,"key":"SMITH"},{"floor":23,"key":"RECALL"},{"data":"Footwork","floor":25,"key":"SMITH"},{"data":"After Image","floor":28,"key":"SMITH"},{"data":"Cloak And Dagger","floor":32,"key":"SMITH"},{"data":"Bouncing Flask","floor":40,"key":"SMITH"},{"data":"Noxious Fumes","floor":44,"key":"SMITH"},{"data":"Outmaneuver","floor":46,"key":"SMITH"},{"data":"Survivor","floor":49,"key":"SMITH"},{"data":"Corpse Explosion","floor":52,"key":"SMITH"}],"circlet_count":0,"master_deck":["Strike_G+1","Strike_G+1","Strike_G+1","Strike_G+1","Defend_G+1","Defend_G+1","Defend_G+1","Defend_G+1","Survivor+1","Neutralize","Predator","Outmaneuver+1","Noxious Fumes+1","Setup+1","Backstab","Infinite Blades","After Image+1","Footwork+1","Escape Plan","Dodge and Roll+1","Corpse Explosion+1","Dagger Spray+1","Writhe","Bouncing Flask+1","Well Laid Plans","Footwork+1","Noxious Fumes+1","Sucker Punch+1","Cloak And Dagger+1","Tools of the Trade+1","Cloak And Dagger+1","Concentrate+1","Wraith Form v2+1","Catalyst+1","Infinite Blades+1","Blade Dance+1","Caltrops+1","Accuracy+1","Caltrops+1","Footwork+1","Leg Sweep"],"relics":["Ring of the Snake","NeowsBlessing","Bloody Idol","MealTicket","Paper Crane","Lantern","Bag of Marbles","Snecko Eye","Mummified Hand","Pear","Frozen Egg 2","WristBlade","The Courier","Bottled Tornado"],"acts_visited":["Exordium","TheCity","TheBeyond","TheEnding"],"potions_floor_usage":[8,16,18,24,39],"damage_taken":[{"damage":0,"enemies":"Jaw Worm","floor":1,"turns":1},{"damage":0,"enemies":"Small Slimes","floor":3,"turns":1},{"damage":0,"enemies":"Lagavulin","floor":6,"turns":1},{"damage":21,"enemies":"Gremlin Nob","floor":8,"turns":5},{"damage":28,"enemies":"Lagavulin","floor":10,"turns":7},{"damage":0,"enemies":"Cultist","floor":12,"turns":2},{"damage":16,"enemies":"Slime Boss","floor":16,"turns":13},{"damage":5,"enemies":"2 Thieves","floor":18,"turns":5},{"damage":20,"enemies":"Book of Stabbing","floor":24,"turns":7},{"damage":0,"enemies":"3 Byrds","floor":27,"turns":2},{"damage":0,"enemies":"Centurion and Healer","floor":30,"turns":4},{"damage":7,"enemies":"Cultist and Chosen","floor":31,"turns":5},{"damage":17,"enemies":"Collector","floor":33,"turns":8},{"damage":0,"enemies":"Orb Walker","floor":35,"turns":3},{"damage":4,"enemies":"3 Darklings","floor":36,"turns":4},{"damage":4,"enemies":"Spire Growth","floor":38,"turns":4},{"damage":29,"enemies":"Transient","floor":39,"turns":5},{"damage":5,"enemies":"Reptomancer","floor":41,"turns":5},{"damage":0,"enemies":"Sphere and 2 Shapes","floor":42,"turns":4},{"damage":2,"enemies":"3 Darklings","floor":47,"turns":4},{"damage":0,"enemies":"4 Shapes","floor":48,"turns":3},{"damage":69,"enemies":"Awakened One","floor":50,"turns":11},{"damage":46,"enemies":"Shield and Spear","floor":54,"turns":5},{"damage":54,"enemies":"The Heart","floor":55,"turns":5}],"seed_played":"-2993536136190745411","potions_obtained":[{"floor":1,"key":"GhostInAJar"},{"floor":3,"key":"Energy Potion"},{"floor":5,"key":"FairyPotion"},{"floor":8,"key":"SteroidPotion"},{"floor":16,"key":"SkillPotion"},{"floor":18,"key":"AttackPotion"},{"floor":30,"key":"SteroidPotion"},{"floor":35,"key":"Poison Potion"},{"floor":41,"key":"LiquidMemories"}],"is_trial":false,"path_per_floor":["M","?","M","$","?","E","R","E","T","E","R","M","R","$","R","B",null,"M","?","?","?","$","R","E","R","T","M","R","$","M","M","R","B",null,"M","M","?","M","M","R","E","M","T","R","?","R","M","M","R","B",null,"R","$","E","B"],"character_chosen":"THE_SILENT","items_purchased":["Noxious Fumes","Setup","Escape Plan","Dodge and Roll","Bouncing Flask","Well Laid Plans","Noxious Fumes+1","Caltrops+1","Accuracy+1","Caltrops+1","Footwork+1"],"campfire_rested":1,"item_purchase_floors":[4,4,14,14,22,22,29,53,53,53,53],"current_hp_per_floor":[70,53,53,53,53,53,53,32,32,4,25,25,25,40,40,24,59,54,54,54,54,69,69,64,64,64,69,69,80,80,78,78,66,77,80,80,80,80,56,56,56,61,61,61,61,61,64,69,69,24,66,66,80,39,0,0],"gold":76,"neow_bonus":"THREE_ENEMY_KILL","is_daily":false,"chose_seed":false,"campfire_upgraded":11,"win_rate":0.0,"timestamp":1608943275,"path_taken":["M","?","M","$","?","E","R","E","T","E","R","?","R","?","R","BOSS","M","?","?","?","?","R","E","R","T","M","R","$","M","?","R","BOSS","M","M","?","M","M","R","E","?","T","R","?","R","M","M","R","BOSS","R","$","E","BOSS"],"items_purchased_type":["Card","Card","Card","Card","Card","Card","Card","Card","Card","Card","Card"],"build_version":"2020-12-22","purchased_purges":1,"victory":false,"max_hp_per_floor":[70,70,70,70,70,70,70,70,70,70,70,70,70,70,70,70,70,70,70,70,70,70,70,80,80,80,80,80,80,80,80,80,80,80,80,80,80,80,80,80,80,80,80,80,80,80,80,80,80,80,80,80,80,80,80,80],"card_choices":[{"not_picked":["Reflex","Sucker Punch"],"picked":"Predator","floor":1},{"not_picked":["Acrobatics","Catalyst"],"picked":"Outmaneuver","floor":3},{"not_picked":["Prepared","Slice"],"picked":"Backstab","floor":6},{"not_picked":["All Out Attack","Outmaneuver"],"picked":"Infinite Blades","floor":8},{"not_picked":["Sucker Punch","Backflip"],"picked":"After Image","floor":10},{"not_picked":["Dagger Throw","Cloak And Dagger"],"picked":"Footwork","floor":12},{"not_picked":["Grand Finale","Night Terror"],"picked":"Corpse Explosion","floor":16},{"not_picked":["Blade Dance","Prepared"],"picked":"Dagger Spray+1","floor":18},{"not_picked":["Slice","Tactician"],"picked":"Footwork","floor":24},{"not_picked":["Quick Slash","Dagger Spray","Sucker Punch"],"picked":"SKIP","floor":27},{"not_picked":["Endless Agony","Dagger Spray"],"picked":"Sucker Punch+1","floor":30},{"not_picked":["Dagger Spray","Deflect"],"picked":"Cloak And Dagger","floor":31},{"not_picked":["Glass Knife","Grand Finale"],"picked":"Tools of the Trade+1","floor":33},{"not_picked":["Setup","Deadly Poison"],"picked":"Cloak And Dagger+1","floor":35},{"not_picked":["Poisoned Stab","Deadly Poison+1"],"picked":"Concentrate+1","floor":36},{"not_picked":["Reflex","Dagger Spray","Prepared+1"],"picked":"SKIP","floor":38},{"not_picked":["Cloak And Dagger+1","Masterful Stab+1"],"picked":"Wraith Form v2+1","floor":39},{"not_picked":["Skewer","Underhanded Strike+1"],"picked":"Catalyst+1","floor":41},{"not_picked":["Terror+1","Bane+1"],"picked":"Infinite Blades+1","floor":42},{"not_picked":["Quick Slash+1","Deadly Poison"],"picked":"Blade Dance+1","floor":47},{"not_picked":["Quick Slash+1","Dodge and Roll","Deadly Poison"],"picked":"SKIP","floor":48},{"not_picked":["Riddle With Holes+1","Dodge and Roll"],"picked":"Leg Sweep","floor":54}],"player_experience":231601,"relics_obtained":[{"floor":6,"key":"MealTicket"},{"floor":8,"key":"Paper Crane"},{"floor":9,"key":"Lantern"},{"floor":10,"key":"Bag of Marbles"},{"floor":24,"key":"Pear"},{"floor":26,"key":"Frozen Egg 2"},{"floor":41,"key":"The Courier"},{"floor":54,"key":"Bottled Tornado"}],"event_choices":[{"damage_healed":0,"gold_gain":0,"player_choice":"Take Damage","damage_taken":17,"relics_obtained":["Golden Idol"],"max_hp_gain":0,"max_hp_loss":0,"event_name":"Golden Idol","floor":2,"gold_loss":0},{"damage_healed":0,"gold_gain":0,"player_choice":"Got Potions","damage_taken":0,"max_hp_gain":0,"max_hp_loss":0,"event_name":"Lab","floor":5,"gold_loss":0},{"damage_healed":0,"gold_gain":0,"player_choice":"Gave Idol","damage_taken":0,"relics_obtained":["Bloody Idol"],"max_hp_gain":0,"max_hp_loss":0,"event_name":"Forgotten Altar","floor":19,"relics_lost":["Golden Idol"],"gold_loss":0},{"damage_healed":0,"gold_gain":0,"player_choice":"Opened","damage_taken":0,"relics_obtained":["Mummified Hand"],"max_hp_gain":0,"max_hp_loss":0,"event_name":"The Mausoleum","floor":20,"gold_loss":0,"cards_obtained":["Writhe"]},{"damage_healed":0,"gold_gain":0,"player_choice":"Simplicity","damage_taken":0,"max_hp_gain":0,"max_hp_loss":0,"event_name":"Back to Basics","floor":21,"gold_loss":0,"cards_upgraded":["Strike_G","Strike_G","Strike_G","Strike_G","Strike_G","Defend_G","Defend_G","Defend_G","Defend_G"]},{"damage_healed":0,"gold_gain":0,"player_choice":"Ignored","damage_taken":0,"max_hp_gain":0,"max_hp_loss":0,"event_name":"SecretPortal","floor":37,"gold_loss":0},{"cards_removed":["Strike_G"],"damage_healed":0,"gold_gain":0,"player_choice":"Removed Attack","damage_taken":0,"max_hp_gain":0,"max_hp_loss":0,"event_name":"Falling","floor":45,"gold_loss":0}],"is_beta":false,"boss_relics":[{"not_picked":["Fusion Hammer","Runic Dome"],"picked":"Snecko Eye"},{"not_picked":["Pandora\u0027s Box","Busted Crown"],"picked":"WristBlade"}],"items_purged_floors":[14],"is_endless":false,"potions_floor_spawned":[1,3,8,16,18,30,31,33,35,38,41,47,48],"killed_by":"The Heart","ascension_level":5}}