{"host":"oluf6aumjll4vfac","time":1608990314,"event":{"mods":["BaseMod","Colored Map","Colored Powertips","Conspire","Downfall","Minty Spire (QoL Compilation)","Quick Restart","Shop Mod","StSLib","SuperFastMode"],"gold_per_floor":[359,371,371,73,348,348,363,363,431,447,459,49,49,49,49,148,148,159,174,174,174,174],"floor_reached":21,"playtime":387,"items_purged":["Regret"],"score":169,"play_id":"f2812702-39bf-477e-9854-d82fa43419cc","local_time":"20201226214514","is_ascension_mode":false,"campfire_choices":[{"data":"Inflame","floor":6,"key":"SMITH"},{"data":"Dual Wield","floor":8,"key":"SMITH"},{"floor":13,"key":"REST"},{"floor":15,"key":"REST"}],"circlet_count":0,"master_deck":["Strike_R","Strike_R","Strike_R","Strike_R","Strike_R","Defend_R","Defend_R","Defend_R","Bash","Seeing Red","Dropkick","Inflame+1","Anger","Dual Wield+1","Carnage","Carnage","Trip","conspire:HitWhereItHurts","Infernal Blade","Defend_R"],"relics":["Burning Blood","MerchantsRug","Bottled Flame","Paper Frog","Blue Candle","conspire:SlowCooker"],"acts_visited":["Exordium","TheCity"],"potions_floor_usage":[10,10,11,21],"damage_taken":[{"damage":12,"enemies":"2 Louse","floor":1,"turns":3},{"damage":1,"enemies":"Cultist","floor":2,"turns":4},{"damage":12,"enemies":"Small Slimes","floor":7,"turns":3},{"damage":0,"enemies":"Gremlin Gang","floor":10,"turns":1},{"damage":30,"enemies":"Lots of Slimes","floor":11,"turns":4},{"damage":53,"enemies":"Hexaghost","floor":16,"turns":6},{"damage":41,"enemies":"2 Thieves","floor":18,"turns":4},{"damage":29,"enemies":"Shell Parasite","floor":19,"turns":5},{"damage":24,"enemies":"Shelled Parasite and Fungi","floor":21,"turns":2}],"seed_played":"3961603092963538541","potions_obtained":[{"floor":2,"key":"CultistPotion"},{"floor":7,"key":"Explosive Potion"},{"floor":18,"key":"Explosive Potion"}],"is_trial":false,"path_per_floor":["M","M","?","$","?","R","M","R","T","M","M","$","R","?","R","B",null,"M","M","?","M"],"character_chosen":"IRONCLAD","items_purchased":["MerchantsRug","Inflame","Anger","Explosive Potion","Paper Frog","Trip"],"campfire_rested":2,"item_purchase_floors":[4,4,4,4,12,12],"current_hp_per_floor":[50,55,55,55,55,55,49,49,49,55,31,31,55,43,67,20,80,45,22,22,0,0],"gold":174,"neow_bonus":"TWO_FIFTY_GOLD","is_daily":false,"chose_seed":false,"campfire_upgraded":2,"win_rate":0.0,"timestamp":1608990314,"path_taken":["M","M","?","$","?","R","M","R","T","M","?","$","R","?","R","BOSS","M","M","?","?"],"items_purchased_type":["Relic","Card","Card","Potion","Relic","Card"],"build_version":"2020-12-22","purchased_purges":1,"victory":false,"max_hp_per_floor":[80,80,80,80,80,80,80,80,80,80,80,80,80,80,80,80,80,80,80,80,80,80],"card_choices":[{"not_picked":["Anger","Body Slam"],"picked":"Seeing Red","floor":1},{"not_picked":["True Grit","Headbutt"],"picked":"Dropkick","floor":2},{"not_picked":["Sword Boomerang","Second Wind"],"picked":"Dual Wield","floor":7},{"not_picked":["Headbutt","Body Slam"],"picked":"Carnage","floor":10},{"not_picked":["Whirlwind","Twin Strike"],"picked":"Carnage","floor":11},{"not_picked":["Corruption","Limit Break"],"picked":"conspire:HitWhereItHurts","floor":16},{"not_picked":["Anger","Body Slam+1"],"picked":"Infernal Blade","floor":18},{"not_picked":["Sword Boomerang+1","Power Through","Iron Wave"],"picked":"SKIP","floor":19}],"player_experience":52111,"relics_obtained":[{"floor":9,"key":"Bottled Flame"}],"event_choices":[{"damage_healed":0,"gold_gain":0,"player_choice":"Ignored","damage_taken":0,"max_hp_gain":0,"max_hp_loss":0,"event_name":"Golden Wing","floor":3,"gold_loss":0},{"damage_healed":0,"gold_gain":275,"player_choice":"Desecrate","damage_taken":0,"max_hp_gain":0,"max_hp_loss":0,"event_name":"Golden Shrine","floor":5,"gold_loss":0,"cards_obtained":["Regret"]},{"damage_healed":0,"gold_gain":0,"player_choice":"Success","damage_taken":12,"relics_obtained":["Blue Candle"],"max_hp_gain":0,"max_hp_loss":0,"event_name":"Scrap Ooze","floor":14,"gold_loss":0},{"cards_removed":["Defend_R"],"damage_healed":0,"gold_gain":0,"player_choice":"Took Card","damage_taken":0,"max_hp_gain":0,"max_hp_loss":0,"event_name":"NoteForYourself","floor":20,"gold_loss":0,"cards_obtained":["Defend_R"]}],"is_beta":false,"boss_relics":[{"not_picked":["conspire:SeveredTorchhead","Runic Pyramid"],"picked":"conspire:SlowCooker"}],"items_purged_floors":[12],"is_endless":false,"potions_floor_spawned":[2,7,18],"killed_by":"Shelled Parasite and Fungi","ascension_level":0}}