{"host":"ws4mzzemcqsz5e2k","time":1608975350,"event":{"mods":["BaseMod","Colored Powertips","Downfall","Minty Spire (QoL Compilation)","StSLib","没有小屋子和绿帽子啦"],"gold_per_floor":[99,119,137,237,70,170,170,170,95,110,122,22,22,36,56,156,156,81,81,99,27,27,62,87,121,192,192,270,270,195,70,76,190,190,190,299,410,708,708,708,757,358,358,404,404,404,404,8,26,139,139,139,206,226,18,32,32,57,114,114,114,176,176,176,136,192,382,382,382,592,223,361,452,118,148,148,225,340,589,197,197,197,231,447,447,447,692,1996,2963,2706,2706,3331,3331,3331,3859,5017,5017],"floor_reached":96,"playtime":4547,"items_purged":["sneckomod:Strike","Pain","sneckomod:SnekBite","sneckomod:Defend","sneckomod:TailWhip","sneckomod:Defend","sneckomod:Defend","sneckomod:Unknown"],"score":1641,"play_id":"89ae7911-f0a9-484f-9469-c34c941d9a0e","local_time":"20201226173550","daily_mods":["Heirloom","downfall:Lament"],"is_ascension_mode":false,"campfire_choices":[{"floor":1.0,"key":"RECALL"},{"data":"sneckomod:SerpentIdol","floor":9.0,"key":"SMITH"},{"data":"sneckomod:SnakeSap","floor":13.0,"key":"SMITH"},{"data":"sneckomod:Cheat","floor":18.0,"key":"SMITH"},{"floor":30.0,"key":"REST"},{"data":"sneckomod:GlitteringGambit","floor":35.0,"key":"SMITH"},{"floor":43.0,"key":"REST"},{"floor":45.0,"key":"REST"},{"data":"sneckomod:UnknownVulnerable","floor":47.0,"key":"SMITH"},{"data":"sneckomod:SerpentMind","floor":52.0,"key":"SMITH"},{"data":"sneckomod:UnknownX","floor":57.0,"key":"SMITH"},{"data":"sneckomod:GlitteringGambit","floor":63.0,"key":"SMITH"},{"data":"sneckomod:UnknownUncommonPower","floor":69.0,"key":"SMITH"},{"data":"sneckomod:UnknownRareAttack","floor":76.0,"key":"SMITH"},{"data":"sneckomod:UnknownRareSkill","floor":81,"key":"SMITH"},{"data":"sneckomod:SlitherStrike","floor":86,"key":"SMITH"},{"data":"sneckomod:UnknownRarePower","floor":94,"key":"SMITH"}],"circlet_count":0,"master_deck":["sneckomod:UnknownVulnerable+1","sneckomod:SerpentIdol+1","sneckomod:WideSting+1","sneckomod:SnakeSap+1","sneckomod:SlitherStrike+1","sneckomod:Cheat+1","CurseOfTheBell","sneckomod:DiceBoulder","sneckomod:GlitteringGambit+1","sneckomod:Nope","sneckomod:GlitteringGambit+1","sneckomod:IronFang+1","sneckomod:SerpentMind+1","sneckomod:UnknownRareSkill+1","sneckomod:UnknownUncommonPower+1","sneckomod:UnknownX+1","sneckomod:CheapStock","sneckomod:SoulDraw+1","sneckomod:SoulDraw+1","sneckomod:UnknownRareAttack","sneckomod:UnknownRareSkill","sneckomod:UnknownRarePower+1","sneckomod:CheapStock","sneckomod:IronFang+1"],"relics":["sneckomod:SuperSneckoSoul","NeowsBlessing","StoneCalendar","Gremlin Horn","OrangePellets","WarpedTongs","downfall:HeartBlessingRed","Calling Bell","Juzu Bracelet","Kunai","champ:DuelingGlove","downfall:HeartBlessingBlue","Red Mask","Oddly Smooth Stone","Letter Opener","downfall:HeartBlessingGreen","Philosopher\u0027s Stone","Regal Pillow","Eternal Feather","HornCleat","Shuriken","MealTicket","sneckomod:SneckoTalon","NeowsBlessing","Art of War","Membership Card","Meat on the Bone","War Paint","Vajra","ClockworkSouvenir","TheAbacus","Omamori","Potion Belt","CultistMask","Empty Cage","Peace Pipe","sneckomod:RareBoosterPack","Dream Catcher","Lantern"],"acts_visited":["Exordium","TheCity","TheBeyond","Exordium","TheCity","TheBeyond"],"potions_floor_usage":[83,92,95],"damage_taken":[{"damage":0.0,"enemies":"2 Louse","floor":2.0,"turns":1.0},{"damage":0.0,"enemies":"Small Slimes","floor":3.0,"turns":1.0},{"damage":0.0,"enemies":"downfall:FleeingMerchant","floor":5.0,"turns":1.0},{"damage":17.0,"enemies":"downfall:Heads","floor":6.0,"turns":3.0},{"damage":2.0,"enemies":"Cultist","floor":10.0,"turns":2.0},{"damage":0.0,"enemies":"3 Louse","floor":11.0,"turns":2.0},{"damage":0.0,"enemies":"Large Slime","floor":14.0,"turns":3.0},{"damage":2.0,"enemies":"3 Louse","floor":15.0,"turns":2.0},{"damage":34.0,"enemies":"downfall:Ironclad","floor":16.0,"turns":5.0},{"damage":0.0,"enemies":"Spheric Guardian","floor":20.0,"turns":2.0},{"damage":5.0,"enemies":"Masked Bandits","floor":23.0,"turns":3.0},{"damage":0.0,"enemies":"3 Byrds","floor":25.0,"turns":3.0},{"damage":54.0,"enemies":"Book of Stabbing","floor":26.0,"turns":5.0},{"damage":21.0,"enemies":"Sentry and Sphere","floor":28.0,"turns":4.0},{"damage":9.0,"enemies":"Centurion and Healer","floor":32.0,"turns":5.0},{"damage":14.0,"enemies":"downfall:Watcher","floor":33.0,"turns":7.0},{"damage":67.0,"enemies":"3 Darklings","floor":36.0,"turns":6.0},{"damage":31.0,"enemies":"Orb Walker","floor":37.0,"turns":4.0},{"damage":0.0,"enemies":"Jaw Worm Horde","floor":38.0,"turns":2.0},{"damage":10.0,"enemies":"Giant Head","floor":44.0,"turns":6.0},{"damage":28.0,"enemies":"Writhing Mass","floor":49.0,"turns":5.0},{"damage":56.0,"enemies":"downfall:Defect","floor":50.0,"turns":8.0},{"damage":0.0,"enemies":"2 Louse","floor":53.0,"turns":3.0},{"damage":0.0,"enemies":"Jaw Worm","floor":54.0,"turns":1.0},{"damage":0.0,"enemies":"Cultist","floor":56.0,"turns":2.0},{"damage":12.0,"enemies":"Gremlin Nob","floor":59.0,"turns":3.0},{"damage":12.0,"enemies":"2 Fungi Beasts","floor":62.0,"turns":3.0},{"damage":0.0,"enemies":"Large Slime","floor":66.0,"turns":2.0},{"damage":0.0,"enemies":"Slime Boss","floor":67.0,"turns":4.0},{"damage":50.0,"enemies":"Shell Parasite","floor":70.0,"turns":5.0},{"damage":6.0,"enemies":"3 Cultists","floor":72.0,"turns":3.0},{"damage":21.0,"enemies":"Snake Plant","floor":73.0,"turns":2.0},{"damage":64.0,"enemies":"Book of Stabbing","floor":75.0,"turns":4.0},{"damage":23.0,"enemies":"Gremlin Leader","floor":77.0,"turns":3.0},{"damage":16.0,"enemies":"Chosen and Byrds","floor":78.0,"turns":3.0},{"damage":25,"enemies":"3 Cultists","floor":79,"turns":3},{"damage":7,"enemies":"Snake Plant","floor":83,"turns":3},{"damage":30,"enemies":"Champ","floor":84,"turns":6},{"damage":27,"enemies":"3 Darklings","floor":87,"turns":3},{"damage":15,"enemies":"3 Shapes","floor":88,"turns":2},{"damage":67,"enemies":"Mind Bloom Boss Battle","floor":89,"turns":5},{"damage":22,"enemies":"Giant Head","floor":92,"turns":6},{"damage":16,"enemies":"Sphere and 2 Shapes","floor":95,"turns":4},{"damage":42,"enemies":"4 Shapes","floor":96,"turns":2}],"seed_played":"-6987095299775162354","potions_obtained":[{"floor":3.0,"key":"LiquidMemories"},{"floor":11.0,"key":"FearPotion"},{"floor":14.0,"key":"Dexterity Potion"},{"floor":16.0,"key":"SkillPotion"},{"floor":20.0,"key":"Fire Potion"},{"floor":26.0,"key":"SkillPotion"},{"floor":28.0,"key":"Weak Potion"},{"floor":29.0,"key":"EntropicBrew"},{"floor":37.0,"key":"Slimebound:ThreeZeroPotion"},{"floor":49.0,"key":"Explosive Potion"},{"floor":56.0,"key":"sneckomod:DiceRollPotion"},{"floor":60.0,"key":"sneckomod:CheatPotion"},{"floor":75.0,"key":"hexamod:EctoCoolerPotion"},{"floor":77.0,"key":"Ancient Potion"},{"floor":79,"key":"Fire Potion"},{"floor":88,"key":"Ancient Potion"},{"floor":92,"key":"hexamod:EctoCoolerPotion"},{"floor":95,"key":"SpeedPotion"}],"is_trial":true,"path_per_floor":["R","M","M","?","$","?","T","?","R","M","M","$","R","M","M","B",null,"R","?","M","$","?","?","T","M","E","?","M","?","R","$","M","B",null,"R","M","M","M","?","?","T","$","R","E","R","?","R","$","M","B",null,"R","M","M","$","M","R","T","E","?","$","M","R","?","$","M","B",null,"R","M","$","M","M","$","E","R","E","M","M","$","R","?","M","B",null,"R","M","M","?","$","?","E","?","R","M","M"],"character_chosen":"THE_SNECKO","items_purchased":["Gremlin Horn","OrangePellets","sneckomod:DiceBoulder","Eternal Feather","Shuriken","MealTicket","sneckomod:UnknownUncommonPower","sneckomod:CheapStock","Membership Card","Meat on the Bone","War Paint","Vajra","ClockworkSouvenir","TheAbacus","Omamori","Potion Belt","Regen Potion","sneckomod:RareBoosterPack","Dream Catcher","Lantern","sneckomod:CheapStock"],"campfire_rested":3,"item_purchase_floors":[5,5,21,42,48,48,55,65,71,71,74,74,74,80,80,80,80,90,90,90,90],"current_hp_per_floor":[90,90,91,91,91,74,74,74,74,72,72,72,72,72,70,36,91,101,101,101,101,101,96,96,96,42,42,21,21,51,51,42,35,101,101,34,3,3,3,3,3,3,57,47,101,101,101,101,73,18,102,102,102,102,103,104,104,104,92,92,104,92,104,104,104,104,105,119,119,69,84,78,69,84,32,44,33,29,16,31,43,43,57,39,119,119,92,77,22,37,37,27,27,39,35,0,0],"gold":5017,"neow_bonus":"","is_daily":false,"chose_seed":false,"campfire_upgraded":13,"win_rate":0.0,"timestamp":1608975350,"path_taken":["R","M","M","?","$","?","T","?","R","M","M","$","R","?","M","BOSS","R","?","M","$","?","?","T","M","E","?","M","?","R","$","M","BOSS","R","M","M","M","?","?","T","$","R","E","R","?","R","$","M","BOSS","R","M","M","$","M","R","T","E","?","?","M","R","?","$","M","BOSS","R","M","$","M","M","$","E","R","E","M","M","$","R","?","M","BOSS","R","M","M","?","$","?","E","?","R","M","M"],"items_purchased_type":["Relic","Relic","Card","Relic","Relic","Relic","Card","Card","Relic","Relic","Relic","Relic","Relic","Relic","Relic","Relic","Potion","Relic","Relic","Relic","Card"],"build_version":"2020-12-22","purchased_purges":8,"victory":false,"max_hp_per_floor":[90,90,91,91,91,91,91,91,91,91,91,91,91,91,91,91,91,101,101,101,101,101,101,101,101,101,101,101,101,101,101,101,101,101,101,101,101,101,101,101,101,101,101,101,101,101,101,101,101,102,102,102,102,102,103,104,104,104,104,104,104,104,104,104,104,104,105,119,119,119,119,119,119,119,119,119,119,119,119,119,119,119,119,119,119,119,119,119,119,119,119,119,119,119,119,119,119],"card_choices":[{"not_picked":["sneckomod:QuickBite","sneckomod:UnknownBlock","sneckomod:SoulDraw"],"picked":"SKIP","floor":2.0},{"not_picked":["sneckomod:UnknownClassPURPLE","sneckomod:UnknownBlock"],"picked":"sneckomod:UnknownVulnerable","floor":3.0},{"not_picked":["sneckomod:DiceCrush","sneckomod:PureSnecko"],"picked":"sneckomod:SerpentIdol","floor":5.0},{"not_picked":["sneckomod:UnknownBlock","sneckomod:SnekBeam"],"picked":"sneckomod:WideSting","floor":6.0},{"not_picked":["sneckomod:PureSnecko","sneckomod:UnknownCommonSkill"],"picked":"sneckomod:SnakeSap","floor":10.0},{"not_picked":["sneckomod:IronFang","sneckomod:DiceCrush","sneckomod:SnakeSap"],"picked":"SKIP","floor":11.0},{"not_picked":["sneckomod:RainOfDice","sneckomod:UnknownWeak","sneckomod:DiceCrush"],"picked":"SKIP","floor":14.0},{"not_picked":["sneckomod:UnknownStrike","sneckomod:UnknownEthereal"],"picked":"sneckomod:SlitherStrike","floor":15.0},{"not_picked":["sneckomod:UnknownRareSkill","sneckomod:Restock"],"picked":"sneckomod:Cheat","floor":16.0},{"not_picked":["sneckomod:DiceBlock","sneckomod:UnknownWeak+1","sneckomod:UnknownCommonSkill"],"picked":"SKIP","floor":20.0},{"not_picked":["sneckomod:UnknownStrike","sneckomod:UnknownCommonSkill+1"],"picked":"sneckomod:GlitteringGambit","floor":23.0},{"not_picked":["sneckomod:DangerNoodle","sneckomod:UnknownClassSLIMEBOUND"],"picked":"sneckomod:Nope","floor":25.0},{"not_picked":["sneckomod:SnakeSap","sneckomod:UnknownBlock+1","sneckomod:DiceCrush"],"picked":"SKIP","floor":26.0},{"not_picked":["sneckomod:PureSnecko","sneckomod:UnknownClassSLIMEBOUND","sneckomod:QuickBite"],"picked":"SKIP","floor":28.0},{"not_picked":["sneckomod:UnknownStrike","sneckomod:UnknownVulnerable","sneckomod:QuickBite"],"picked":"SKIP","floor":32.0},{"not_picked":["sneckomod:UnknownRareAttack","sneckomod:UnknownColorless"],"picked":"sneckomod:GlitteringGambit","floor":33.0},{"not_picked":["sneckomod:PureSnecko","sneckomod:UnknownVulnerable+1","sneckomod:SoulCleanse+1"],"picked":"SKIP","floor":36.0},{"not_picked":["sneckomod:QuickMove","sneckomod:WideSting","sneckomod:SoulRoll"],"picked":"SKIP","floor":37.0},{"not_picked":["sneckomod:Nope+1","sneckomod:UnknownVulnerable+1"],"picked":"sneckomod:IronFang+1","floor":38.0},{"not_picked":["sneckomod:UnknownStrike","sneckomod:SnekBeam+1","sneckomod:UnknownClassBLUE"],"picked":"SKIP","floor":44.0},{"not_picked":["sneckomod:PureSnecko+1","sneckomod:SoulRoll+1","sneckomod:SlitherStrike"],"picked":"SKIP","floor":49.0},{"not_picked":["sneckomod:Restock","sneckomod:SoulExchange"],"picked":"sneckomod:SerpentMind","floor":50.0},{"not_picked":["sneckomod:Mudshield","sneckomod:GlitteringGambit"],"picked":"sneckomod:UnknownRareSkill","floor":50.0},{"not_picked":["sneckomod:Unknown1Cost","sneckomod:SnekBeam","sneckomod:QuickBite"],"picked":"SKIP","floor":53.0},{"not_picked":["sneckomod:ImprovisedAttack","sneckomod:UnknownVulnerable","sneckomod:UnknownClassSLIMEBOUND"],"picked":"SKIP","floor":54.0},{"not_picked":["sneckomod:UnknownBlock","sneckomod:QuickMove"],"picked":"sneckomod:UnknownX","floor":56.0},{"not_picked":["sneckomod:IronFang","sneckomod:Mudshield","sneckomod:SoulDraw"],"picked":"SKIP","floor":59.0},{"not_picked":["sneckomod:Unknown2Cost","sneckomod:RainOfDice","sneckomod:UnknownBlock"],"picked":"SKIP","floor":62.0},{"not_picked":["sneckomod:UnknownStrike","sneckomod:UnknownCommonSkill"],"picked":"sneckomod:SoulDraw","floor":66.0},{"not_picked":["sneckomod:DangerNoodle","sneckomod:GlitteringGambit"],"picked":"sneckomod:UnknownRareAttack","floor":67.0},{"not_picked":["sneckomod:UnknownDexterity+1","sneckomod:UnknownStrike","sneckomod:UnknownVulnerable"],"picked":"SKIP","floor":70.0},{"not_picked":["sneckomod:Rotation","sneckomod:UnknownClassGREEN+1"],"picked":"sneckomod:SoulDraw","floor":72.0},{"not_picked":["sneckomod:UnknownVulnerable","sneckomod:CheapStock","sneckomod:UnknownWeak"],"picked":"SKIP","floor":73.0},{"not_picked":["sneckomod:ImprovisedGuard","sneckomod:DiceCrush","sneckomod:SerpentMind"],"picked":"SKIP","floor":75.0},{"not_picked":["sneckomod:QuickBite+1","sneckomod:SerpentIdol","sneckomod:QuickMove"],"picked":"SKIP","floor":77.0},{"not_picked":["sneckomod:UnknownClassPURPLE","sneckomod:UnknownUncommonAttack+1","sneckomod:UnknownStrike"],"picked":"SKIP","floor":78.0},{"not_picked":["sneckomod:UnknownClassHEXA_GHOST_PURPLE+1","sneckomod:SoulDraw+1","sneckomod:WideSting"],"picked":"SKIP","floor":79},{"not_picked":["sneckomod:SoulRoll+1","sneckomod:DiceBlock","sneckomod:MasterEye"],"picked":"SKIP","floor":83},{"not_picked":["sneckomod:UnknownVulnerable","sneckomod:WideSting+1","sneckomod:UnknownBlock"],"picked":"SKIP","floor":87},{"not_picked":["sneckomod:UnknownClassPURPLE","sneckomod:UnknownWeak","sneckomod:QuickBite"],"picked":"SKIP","floor":88},{"not_picked":["sneckomod:DiceBlock","sneckomod:UnknownVulnerable"],"picked":"sneckomod:IronFang+1","floor":92},{"not_picked":["sneckomod:DiceCrush+1","sneckomod:UnknownUncommonAttack","sneckomod:SoulRoll"],"picked":"SKIP","floor":95}],"player_experience":1533879,"relics_obtained":[{"floor":17.0,"key":"Juzu Bracelet"},{"floor":17.0,"key":"Kunai"},{"floor":17.0,"key":"champ:DuelingGlove"},{"floor":23.0,"key":"Red Mask"},{"floor":24.0,"key":"Oddly Smooth Stone"},{"floor":26.0,"key":"Letter Opener"},{"floor":41.0,"key":"Regal Pillow"},{"floor":44.0,"key":"HornCleat"},{"floor":58.0,"key":"Art of War"},{"floor":89,"key":"Peace Pipe"}],"event_choices":[{"damage_healed":0.0,"max_hp_gain":0.0,"max_hp_loss":0.0,"gold_gain":0.0,"event_name":"Accursed Blacksmith","player_choice":"Rummage","floor":8.0,"gold_loss":0.0,"damage_taken":0.0,"relics_obtained":["WarpedTongs"],"cards_obtained":["Pain"]},{"damage_healed":0.0,"max_hp_gain":0.0,"max_hp_loss":0.0,"gold_gain":0.0,"event_name":"Vampires","player_choice":"Ignored","floor":19.0,"gold_loss":0.0,"damage_taken":0.0},{"damage_healed":0.0,"max_hp_gain":0.0,"max_hp_loss":0.0,"gold_gain":0.0,"event_name":"Ghosts","player_choice":"Ignored","floor":22.0,"gold_loss":0.0,"damage_taken":0.0},{"damage_healed":0.0,"max_hp_gain":0.0,"max_hp_loss":0.0,"gold_gain":0.0,"event_name":"Masked Bandits","player_choice":"Fought Bandits","floor":23.0,"gold_loss":0.0,"damage_taken":0.0},{"damage_healed":0.0,"max_hp_gain":0.0,"max_hp_loss":0.0,"gold_gain":0.0,"event_name":"The Library","player_choice":"Read","floor":27.0,"gold_loss":0.0,"damage_taken":0.0,"cards_obtained":["sneckomod:CheapStock"]},{"damage_healed":0.0,"max_hp_gain":0.0,"max_hp_loss":0.0,"gold_gain":0.0,"event_name":"Lab","player_choice":"Got Potions","floor":29.0,"gold_loss":0.0,"damage_taken":0.0},{"cards_removed":["sneckomod:CheapStock"],"damage_healed":0.0,"max_hp_gain":0.0,"max_hp_loss":0.0,"gold_gain":0.0,"event_name":"Falling","player_choice":"Removed Power","floor":39.0,"gold_loss":0.0,"damage_taken":0.0},{"damage_healed":0.0,"max_hp_gain":0.0,"max_hp_loss":0.0,"gold_gain":0.0,"event_name":"Lab","player_choice":"Got Potions","floor":60.0,"gold_loss":0.0,"damage_taken":0.0},{"damage_healed":0,"gold_gain":0,"player_choice":"Trade","damage_taken":0,"relics_obtained":["CultistMask"],"max_hp_gain":0,"max_hp_loss":0,"event_name":"FaceTrader","floor":82,"gold_loss":0},{"cards_removed":["sneckomod:UnknownRareAttack"],"damage_healed":0,"gold_gain":0,"player_choice":"Removed Attack","damage_taken":0,"max_hp_gain":0,"max_hp_loss":0,"event_name":"Falling","floor":91,"gold_loss":0},{"damage_healed":0,"gold_gain":0,"player_choice":"Ignored","damage_taken":0,"max_hp_gain":0,"max_hp_loss":0,"event_name":"Mysterious Sphere","floor":93,"gold_loss":0}],"is_beta":false,"boss_relics":[{"not_picked":["Snecko Eye","Cursed Key"],"picked":"Calling Bell"},{"not_picked":["Pandora\u0027s Box","Runic Pyramid"],"picked":"Philosopher\u0027s Stone"},{"not_picked":["Velvet Choker","SlaversCollar"],"picked":"sneckomod:SneckoTalon"},{"not_picked":["Black Star","Coffee Dripper"],"picked":"sneckomod:SuperSneckoSoul"},{"not_picked":["Sozu","Astrolabe"],"picked":"Empty Cage"}],"items_purged_floors":[5,12,31,42,55,71,74,80],"is_endless":true,"potions_floor_spawned":[3,11,14,16,20,26,28,37,49,56,62,67,73,75,77,79,88,92,95],"killed_by":"4 Shapes","ascension_level":0}}