{"host":"az8lnyxx7l5ect6t","time":1608948620,"event":{"mods":["2.2 Compatiblity","AchievementEnabler","Act Like it!","Aspiration","BaseMod","Bestiary","Better Third Choice","BetterRewards","Block Reminder","Challenge The Spire","Conspire","Curses Come First","Defuse TimeMaze Blight","Disable Question Mark Monsters","Displayed Cursed Tome","Downfall","Elementarium","Halation","Hallownest","Hubris","Hyrulean Relics","Infinite Spire","Jedi Mod","Keyboard Shortcuts","Minty Spire (QoL Compilation)","MonsterHotkey","Quick Restart","Relic Stats","Replay The Spire","Spicy Shops","StSLib","The Blue Laboratory","Thieving Mod","Trackpad","Uncapped","Unknown Chances","Wandering Minibosses","vexMod"],"gold_per_floor":[114,114,126,140,13,13,13,0,0,0,15,15,15,15,25,25,121,121,139,89,131,151,79,91,91,143,143,143,143,143],"floor_reached":28,"playtime":1727,"items_purged":[],"score":228,"play_id":"28e0b5f8-f8f2-4b41-83fb-093c2978ac63","local_time":"20201225211020","is_ascension_mode":false,"campfire_choices":[{"data":"expansioncontent:Flail","floor":6.0,"key":"SMITH"},{"data":"Guardian:EvasiveProtocol","floor":10.0,"key":"SMITH"},{"data":"Guardian:TwinSlam","floor":16.0,"key":"SMITH"},{"floor":25,"key":"REST"},{"data":"infinitespire:TheBestDefense","floor":27,"key":"SMITH"}],"circlet_count":0,"master_deck":["Guardian:Strike_Guardian","Guardian:Strike_Guardian","Guardian:Strike_Guardian","Guardian:Strike_Guardian","Guardian:Defend_Guardian","Guardian:Defend_Guardian","Guardian:Defend_Guardian","Guardian:Defend_Guardian","Guardian:CurlUp","Guardian:TwinSlam+1","expansioncontent:Flail+1","Guardian:PiercingHide","Guardian:Recover","Guardian:PrimingBeam","Guardian:EvasiveProtocol+1","Guardian:TimeSifter","Guardian:TemporalStrike","Guardian:MultiBeam+1","conspire:SpireCoStock","Guardian:FloatingOrbs","Guardian:PrimingBeam","Guardian:DecasProtection","Guardian:PiercingHide","infinitespire:TheBestDefense+1","Guardian:PrimingBeam"],"relics":["Guardian:ModeShifter","Hallownest:DreamNailRelic","Guardian:PocketSentry","hubris:SlimyHat","jedi:angrymask","expansioncontent:StudyCardRelic","Blood Vial"],"acts_visited":["Exordium","Hallownest:Greenpath"],"potions_floor_usage":[26],"damage_taken":[{"damage":1.0,"enemies":"Hallownest:2_Baldur","floor":1.0,"turns":4.0},{"damage":0.0,"enemies":"Hallownest:monsterHuskGuard","floor":3.0,"turns":6.0},{"damage":0.0,"enemies":"Hallownest:2_MossCreeps","floor":4.0,"turns":4.0},{"damage":0.0,"enemies":"Hallownest:MossCreep_and_Mosskin","floor":11.0,"turns":6.0},{"damage":0.0,"enemies":"Hallownest:Wandering_and_Horned","floor":15.0,"turns":8.0},{"damage":54,"enemies":"Hallownest:BossBrokenVessel","floor":17,"turns":22},{"damage":3,"enemies":"Hallownest:Flukemon_and_Top","floor":19,"turns":5},{"damage":24,"enemies":"Hallownest:Guard_and_Sentry","floor":21,"turns":5},{"damage":9,"enemies":"Hallownest:monsterMisterMushroom","floor":22,"turns":7},{"damage":12,"enemies":"Hallownest:3_Mistakes","floor":24,"turns":3},{"damage":2,"enemies":"Nightmare","floor":26,"turns":9}],"seed_played":"6897714124455323938","potions_obtained":[{"floor":3.0,"key":"blueLaboratory:EnragingPotion"},{"floor":11.0,"key":"blueLaboratory:PolymorphPotion"},{"floor":21,"key":"LiquidBronze"}],"is_trial":false,"path_per_floor":["M","?","M","M","$","R","$","?","T","R","M","$","T","?","M","R","B",null,"M","?","M","M","$","M","R","NM","R","?"],"character_chosen":"GUARDIAN","items_purchased":["Guardian:EvasiveProtocol","Guardian:Gem_Cyan","Guardian:DecasProtection"],"campfire_rested":1,"item_purchase_floors":[5,5,23],"current_hp_per_floor":[79,79,79,79,79,79,79,79,79,79,79,79,79,69,69,69,15,80,77,77,53,44,44,32,56,54,54,0,0,0],"gold":143,"neow_bonus":"RANDOM_COLORLESS","is_daily":false,"chose_seed":false,"campfire_upgraded":4,"win_rate":0.0,"timestamp":1608948620,"path_taken":["M","?","?","M","$","R","?","?","T","R","?","$","?","?","?","R","BOSS","M","?","M","M","$","M","R","NM","R","?"],"items_purchased_type":["Card","Card","Card"],"build_version":"2020-12-22","purchased_purges":0,"victory":false,"max_hp_per_floor":[80,80,80,80,80,80,80,80,80,80,80,80,80,80,80,80,80,80,80,80,80,80,80,80,80,80,80,80,80,80],"relic_stats":{"Blood Vial":0,"counters":[11,77],"obtain_stats":[{"Blood Vial":26,"jedi:angrymask":13,"Guardian:ModeShifter":0,"Hallownest:DreamNailRelic":2,"Guardian:PocketSentry":8,"hubris:SlimyHat":9,"expansioncontent:StudyCardRelic":18},{"Blood Vial":11,"jedi:angrymask":4,"Guardian:ModeShifter":0,"Hallownest:DreamNailRelic":1,"Guardian:PocketSentry":3,"hubris:SlimyHat":3,"expansioncontent:StudyCardRelic":6},{"Blood Vial":77,"jedi:angrymask":19,"Guardian:ModeShifter":0,"Hallownest:DreamNailRelic":4,"Guardian:PocketSentry":14,"hubris:SlimyHat":14,"expansioncontent:StudyCardRelic":49}]},"card_choices":[{"not_picked":["expansioncontent:Hexaburn","Trip"],"picked":"expansioncontent:Flail","floor":0.0},{"not_picked":["Guardian:CrystalBeam","Guardian:PrimingBeam"],"picked":"Guardian:PiercingHide","floor":1.0},{"not_picked":["Guardian:Clone","Guardian:Incinerate"],"picked":"Guardian:Recover","floor":3.0},{"not_picked":["Guardian:MultiBeam","Guardian:Incinerate"],"picked":"Guardian:PrimingBeam","floor":4.0},{"not_picked":["Guardian:Preprogram","Guardian:BronzeOrb"],"picked":"Guardian:TimeSifter","floor":11.0},{"not_picked":["Guardian:MultiBeam","Guardian:Gem_Cyan"],"picked":"Guardian:TemporalStrike","floor":15.0},{"not_picked":["Guardian:GemFire","Guardian:ConstructionForm"],"picked":"Guardian:Gem_Synthetic","floor":17},{"not_picked":["Guardian:ShieldCharger","Guardian:Gem_Green"],"picked":"Guardian:MultiBeam+1","floor":19},{"not_picked":["Guardian:DonusPower","Guardian:Gem_Lightblue"],"picked":"Guardian:FloatingOrbs","floor":21},{"not_picked":["Guardian:ShieldCharger","Guardian:Planning+1"],"picked":"Guardian:PrimingBeam","floor":22},{"not_picked":["Guardian:Reroute","Guardian:Suspension"],"picked":"Guardian:PiercingHide","floor":24},{"not_picked":["infinitespire:Fortify","infinitespire:Gouge"],"picked":"infinitespire:TheBestDefense","floor":26},{"not_picked":["Guardian:TimeBomb","Guardian:Clone+1"],"picked":"Guardian:PrimingBeam","floor":26}],"player_experience":693817,"relics_obtained":[{"floor":9.0,"key":"hubris:SlimyHat"},{"floor":13.0,"key":"jedi:angrymask"},{"floor":26,"key":"Blood Vial"}],"event_choices":[{"damage_healed":0,"gold_gain":0,"player_choice":"Invest 1","damage_taken":0,"max_hp_gain":0,"max_hp_loss":0,"event_name":"conspire:Investor","floor":20,"gold_loss":0}],"is_beta":false,"boss_relics":[{"not_picked":["Replay:Wanted Poster","Velvet Choker"],"picked":"expansioncontent:StudyCardRelic"}],"items_purged_floors":[],"is_endless":true,"potions_floor_spawned":[3,11,21,22],"ascension_level":0}}