{"host":"acpsw8r33r8788yr","time":1608979572,"event":{"mods":["BaseMod","Better Altar","Better Skull","Better Third Choice","BetterRewards","Colored Map","Downfall","Hermit","Highlight Path","Hubris","Minty Spire (QoL Compilation)","Quick Restart","Replay The Spire","Robot Space Explorer","Shop Mod","StSLib","The Animator","The Bug Knight","The Construct","The Cursed","The Disciple","The Jungle","The Runesmith","The Senshi"],"gold_per_floor":[113,113,113,128,142,168,168,228,228,243,418,428,443,26,26,125,125,142,28,38,38,48,48,48],"floor_reached":23,"playtime":1807,"items_purged":["Regret"],"score":193,"play_id":"835997be-a05d-4bf5-ab21-378182f9d287","local_time":"20201226024612","is_ascension_mode":false,"campfire_choices":[{"data":"ReapSow","floor":15,"key":"SMITH"}],"circlet_count":0,"master_deck":["Strike_Br","Strike_Br+1","Defend_Br+1","Defend_Br","Defend_Br+1","SecondHand","PatternShift","Analog+1","EscortCommand","Goo","Goo","Sadistic Nature+1","Replay:SS_forest_2+1","ShortSighted+1","WindUp","BiteCommand","HandsUpC","BlueShift","Echoward","ReapSow+7","Allegro+1","Flay","BiteCommand","LockedBlood"],"relics":["Chronometer","hubris:TenFootPole","hubris:MedicalManual","ReplayTheSpireMod:ShopPack","War Paint","Happy Flower","theSenshi:SailorFukuRelic","The Courier","Guide Book","Tiny Chest","Juzu Bracelet","Replay:Drink Me","Whetstone"],"acts_visited":["Exordium","TheCity"],"potions_floor_usage":[12,16,16,18,22],"damage_taken":[{"damage":0,"enemies":"Small Slimes","floor":1,"turns":4},{"damage":4,"enemies":"2 Louse","floor":4,"turns":4},{"damage":1,"enemies":"Cultist","floor":5,"turns":5},{"damage":13,"enemies":"Lagavulin","floor":6,"turns":7},{"damage":10,"enemies":"Large Slime","floor":10,"turns":6},{"damage":0,"enemies":"3 Louse","floor":12,"turns":4},{"damage":3,"enemies":"Blue Slaver","floor":13,"turns":5},{"damage":15,"enemies":"The Guardian","floor":16,"turns":9},{"damage":18,"enemies":"2 Thieves","floor":18,"turns":4},{"damage":3,"enemies":"Chosen","floor":20,"turns":5},{"damage":8,"enemies":"Snake Plant","floor":22,"turns":5},{"damage":0,"enemies":"Replay:Snechameleon","floor":23,"turns":1}],"seed_played":"402667112737132755","potions_obtained":[{"floor":1,"key":"ColorlessPotion"},{"floor":3,"key":"BlessingOfTheForge"},{"floor":3,"key":"Dexterity Potion"},{"floor":6,"key":"Energy Potion"},{"floor":13,"key":"SkillPotion"},{"floor":16,"key":"champ:CounterPotion"},{"floor":18,"key":"Languid Potion"}],"is_trial":false,"path_per_floor":["M","?","?","M","M","E","?","?","T","M","?","M","M","$","R","B",null,"M","$","M","?","M","E"],"character_chosen":"CHRONO_CLASS","items_purchased":["hubris:TenFootPole","Analog","ReplayTheSpireMod:ShopPack","Goo","Guide Book","Tiny Chest","Juzu Bracelet","Whetstone"],"campfire_rested":0,"item_purchase_floors":[0,0,0,0,14,14,14,19],"current_hp_per_floor":[34,34,34,40,49,46,46,33,33,33,33,43,40,40,40,25,49,41,41,38,38,30,30,30],"gold":48,"neow_bonus":"","is_daily":false,"chose_seed":false,"campfire_upgraded":1,"win_rate":0.0,"timestamp":1608979572,"path_taken":["M","?","?","M","?","E","?","?","T","M","?","M","M","$","R","BOSS","M","$","M","?","M","E"],"items_purchased_type":["Relic","Card","Relic","Card","Relic","Relic","Relic","Relic"],"build_version":"2020-12-22","purchased_purges":1,"victory":false,"max_hp_per_floor":[65,65,65,65,65,65,65,65,65,65,65,65,65,65,65,65,49,49,49,49,49,49,49,49],"card_choices":[{"not_picked":["Panache","expansioncontent:DashGenerateEvil"],"picked":"Sadistic Nature","floor":0},{"not_picked":["expansioncontent:StudyTheSpire","Replay:SS_fish_3"],"picked":"Replay:SS_forest_2","floor":0},{"not_picked":["WindUp","FormalWear","LockedScales"],"picked":"SKIP","floor":1},{"not_picked":["WakeUpCall","LockedPlans"],"picked":"WindUp","floor":4},{"not_picked":["LockedMawBank","PrimeTime"],"picked":"BiteCommand","floor":5},{"not_picked":["FormalWear","Parity"],"picked":"HandsUpC","floor":6},{"not_picked":["ShortSighted","LockedCalendar"],"picked":"BlueShift","floor":8},{"not_picked":["Engulf","LockedWarPaint"],"picked":"Backlash","floor":8},{"not_picked":["Keepsakes","WindUp","LockedTornado"],"picked":"SKIP","floor":10},{"not_picked":["LockedWarPaint","LockedPlans"],"picked":"Echoward","floor":12},{"not_picked":["Accruing","LockedMawBank"],"picked":"ReapSow","floor":13},{"not_picked":["OldTimer","LockedFlame"],"picked":"Flay","floor":16},{"not_picked":["FormalWear","LockedWarPaint"],"picked":"BiteCommand","floor":18},{"not_picked":["HandsUpC+1","LockedTurtyl+1"],"picked":"LockedBlood","floor":20},{"not_picked":["Echoward+1","LockedPlans+1","ResonantCall"],"picked":"SKIP","floor":22}],"player_experience":396963,"relics_obtained":[{"floor":6,"key":"War Paint"},{"floor":8,"key":"theSenshi:SailorFukuRelic"},{"floor":9,"key":"The Courier"}],"event_choices":[{"damage_healed":0,"gold_gain":0,"player_choice":"Got Potions","damage_taken":0,"max_hp_gain":0,"max_hp_loss":0,"event_name":"Lab","floor":3,"gold_loss":0},{"damage_healed":0,"gold_gain":0,"player_choice":"Box","damage_taken":0,"relics_obtained":["Happy Flower"],"max_hp_gain":0,"max_hp_loss":0,"event_name":"Big Fish","floor":7,"gold_loss":0,"cards_obtained":["Regret"]},{"damage_healed":0,"gold_gain":175,"player_choice":"AGREE","damage_taken":243,"max_hp_gain":0,"max_hp_loss":0,"event_name":"betterThird:BetterSerpent","floor":11,"gold_loss":0}],"is_beta":false,"boss_relics":[{"not_picked":["HangingClock","Snecko Eye"],"picked":"Replay:Drink Me"}],"items_purged_floors":[14],"is_endless":false,"potions_floor_spawned":[1,6,10,13,16,18],"killed_by":"Replay:Snechameleon","ascension_level":0}}