{"host":"BK","time":1608960221,"event":{"mods":["BaseMod","Highlight Path","Minty Spire (QoL Compilation)","StSLib"],"gold_per_floor":[409,423,14,34,34,60,60,75,153,183,183,195,214,233,233,307,307,320,63,63,77,90,123,133,133,133],"floor_reached":25,"playtime":1238,"items_purged":[],"score":524,"play_id":"a6717613-863f-4cf8-b808-f5e10c903575","local_time":"20201225222341","is_ascension_mode":true,"campfire_choices":[{"data":"Lockon","floor":7.0,"key":"SMITH"},{"data":"Compile Driver","floor":11.0,"key":"SMITH"},{"data":"Reinforced Body","floor":15.0,"key":"SMITH"}],"circlet_count":0,"master_deck":["AscendersBane","Strike_B+1","Defend_B+1","Defend_B+1","Defend_B+1","Defend_B+1","Zap+1","Dualcast","CurseOfTheBell","Compile Driver+1","FTL","Glacier","Lockon+1","Glacier","Reinforced Body+1","Self Repair","Rainbow","Fusion+1","Steam+1","Electrodynamics+1","Coolheaded","Defragment","Defragment"],"relics":["Calling Bell","Lantern","Letter Opener","Old Coin","War Paint","Lee\u0027s Waffle","Omamori","Boot","Shuriken","Bronze Scales","Astrolabe","Runic Capacitor","Ice Cream"],"acts_visited":["Exordium","TheCity"],"potions_floor_usage":[24],"damage_taken":[{"damage":7.0,"enemies":"Cultist","floor":1.0,"turns":5.0},{"damage":13.0,"enemies":"2 Louse","floor":2.0,"turns":3.0},{"damage":3.0,"enemies":"Small Slimes","floor":4.0,"turns":3.0},{"damage":20.0,"enemies":"3 Sentries","floor":6.0,"turns":9.0},{"damage":16.0,"enemies":"Exordium Wildlife","floor":8.0,"turns":4.0},{"damage":0.0,"enemies":"Lagavulin","floor":10.0,"turns":7.0},{"damage":0.0,"enemies":"Red Slaver","floor":12.0,"turns":3.0},{"damage":2.0,"enemies":"2 Fungi Beasts","floor":13.0,"turns":4.0},{"damage":0.0,"enemies":"Exordium Wildlife","floor":14.0,"turns":4.0},{"damage":22.0,"enemies":"Hexaghost","floor":16.0,"turns":12.0},{"damage":19.0,"enemies":"2 Thieves","floor":18.0,"turns":4.0},{"damage":0.0,"enemies":"3 Byrds","floor":21.0,"turns":3.0},{"damage":10.0,"enemies":"Centurion and Healer","floor":22.0,"turns":5.0},{"damage":41,"enemies":"Book of Stabbing","floor":23,"turns":7},{"damage":0,"enemies":"Sentry and Sphere","floor":24,"turns":8},{"damage":26,"enemies":"Cultist and Chosen","floor":25,"turns":5}],"seed_played":"6327131856845701250","potions_obtained":[{"floor":1.0,"key":"SmokeBomb"},{"floor":6.0,"key":"LiquidMemories"},{"floor":8.0,"key":"FocusPotion"},{"floor":13.0,"key":"Weak Potion"},{"floor":23,"key":"FocusPotion"}],"is_trial":false,"path_per_floor":["M","M","$","M","T","E","R","M","T","E","R","M","M","M","R","B",null,"M","$","?","M","M","E","M","M"],"character_chosen":"DEFECT","items_purchased":["War Paint","Lee\u0027s Waffle","FTL","Runic Capacitor","Defragment"],"campfire_rested":0,"item_purchase_floors":[3,3,3,19,19],"current_hp_per_floor":[57,44,78,75,75,55,55,39,39,39,39,39,37,37,37,22,64,45,45,45,45,42,8,15,0,0],"gold":133,"neow_bonus":"BOSS_RELIC","is_daily":false,"chose_seed":false,"campfire_upgraded":3,"win_rate":0.0,"timestamp":1608960221,"path_taken":["M","M","?","M","?","E","R","M","T","E","R","?","M","M","R","BOSS","M","$","?","M","M","E","M","M"],"items_purchased_type":["Relic","Relic","Card","Relic","Card"],"build_version":"2020-12-18","purchased_purges":0,"victory":false,"max_hp_per_floor":[71,71,78,78,78,78,78,78,78,78,78,78,78,78,78,78,78,78,78,78,78,78,78,78,78,78],"card_choices":[{"not_picked":["Loop","Gash","Stack"],"picked":"SKIP","floor":1.0},{"not_picked":["Beam Cell","Stack"],"picked":"Compile Driver","floor":2.0},{"not_picked":["Reinforced Body","Steam Power"],"picked":"Glacier","floor":4.0},{"not_picked":["BootSequence","Rebound"],"picked":"Lockon","floor":6.0},{"not_picked":["Recycle","Turbo","Auto Shields"],"picked":"SKIP","floor":8.0},{"not_picked":["Recycle","Turbo","Auto Shields"],"picked":"SKIP","floor":8.0},{"not_picked":["Meteor Strike","Stack","Thunder Strike"],"picked":"SKIP","floor":10.0},{"not_picked":["Reprogram","Leap"],"picked":"Glacier","floor":12.0},{"not_picked":["Redo","Lockon"],"picked":"Reinforced Body","floor":13.0},{"not_picked":["Beam Cell","Darkness"],"picked":"Self Repair","floor":14.0},{"not_picked":["Hyperbeam","Amplify"],"picked":"Rainbow","floor":16.0},{"not_picked":["Cold Snap","Sunder"],"picked":"Coolheaded","floor":18.0},{"not_picked":["Barrage","Streamline","Coolheaded"],"picked":"SKIP","floor":21.0},{"not_picked":["Self Repair+1","Streamline","Gash"],"picked":"SKIP","floor":22.0},{"not_picked":["BootSequence","Barrage"],"picked":"Defragment","floor":23},{"not_picked":["Steam","Blizzard","All For One"],"picked":"SKIP","floor":24}],"player_experience":2436064,"relics_obtained":[{"floor":0.0,"key":"Lantern"},{"floor":0.0,"key":"Letter Opener"},{"floor":0.0,"key":"Old Coin"},{"floor":5.0,"key":"Omamori"},{"floor":6.0,"key":"Boot"},{"floor":9.0,"key":"Shuriken"},{"floor":10.0,"key":"Bronze Scales"},{"floor":23,"key":"Ice Cream"}],"event_choices":[{"damage_healed":0.0,"max_hp_gain":0.0,"max_hp_loss":0.0,"gold_gain":0.0,"event_name":"Back to Basics","player_choice":"Simplicity","floor":20.0,"gold_loss":0.0,"damage_taken":0.0,"cards_upgraded":["Strike_B","Defend_B","Defend_B","Defend_B"]}],"is_beta":true,"boss_relics":[{"not_picked":["Tiny House","Snecko Eye"],"picked":"Astrolabe"}],"items_purged_floors":[],"is_endless":false,"potions_floor_spawned":[1,6,8,13,14,23],"killed_by":"Cultist and Chosen","ascension_level":20}}