{"host":"4u4xibnmtqpdl4qa","time":1608986402,"event":{"mods":["AchievementEnabler","BaseMod","Colored Map","Colored Powertips","DeckTracker","Highlight Path","Luminous","Minty Spire (QoL Compilation)","Quick Restart","Relic Stats","StSLib","The Senshi","TheHero","Waifu the Spire"],"gold_per_floor":[116,116,116,131,306,306,318,38,38,66,92,92,124,150,150,252,252,265,265,280,280,180,199,199,531,531,630,630,630,730,756,756,851,851,869,885,898,948,959,959,988,1008,1008,1034,1048,1048,1077,1097,1097,1097],"floor_reached":51,"playtime":4525,"items_purged":["Doubt","animeID:Smash"],"score":1072,"play_id":"9fcd562a-b746-4a03-b196-925eebc20348","local_time":"20201226134002","is_ascension_mode":true,"campfire_choices":[{"data":"animeID:Mina","floor":6.0,"key":"SMITH"},{"data":"animeID:Mineta","floor":12.0,"key":"SMITH"},{"floor":15.0,"key":"REST"},{"data":"animeID:PresentMic","floor":24.0,"key":"SMITH"},{"data":"animeID:PlusUltra","floor":29.0,"key":"SMITH"},{"data":"animeID:FatGum","floor":32.0,"key":"SMITH"},{"data":"animeID:Deku","floor":40.0,"key":"SMITH"},{"data":"animeID:Dabi","floor":46,"key":"SMITH"},{"data":"animeID:Cementoss","floor":49,"key":"SMITH"}],"circlet_count":0,"master_deck":["animeID:Deku","animeID:Bakugo","animeID:Smash","animeID:Smash","animeID:DefendMH","animeID:DefendMH","animeID:DefendMH","animeID:DefendMH","animeID:TodorokiShoto","animeID:Kirishima","animeID:Mina+1","animeID:Dabi+1","animeID:RecoveryGirl","animeID:HowitzerImpact","animeID:Momo","animeID:PresentMic+1","animeID:Mineta+1","animeID:Mineta","animeID:MirioTogata+1","animeID:FatGum+1","animeID:Mina+1","animeID:Kirishima","animeID:Hatsume","animeID:PlusUltra+1","animeID:GranTorino+1","animeID:Hawks+1","animeID:Ojiro+1","animeID:NightEye+1","animeID:Kirishima+1","Parasite","animeID:Eri+1","animeID:Deku+1","animeID:Tomura+1","animeID:RedRiot+1","animeID:Cementoss+1","animeID:FatGum+1","animeID:Rei+1","animeID:PlusUltra","animeID:Muscular+1"],"relics":["Runic Dome","Prayer Wheel","OrangePellets","Question Card","Odd Mushroom","Frozen Egg 2","Art of War","Toy Ornithopter","Black Star","Enchiridion","Happy Flower","Blood Vial","Old Coin","Lantern","Mango","Molten Egg 2","Orichalcum","Coffee Dripper","Bird Faced Urn","FossilizedHelix","Anchor","The Courier","Juzu Bracelet","Bottled Tornado","Unceasing Top","Regal Pillow"],"acts_visited":["Exordium","TheCity","TheBeyond"],"potions_floor_usage":[50,50,50],"damage_taken":[{"damage":0.0,"enemies":"Small Slimes","floor":1.0,"turns":2.0},{"damage":0.0,"enemies":"2 Louse","floor":4.0,"turns":2.0},{"damage":7.0,"enemies":"Jaw Worm","floor":7.0,"turns":2.0},{"damage":5.0,"enemies":"The Mushroom Lair","floor":10.0,"turns":3.0},{"damage":22.0,"enemies":"Gremlin Nob","floor":11.0,"turns":4.0},{"damage":14.0,"enemies":"Lagavulin","floor":13.0,"turns":5.0},{"damage":29.0,"enemies":"The Guardian","floor":16.0,"turns":8.0},{"damage":6.0,"enemies":"Spheric Guardian","floor":18.0,"turns":6.0},{"damage":6.0,"enemies":"Chosen","floor":20.0,"turns":4.0},{"damage":0.0,"enemies":"Centurion and Healer","floor":23.0,"turns":6.0},{"damage":9.0,"enemies":"Gremlin Leader","floor":25.0,"turns":4.0},{"damage":0.0,"enemies":"Colosseum Slavers","floor":30.0,"turns":5.0},{"damage":2.0,"enemies":"Colosseum Nobs","floor":30.0,"turns":3.0},{"damage":4.0,"enemies":"Champ","floor":33.0,"turns":11.0},{"damage":15.0,"enemies":"3 Darklings","floor":35.0,"turns":4.0},{"damage":8.0,"enemies":"Orb Walker","floor":36.0,"turns":4.0},{"damage":0.0,"enemies":"Writhing Mass","floor":37.0,"turns":6.0},{"damage":0.0,"enemies":"Mind Bloom Boss Battle","floor":38.0,"turns":7.0},{"damage":1.0,"enemies":"Maw","floor":39.0,"turns":5.0},{"damage":0.0,"enemies":"Giant Head","floor":41.0,"turns":8.0},{"damage":75.0,"enemies":"Jaw Worm Horde","floor":42.0,"turns":9.0},{"damage":0,"enemies":"Nemesis","floor":44,"turns":9},{"damage":0,"enemies":"Transient","floor":45,"turns":5},{"damage":0,"enemies":"Reptomancer","floor":47,"turns":4},{"damage":0,"enemies":"4 Shapes","floor":48,"turns":6},{"damage":33,"enemies":"Time Eater","floor":50,"turns":11}],"seed_played":"-5235062512454768150","potions_obtained":[{"floor":4.0,"key":"DistilledChaos"},{"floor":10.0,"key":"Weak Potion"},{"floor":11.0,"key":"Weak Potion"},{"floor":18.0,"key":"GamblersBrew"},{"floor":23.0,"key":"BlessingOfTheForge"},{"floor":25.0,"key":"Regen Potion"},{"floor":37.0,"key":"Dexterity Potion"}],"is_trial":false,"path_per_floor":["M","?","?","M","?","R","M","$","T","?","E","R","E","T","R","B",null,"M","?","M","T","$","M","R","E","T","?","?","R","?","T","R","B",null,"M","M","M","?","M","R","E","M","T","E","M","R","E","M","R","B",null],"character_chosen":"THE_HERO","items_purchased":["animeID:Momo","OrangePellets"],"campfire_rested":1,"item_purchase_floors":[8,8],"current_hp_per_floor":[75,68,68,68,68,68,61,61,61,60,42,42,32,32,54,29,75,69,53,56,56,56,75,75,70,70,70,56,56,86,86,86,91,94,92,86,94,94,94,94,94,80,80,94,94,94,94,94,94,79],"gold":1097,"neow_bonus":"BOSS_RELIC","is_daily":false,"chose_seed":false,"campfire_upgraded":8,"win_rate":0.0,"timestamp":1608986402,"path_taken":["M","?","?","M","?","R","M","$","T","?","E","R","E","?","R","BOSS","M","?","M","?","$","?","R","E","T","?","?","R","?","?","R","BOSS","M","M","M","?","M","R","E","M","T","E","M","R","E","M","R","BOSS"],"items_purchased_type":["Card","Relic"],"build_version":"2020-12-22","purchased_purges":2,"victory":true,"max_hp_per_floor":[75,75,75,75,75,75,75,75,75,75,75,75,75,75,75,75,75,75,75,75,75,75,75,75,75,75,75,80,80,94,94,94,94,94,94,94,94,94,94,94,94,94,94,94,94,94,94,94,94,94],"relic_stats":{"Regal Pillow":0,"Happy Flower":[35],"counters":[26,143],"Juzu Bracelet":0,"Orichalcum":[66],"Question Card":31,"Blood Vial":12,"OrangePellets":[10],"Bird Faced Urn":[14],"Prayer Wheel":12,"Art of War":[18],"Black Star":4,"obtain_stats":[{"Lantern":26,"Regal Pillow":47,"Enchiridion":19,"Mango":30,"Juzu Bracelet":44,"Bottled Tornado":44,"Old Coin":25,"Blood Vial":25,"Prayer Wheel":2,"Happy Flower":21,"The Courier":43,"Odd Mushroom":10,"Frozen Egg 2":11,"Orichalcum":31,"Question Card":9,"Runic Dome":0,"OrangePellets":8,"Anchor":41,"Bird Faced Urn":38,"Molten Egg 2":30,"Art of War":13,"Black Star":17,"Coffee Dripper":34,"animeID:HeroCostume":0,"Toy Ornithopter":14,"FossilizedHelix":41,"Unceasing Top":47},{"Lantern":11,"Regal Pillow":24,"Enchiridion":8,"Mango":13,"Juzu Bracelet":22,"Bottled Tornado":22,"Old Coin":11,"Blood Vial":11,"Prayer Wheel":1,"Happy Flower":9,"The Courier":21,"Odd Mushroom":4,"Frozen Egg 2":5,"Orichalcum":13,"Question Card":3,"Runic Dome":0,"OrangePellets":3,"Anchor":20,"Bird Faced Urn":18,"Molten Egg 2":13,"Art of War":6,"Black Star":7,"Coffee Dripper":14,"animeID:HeroCostume":0,"Toy Ornithopter":6,"FossilizedHelix":20,"Unceasing Top":24},{"Lantern":46,"Regal Pillow":126,"Enchiridion":32,"Mango":54,"Juzu Bracelet":117,"Bottled Tornado":117,"Old Coin":46,"Blood Vial":46,"Prayer Wheel":2,"Happy Flower":36,"The Courier":108,"Odd Mushroom":9,"Frozen Egg 2":13,"Orichalcum":54,"Question Card":6,"Runic Dome":0,"OrangePellets":6,"Anchor":99,"Bird Faced Urn":86,"Molten Egg 2":54,"Art of War":18,"Black Star":26,"Coffee Dripper":65,"animeID:HeroCostume":0,"Toy Ornithopter":18,"FossilizedHelix":99,"Unceasing Top":126}],"Toy Ornithopter":0,"Unceasing Top":[4]},"card_choices":[{"not_picked":["animeID:Tomura","animeID:Uraraka"],"picked":"animeID:TodorokiShoto","floor":1.0},{"not_picked":["animeID:Uraraka","animeID:Kurono"],"picked":"animeID:Mina","floor":4.0},{"not_picked":["animeID:MtLady","animeID:Momo"],"picked":"animeID:Dabi","floor":4.0},{"not_picked":["animeID:DetroitSmash","animeID:Nomu"],"picked":"animeID:RecoveryGirl","floor":7.0},{"not_picked":["animeID:Kaminari","animeID:Bakugo"],"picked":"animeID:HowitzerImpact","floor":7.0},{"not_picked":["animeID:Cementoss","animeID:ToruHagakure","animeID:Momo"],"picked":"animeID:PresentMic","floor":10.0},{"not_picked":["animeID:Mezo","animeID:DelawareSmash","animeID:Momo+1"],"picked":"animeID:Mineta","floor":11.0},{"not_picked":["animeID:ToruHagakure","animeID:Mezo","animeID:Bakugo"],"picked":"animeID:Mineta","floor":13.0},{"not_picked":["animeID:PlusUltra","animeID:ProminenceBurn","animeID:RedRiot+1"],"picked":"animeID:MirioTogata+1","floor":16.0},{"not_picked":["animeID:DelawareSmash","animeID:Iida","animeID:Mineta"],"picked":"animeID:FatGum","floor":18.0},{"not_picked":["animeID:ToruHagakure+1","animeID:Aoyama+1","animeID:Tengai"],"picked":"animeID:Mina+1","floor":18.0},{"not_picked":["animeID:ToruHagakure","animeID:Momo+1","animeID:Uraraka"],"picked":"animeID:Kirishima","floor":20.0},{"not_picked":["animeID:Mezo","animeID:DelawareSmash","animeID:ProminenceBurn","animeID:Bakugo"],"picked":"SKIP","floor":20.0},{"not_picked":["animeID:DelawareSmash","animeID:TodorokiShoto","animeID:Iida"],"picked":"animeID:Hatsume","floor":23.0},{"not_picked":["animeID:Ojiro","animeID:Kaminari","animeID:Tomura","animeID:ToruHagakure+1"],"picked":"SKIP","floor":23.0},{"not_picked":["animeID:MtLady+1","animeID:Nomu","animeID:Stain"],"picked":"animeID:PlusUltra","floor":25.0},{"not_picked":["animeID:Tomura+1","animeID:Mineta+1","animeID:Mezo+1"],"picked":"animeID:GranTorino+1","floor":30.0},{"not_picked":["animeID:PlusUltra","animeID:Chisaki+1","animeID:Endeavor"],"picked":"animeID:Hawks+1","floor":33.0},{"not_picked":["animeID:Uraraka+1","animeID:Aoyama+1","animeID:Momo+1"],"picked":"animeID:Ojiro+1","floor":35.0},{"not_picked":["animeID:Mina+1","animeID:Uraraka","animeID:Mineta","animeID:Momo+1"],"picked":"SKIP","floor":35.0},{"not_picked":["animeID:ToruHagakure","animeID:FullCowl+1","animeID:Tsuyu+1"],"picked":"animeID:NightEye+1","floor":36.0},{"not_picked":["animeID:Momo+1","animeID:Bakugo+1","animeID:ProminenceBurn"],"picked":"animeID:Kirishima+1","floor":36.0},{"not_picked":["animeID:Twice+1","animeID:Kirishima+1","animeID:Iida+1"],"picked":"animeID:Eri+1","floor":37.0},{"not_picked":["animeID:Ojiro+1","animeID:TodorokiShoto","animeID:DelawareSmash+1"],"picked":"animeID:Deku","floor":37.0},{"not_picked":["animeID:ToruHagakure","animeID:Nomu+1","animeID:Deku+1"],"picked":"animeID:Tomura+1","floor":38.0},{"not_picked":["animeID:DetroitSmash+1","animeID:Stain+1","animeID:Uraraka"],"picked":"animeID:RedRiot+1","floor":39.0},{"not_picked":["animeID:Mezo+1","animeID:Tsuyu","animeID:Uraraka+1","animeID:Mina+1"],"picked":"SKIP","floor":39.0},{"not_picked":["animeID:Thirteen+1","animeID:Mina+1","animeID:Kaminari+1"],"picked":"animeID:Cementoss","floor":41.0},{"not_picked":["animeID:Tsuyu+1","animeID:TodorokiShoto+1","animeID:Tengai+1"],"picked":"animeID:FatGum+1","floor":42.0},{"not_picked":["animeID:Bakugo+1","animeID:Iida+1","animeID:ToruHagakure","animeID:SkinnyGum"],"picked":"SKIP","floor":42.0},{"not_picked":["animeID:Kirishima+1","animeID:Nomu+1","animeID:Kaminari+1"],"picked":"animeID:Rei+1","floor":44},{"not_picked":["animeID:Bakugo+1","animeID:Momo+1","animeID:Uraraka"],"picked":"animeID:PlusUltra","floor":45},{"not_picked":["animeID:Tengai","animeID:Mineta","animeID:DetroitSmash+1","animeID:Tsuyu+1"],"picked":"SKIP","floor":45},{"not_picked":["animeID:Tomura+1","animeID:Twice+1","animeID:DetroitDelaware+1","animeID:TodorokiShoto"],"picked":"SKIP","floor":47},{"not_picked":["animeID:Tamaki+1","animeID:GentleCriminal+1","animeID:Uraraka"],"picked":"animeID:Muscular+1","floor":48},{"not_picked":["animeID:Tengai","animeID:Deku+1","animeID:EraserHead","animeID:Ojiro+1"],"picked":"SKIP","floor":48}],"player_experience":173036,"relics_obtained":[{"floor":9.0,"key":"Question Card"},{"floor":10.0,"key":"Odd Mushroom"},{"floor":11.0,"key":"Frozen Egg 2"},{"floor":13.0,"key":"Art of War"},{"floor":14.0,"key":"Toy Ornithopter"},{"floor":19.0,"key":"Enchiridion"},{"floor":21.0,"key":"Happy Flower"},{"floor":25.0,"key":"Blood Vial"},{"floor":25.0,"key":"Old Coin"},{"floor":26.0,"key":"Lantern"},{"floor":30.0,"key":"Mango"},{"floor":30.0,"key":"Molten Egg 2"},{"floor":31.0,"key":"Orichalcum"},{"floor":38.0,"key":"Bird Faced Urn"},{"floor":41.0,"key":"FossilizedHelix"},{"floor":41.0,"key":"Anchor"},{"floor":43.0,"key":"The Courier"},{"floor":44,"key":"Juzu Bracelet"},{"floor":44,"key":"Bottled Tornado"},{"floor":47,"key":"Unceasing Top"},{"floor":47,"key":"Regal Pillow"}],"event_choices":[{"damage_healed":0.0,"max_hp_gain":0.0,"max_hp_loss":0.0,"gold_gain":0.0,"event_name":"Scrap Ooze","player_choice":"Success","floor":2.0,"gold_loss":0.0,"damage_taken":7.0,"relics_obtained":["Prayer Wheel"]},{"damage_healed":0.0,"max_hp_gain":0.0,"max_hp_loss":0.0,"gold_gain":0.0,"cards_transformed":["animeID:Smash"],"event_name":"Living Wall","player_choice":"Change","floor":3.0,"gold_loss":0.0,"damage_taken":0.0,"cards_obtained":["animeID:Kirishima"]},{"damage_healed":0.0,"max_hp_gain":0.0,"max_hp_loss":0.0,"gold_gain":175.0,"event_name":"Liars Game","player_choice":"AGREE","floor":5.0,"gold_loss":0.0,"damage_taken":0.0,"cards_obtained":["Doubt"]},{"damage_healed":0.0,"max_hp_gain":0.0,"max_hp_loss":0.0,"gold_gain":0.0,"event_name":"Mushrooms","player_choice":"Fought Mushrooms","floor":10.0,"gold_loss":0.0,"damage_taken":0.0},{"damage_healed":0.0,"max_hp_gain":0.0,"max_hp_loss":0.0,"gold_gain":0.0,"event_name":"Cursed Tome","player_choice":"Obtained Book","floor":19.0,"gold_loss":0.0,"damage_taken":16.0},{"damage_healed":0.0,"max_hp_gain":0.0,"max_hp_loss":0.0,"gold_gain":99.0,"event_name":"Nest","player_choice":"Stole From Cult","floor":27.0,"gold_loss":0.0,"damage_taken":0.0},{"damage_healed":0.0,"max_hp_gain":5.0,"max_hp_loss":0.0,"gold_gain":0.0,"event_name":"Forgotten Altar","player_choice":"Shed Blood","floor":28.0,"gold_loss":0.0,"damage_taken":19.0},{"damage_healed":0.0,"max_hp_gain":0.0,"max_hp_loss":0.0,"gold_gain":0.0,"event_name":"Colosseum","player_choice":"Fight","floor":30.0,"gold_loss":0.0,"damage_taken":0.0},{"damage_healed":0.0,"max_hp_gain":0.0,"max_hp_loss":0.0,"gold_gain":0.0,"event_name":"Colosseum","player_choice":"Fought Nobs","floor":30.0,"gold_loss":0.0,"damage_taken":0.0},{"damage_healed":0.0,"max_hp_gain":0.0,"max_hp_loss":0.0,"gold_gain":0.0,"event_name":"MindBloom","player_choice":"Fight","floor":38.0,"gold_loss":0.0,"damage_taken":0.0}],"is_beta":false,"boss_relics":[{"not_picked":["Empty Cage","Philosopher\u0027s Stone"],"picked":"Black Star"},{"not_picked":["Snecko Eye","SlaversCollar"],"picked":"Coffee Dripper"}],"items_purged_floors":[8,22],"is_endless":false,"potions_floor_spawned":[4,10,11,18,23,25,30,37,42,44,47],"ascension_level":2}}