{"host":"qj91dvco5uhu9oti","time":1608981333,"event":{"mods":["BaseMod","Colored Map","Minty Spire (QoL Compilation)","Permanent Neow","Relic Stats","StSLib","SuperFastMode","everything is the same but u backflip on backflip"],"gold_per_floor":[117,135,147,1,1,1,14,52,98,98,116,136,156,171,171,262,262,247,247,247,100,119,119,154,154,207,230,230,230,230],"floor_reached":29,"playtime":678,"items_purged":["Strike_G","Strike_G"],"score":445,"play_id":"cd603347-d3bb-4cbb-b8c8-ece5a0abe298","local_time":"20201226201533","is_ascension_mode":true,"campfire_choices":[{"data":"Glass Knife","floor":6,"key":"SMITH"},{"data":"Terror","floor":10,"key":"SMITH"},{"floor":15,"key":"REST"},{"data":"Ghostly","floor":23,"key":"SMITH"},{"data":"Prepared","floor":25,"key":"SMITH"},{"data":"Ghostly","floor":28,"key":"SMITH"}],"circlet_count":0,"master_deck":["AscendersBane","Strike_G","Strike_G","Strike_G","Defend_G","Defend_G","Defend_G","Defend_G","Defend_G","Survivor","Neutralize","Glass Knife+1","Acrobatics","Dagger Spray","Terror+1","Noxious Fumes","Bouncing Flask","Venomology","Footwork","Backflip","PiercingWail","Dash","A Thousand Cuts","Blade Dance","Ghostly+1","Ghostly+1","Ghostly","Ghostly","Ghostly","Blade Dance","Prepared+1"],"relics":["Ring of the Snake","Golden Idol","Shuriken","Lantern","HoveringKite","Bronze Scales","Question Card","CeramicFish"],"acts_visited":["Exordium","TheCity"],"potions_floor_usage":[7,13,14,16,18,24,27],"damage_taken":[{"damage":0,"enemies":"Cultist","floor":1,"turns":3},{"damage":1,"enemies":"Small Slimes","floor":2,"turns":4},{"damage":0,"enemies":"Jaw Worm","floor":3,"turns":3},{"damage":8,"enemies":"Exordium Thugs","floor":7,"turns":6},{"damage":10,"enemies":"Gremlin Nob","floor":8,"turns":3},{"damage":8,"enemies":"3 Louse","floor":11,"turns":3},{"damage":0,"enemies":"Blue Slaver","floor":12,"turns":3},{"damage":0,"enemies":"Lots of Slimes","floor":13,"turns":1},{"damage":0,"enemies":"3 Louse","floor":14,"turns":2},{"damage":17,"enemies":"The Guardian","floor":16,"turns":12},{"damage":1,"enemies":"2 Thieves","floor":18,"turns":4},{"damage":3,"enemies":"Spheric Guardian","floor":22,"turns":5},{"damage":3,"enemies":"Book of Stabbing","floor":24,"turns":6},{"damage":19,"enemies":"Snake Plant","floor":27,"turns":3},{"damage":31,"enemies":"Cultist and Chosen","floor":29,"turns":6}],"seed_played":"1531958971651854561","potions_obtained":[{"floor":2,"key":"Poison Potion"},{"floor":8,"key":"BlessingOfTheForge"},{"floor":13,"key":"BlessingOfTheForge"},{"floor":14,"key":"Strength Potion"}],"is_trial":false,"path_per_floor":["M","M","M","$","?","R","M","E","T","R","M","M","M","M","R","B",null,"M","?","?","$","M","R","E","R","T","M","R","M"],"character_chosen":"THE_SILENT","items_purchased":["Noxious Fumes","Blade Dance"],"campfire_rested":1,"item_purchase_floors":[4,21],"current_hp_per_floor":[59,58,58,58,43,43,35,25,25,25,17,17,17,17,35,18,50,49,30,30,30,27,27,24,24,24,5,5,0,0],"gold":230,"neow_bonus":"THREE_RARE_CARDS","is_daily":false,"chose_seed":false,"campfire_upgraded":5,"win_rate":0.0,"timestamp":1608981333,"path_taken":["M","?","M","$","?","R","M","E","T","R","M","M","M","M","R","BOSS","M","?","?","$","M","R","E","R","T","M","R","?"],"items_purchased_type":["Card","Card"],"build_version":"2020-12-22","purchased_purges":2,"victory":false,"max_hp_per_floor":[60,60,60,60,60,60,60,60,60,60,60,60,60,60,60,60,60,60,30,30,30,30,30,30,30,30,30,30,30,30],"relic_stats":{"counters":[15,64],"Golden Idol":63,"Shuriken":[11],"Bronze Scales":[86],"CeramicFish":0,"HoveringKite":[7],"Question Card":1,"obtain_stats":[{"Lantern":9,"Golden Idol":5,"Shuriken":8,"Bronze Scales":20,"CeramicFish":26,"HoveringKite":17,"Question Card":24,"Ring of the Snake":0},{"Lantern":5,"Golden Idol":3,"Shuriken":5,"Bronze Scales":11,"CeramicFish":13,"HoveringKite":10,"Question Card":13,"Ring of the Snake":0},{"Lantern":19,"Golden Idol":10,"Shuriken":19,"Bronze Scales":44,"CeramicFish":55,"HoveringKite":40,"Question Card":55,"Ring of the Snake":0}],"Ring of the Snake":[30]},"card_choices":[{"not_picked":["Envenom","Corpse Explosion"],"picked":"Glass Knife","floor":0},{"not_picked":["Underhanded Strike","Outmaneuver"],"picked":"Acrobatics","floor":1},{"not_picked":["Dodge and Roll","Concentrate"],"picked":"Dagger Spray","floor":2},{"not_picked":["Underhanded Strike","Outmaneuver"],"picked":"Terror","floor":3},{"not_picked":["Masterful Stab","Outmaneuver"],"picked":"Bouncing Flask","floor":7},{"not_picked":["Choke","Well Laid Plans"],"picked":"Venomology","floor":8},{"not_picked":["Escape Plan","Catalyst"],"picked":"Footwork","floor":11},{"not_picked":["Predator","Accuracy"],"picked":"Backflip","floor":12},{"not_picked":["Slice","Concentrate"],"picked":"PiercingWail","floor":13},{"not_picked":["Predator","Distraction"],"picked":"Dash","floor":14},{"not_picked":["Doppelganger","Night Terror"],"picked":"A Thousand Cuts","floor":16},{"not_picked":["Bane","Dagger Spray"],"picked":"Blade Dance","floor":18},{"not_picked":["All Out Attack","Dagger Spray","Caltrops"],"picked":"SKIP","floor":22},{"not_picked":["Quick Slash","Calculated Gamble"],"picked":"Prepared","floor":24},{"not_picked":["Well Laid Plans","Poisoned Stab","Noxious Fumes","Bane+1"],"picked":"SKIP","floor":27}],"player_experience":282284,"relics_obtained":[{"floor":8,"key":"Shuriken"},{"floor":9,"key":"Lantern"},{"floor":24,"key":"Question Card"},{"floor":26,"key":"CeramicFish"}],"event_choices":[{"damage_healed":0,"gold_gain":0,"player_choice":"Take Damage","damage_taken":15,"relics_obtained":["Golden Idol"],"max_hp_gain":0,"max_hp_loss":0,"event_name":"Golden Idol","floor":5,"gold_loss":0},{"damage_healed":0,"gold_gain":0,"player_choice":"Became a Ghost","damage_taken":0,"max_hp_gain":0,"max_hp_loss":30,"event_name":"Ghosts","floor":19,"gold_loss":0,"cards_obtained":["Ghostly","Ghostly","Ghostly","Ghostly","Ghostly"]},{"damage_healed":0,"gold_gain":0,"player_choice":"Opened","damage_taken":0,"relics_obtained":["Bronze Scales"],"max_hp_gain":0,"max_hp_loss":0,"event_name":"The Mausoleum","floor":20,"gold_loss":0}],"is_beta":false,"boss_relics":[{"not_picked":["Black Star","WristBlade"],"picked":"HoveringKite"}],"items_purged_floors":[4,21],"is_endless":false,"potions_floor_spawned":[2,8,11,13,14,22],"killed_by":"Cultist and Chosen","ascension_level":14}}