{"host":"alk2ftu785mujiir","time":1608952227,"event":{"mods":["BaseMod","Colored Map","Downfall","Minty Spire (QoL Compilation)","StSLib"],"gold_per_floor":[112,126,126,144,164,164,164,190,264,294,308,308,308,322,322,450,450,469,488,137,157,72,106,106,6,6,29,47,47,172,271,271,271,271],"floor_reached":33,"playtime":1211,"items_purged":["Strike_G","Strike_G"],"score":302,"play_id":"39e55e6a-cb23-42e7-adef-9249313129d4","local_time":"20201225221027","is_ascension_mode":false,"campfire_choices":[{"data":"Predator","floor":6.0,"key":"SMITH"},{"floor":13.0,"key":"REST"},{"data":"Glass Knife","floor":15.0,"key":"SMITH"},{"floor":24.0,"key":"REST"},{"data":"Footwork","floor":29.0,"key":"SMITH"},{"data":"Glass Knife","floor":32.0,"key":"SMITH"}],"circlet_count":0,"master_deck":["Strike_G","Strike_G","Defend_G","Defend_G","Defend_G","Defend_G","Defend_G","Survivor","Neutralize+1","Poisoned Stab","Slice","Predator+1","Caltrops","Glass Knife+1","Glass Knife+1","Poisoned Stab","Masterful Stab","Footwork+1","expansioncontent:FaceSlap","Escape Plan+1","Crippling Poison+1","Deflect","Dash"],"relics":["Ring of the Snake","FossilizedHelix","Ninja Scroll","Bag of Preparation","Golden Idol","Black Star","Regal Pillow","Bag of Marbles","Calipers","Mummified Hand","Blue Candle","Tough Bandages","Pear"],"acts_visited":["Exordium","TheCity"],"potions_floor_usage":[33],"damage_taken":[{"damage":0.0,"enemies":"2 Louse","floor":1.0,"turns":2.0},{"damage":4.0,"enemies":"Small Slimes","floor":2.0,"turns":4.0},{"damage":0.0,"enemies":"Jaw Worm","floor":4.0,"turns":4.0},{"damage":2.0,"enemies":"Looter","floor":5.0,"turns":3.0},{"damage":3.0,"enemies":"Lagavulin","floor":8.0,"turns":5.0},{"damage":14.0,"enemies":"3 Sentries","floor":10.0,"turns":8.0},{"damage":0.0,"enemies":"Large Slime","floor":11.0,"turns":4.0},{"damage":0.0,"enemies":"Blue Slaver","floor":14.0,"turns":2.0},{"damage":10.0,"enemies":"Slime Boss","floor":16.0,"turns":9.0},{"damage":5.0,"enemies":"Chosen","floor":18.0,"turns":3.0},{"damage":0.0,"enemies":"3 Byrds","floor":19.0,"turns":4.0},{"damage":0.0,"enemies":"Sentry and Sphere","floor":21.0,"turns":2.0},{"damage":50.0,"enemies":"Gremlin Leader","floor":23.0,"turns":8.0},{"damage":5.0,"enemies":"Snake Plant","floor":27.0,"turns":3.0},{"damage":0.0,"enemies":"Cultist and Chosen","floor":28.0,"turns":4.0},{"damage":0.0,"enemies":"Colosseum Slavers","floor":30.0,"turns":3.0},{"damage":0.0,"enemies":"Colosseum Nobs","floor":30.0,"turns":5.0},{"damage":67,"enemies":"Automaton","floor":33,"turns":14}],"seed_played":"3982220241345720183","potions_obtained":[{"floor":2.0,"key":"SneckoOil"},{"floor":4.0,"key":"PowerPotion"},{"floor":8.0,"key":"BlessingOfTheForge"},{"floor":11.0,"key":"Ancient Potion"},{"floor":27.0,"key":"champ:CounterPotion"},{"floor":30.0,"key":"SkillPotion"}],"is_trial":false,"path_per_floor":["M","M","?","M","M","R","?","E","T","E","M","?","R","M","R","B",null,"M","M","$","M","?","E","R","$","T","M","M","R","?","?","R","B"],"character_chosen":"THE_SILENT","items_purchased":["Footwork","Regal Pillow","expansioncontent:FaceSlap"],"campfire_rested":2,"item_purchase_floors":[20,20,20],"current_hp_per_floor":[63,59,59,59,57,57,50,47,47,33,33,33,56,56,56,46,78,73,73,73,73,73,23,61,61,61,56,56,56,66,66,66,0,0],"gold":271,"neow_bonus":"TWENTY_PERCENT_HP_BONUS","is_daily":false,"chose_seed":false,"campfire_upgraded":4,"win_rate":0.0,"timestamp":1608952227,"path_taken":["M","M","?","M","M","R","?","E","T","E","M","?","R","M","R","BOSS","M","M","$","M","?","E","R","$","T","M","M","R","?","?","R","BOSS"],"items_purchased_type":["Card","Relic","Card"],"build_version":"2020-12-22","purchased_purges":2,"victory":false,"max_hp_per_floor":[84,84,84,84,84,84,84,84,84,84,84,78,78,78,78,78,78,78,78,78,78,78,78,78,78,78,78,78,78,88,88,88,88,88],"card_choices":[{"not_picked":["Prepared","Cloak And Dagger"],"picked":"Poisoned Stab","floor":1.0},{"not_picked":["Outmaneuver","Reflex","Acrobatics"],"picked":"SKIP","floor":2.0},{"not_picked":["Outmaneuver","Sucker Punch"],"picked":"Slice","floor":4.0},{"not_picked":["Blade Dance","Dodge and Roll"],"picked":"Predator","floor":5.0},{"not_picked":["Expertise","Slice"],"picked":"Caltrops","floor":8.0},{"not_picked":["Flying Knee","Underhanded Strike"],"picked":"Glass Knife","floor":10.0},{"not_picked":["Eviscerate","Flying Knee","Slice"],"picked":"SKIP","floor":11.0},{"not_picked":["Skewer","Dagger Spray","Eviscerate"],"picked":"SKIP","floor":14.0},{"not_picked":["Adrenaline","Envenom"],"picked":"Glass Knife","floor":16.0},{"not_picked":["Underhanded Strike","Backflip"],"picked":"Poisoned Stab","floor":18.0},{"not_picked":["Quick Slash","Cloak And Dagger"],"picked":"Masterful Stab","floor":19.0},{"not_picked":["Acrobatics","Poisoned Stab"],"picked":"Escape Plan+1","floor":21.0},{"not_picked":["PiercingWail","Storm of Steel"],"picked":"Crippling Poison+1","floor":23.0},{"not_picked":["Backflip","Underhanded Strike"],"picked":"Deflect","floor":27.0},{"not_picked":["Prepared","Blade Dance+1","Endless Agony"],"picked":"SKIP","floor":28.0},{"not_picked":["Heel Hook","All Out Attack+1"],"picked":"Dash","floor":30.0}],"player_experience":1718864,"relics_obtained":[{"floor":8.0,"key":"FossilizedHelix"},{"floor":9.0,"key":"Ninja Scroll"},{"floor":10.0,"key":"Bag of Preparation"},{"floor":23.0,"key":"Calipers"},{"floor":23.0,"key":"Mummified Hand"},{"floor":26.0,"key":"Blue Candle"},{"floor":30.0,"key":"Tough Bandages"},{"floor":30.0,"key":"Pear"}],"event_choices":[{"damage_healed":0.0,"max_hp_gain":0.0,"max_hp_loss":0.0,"gold_gain":0.0,"event_name":"Living Wall","player_choice":"Grow","floor":3.0,"gold_loss":0.0,"damage_taken":0.0,"cards_upgraded":["Neutralize"]},{"cards_removed":["Strike_G"],"damage_healed":0.0,"max_hp_gain":0.0,"max_hp_loss":0.0,"gold_gain":0.0,"event_name":"Golden Wing","player_choice":"Card Removal","floor":7.0,"gold_loss":0.0,"damage_taken":7.0},{"damage_healed":0.0,"max_hp_gain":0.0,"max_hp_loss":6.0,"gold_gain":0.0,"event_name":"Golden Idol","player_choice":"Lose Max HP","floor":12.0,"gold_loss":0.0,"damage_taken":0.0,"relics_obtained":["Golden Idol"]},{"damage_healed":0.0,"max_hp_gain":0.0,"max_hp_loss":0.0,"gold_gain":0.0,"event_name":"Addict","player_choice":"Obtained Relic","floor":22.0,"gold_loss":85.0,"damage_taken":0.0,"relics_obtained":["Bag of Marbles"]},{"damage_healed":0.0,"max_hp_gain":0.0,"max_hp_loss":0.0,"gold_gain":0.0,"event_name":"Colosseum","player_choice":"Fight","floor":30.0,"gold_loss":0.0,"damage_taken":0.0},{"damage_healed":0.0,"max_hp_gain":0.0,"max_hp_loss":0.0,"gold_gain":0.0,"event_name":"Colosseum","player_choice":"Fought Nobs","floor":30.0,"gold_loss":0.0,"damage_taken":0.0},{"damage_healed":0.0,"max_hp_gain":0.0,"max_hp_loss":0.0,"gold_gain":99.0,"event_name":"Nest","player_choice":"Stole From Cult","floor":31.0,"gold_loss":0.0,"damage_taken":0.0}],"is_beta":false,"boss_relics":[{"not_picked":["Snecko Eye","Coffee Dripper"],"picked":"Black Star"}],"items_purged_floors":[20,25],"is_endless":false,"potions_floor_spawned":[2,4,8,11,27,30],"killed_by":"Automaton","ascension_level":0}}