{"host":"7o30bgpqouqblh42","time":1608955427,"event":{"mods":["AchievementEnabler","Aspiration","BaseMod","Colored Map","Downfall","Highlight Path","Minty Spire (QoL Compilation)","StSLib","SuperFastMode"],"gold_per_floor":[118,118,137,35,46,46,72,72,72,91,266,266,283,318,318,415,415,427,427,442,452,452,452,482,482,506,158,0,0,29,43,43,139,139,154,40,51,104,115,115,140,140,140,0,31,31,31,31,31,31,31,31,31,59,59,59],"floor_reached":55,"playtime":3726,"items_purged":["Defend_R","Bash"],"score":790,"play_id":"eac8f892-2144-4e4a-87ac-3dade703ed6a","local_time":"20201225230347","is_ascension_mode":true,"campfire_choices":[{"floor":6.0,"key":"RECALL"},{"data":"Offering","floor":8.0,"key":"SMITH"},{"data":"Pommel Strike","floor":12.0,"key":"SMITH"},{"data":"Perfected Strike","floor":15.0,"key":"SMITH"},{"data":"Reaper","floor":23.0,"key":"SMITH"},{"data":"Rampage","floor":25.0,"key":"SMITH"},{"data":"Jack Of All Trades","floor":32.0,"key":"SMITH"},{"data":"Feed","floor":40.0,"key":"SMITH"},{"data":"Impervious","floor":42.0,"key":"SMITH"},{"data":"Seeing Red","floor":49,"key":"SMITH"},{"data":"Havoc","floor":52,"key":"SMITH"}],"circlet_count":0,"master_deck":["Strike_R+1","Strike_R+1","Strike_R+1","Strike_R+1","Strike_R+1","Defend_R+1","Defend_R+1","Defend_R+1","Perfected Strike+1","Shrug It Off","Pommel Strike+1","Offering+1","Perfected Strike+1","Warcry","Rampage+1","Reaper+1","Havoc+1","Immolate+1","Blood for Blood+1","Jack Of All Trades+1","Mayhem+1","Feel No Pain+1","Warcry+1","Feed+1","Seeing Red+1","Infernal Blade+1","Infernal Blade+1","Impervious+1","Metallicize+1","Shrug It Off+1"],"relics":["Burning Blood","Blood Vial","aspiration:FetidBarrel","Torii","expansioncontent:StudyCardRelic","Spirit Poop","Unceasing Top","The Courier","Whetstone","Coffee Dripper","Happy Flower","Prayer Wheel","aspiration:HiddenCompartment","Letter Opener","Red Mask","Juzu Bracelet","aspiration:HummingbirdHeart","Red Skull"],"acts_visited":["Exordium","TheCity","TheBeyond","TheEnding"],"potions_floor_usage":[55],"damage_taken":[{"damage":11.0,"enemies":"Cultist","floor":1.0,"turns":4.0},{"damage":12.0,"enemies":"2 Louse","floor":3.0,"turns":3.0},{"damage":4.0,"enemies":"Small Slimes","floor":5.0,"turns":3.0},{"damage":11.0,"enemies":"3 Sentries","floor":7.0,"turns":8.0},{"damage":6.0,"enemies":"Looter","floor":10.0,"turns":2.0},{"damage":4.0,"enemies":"Exordium Wildlife","floor":13.0,"turns":3.0},{"damage":14.0,"enemies":"Gremlin Nob","floor":14.0,"turns":3.0},{"damage":64.0,"enemies":"Slime Boss","floor":16.0,"turns":12.0},{"damage":7.0,"enemies":"3 Byrds","floor":18.0,"turns":3.0},{"damage":6.0,"enemies":"Chosen","floor":20.0,"turns":3.0},{"damage":21.0,"enemies":"Snake Plant","floor":21.0,"turns":3.0},{"damage":14.0,"enemies":"Gremlin Leader","floor":24.0,"turns":3.0},{"damage":39.0,"enemies":"Slavers","floor":30.0,"turns":4.0},{"damage":0.0,"enemies":"Sentry and Sphere","floor":31.0,"turns":3.0},{"damage":26.0,"enemies":"Collector","floor":33.0,"turns":6.0},{"damage":13.0,"enemies":"3 Darklings","floor":35.0,"turns":2.0},{"damage":28.0,"enemies":"3 Shapes","floor":37.0,"turns":3.0},{"damage":15.0,"enemies":"2 Orb Walkers","floor":38.0,"turns":3.0},{"damage":35.0,"enemies":"Spire Growth","floor":39.0,"turns":3.0},{"damage":13.0,"enemies":"Nemesis","floor":41.0,"turns":3.0},{"damage":17,"enemies":"Giant Head","floor":45,"turns":7},{"damage":8,"enemies":"Donu and Deca","floor":50,"turns":7},{"damage":6,"enemies":"Shield and Spear","floor":54,"turns":5},{"damage":103,"enemies":"The Heart","floor":55,"turns":9}],"seed_played":"-943526962143813376","potions_obtained":[{"floor":5.0,"key":"HeartOfIron"},{"floor":13.0,"key":"Guardian:BlockOnCardUsePotion"},{"floor":18.0,"key":"PowerPotion"},{"floor":21.0,"key":"BloodPotion"},{"floor":24.0,"key":"SkillPotion"},{"floor":37.0,"key":"SpeedPotion"},{"floor":54,"key":"Fruit Juice"}],"is_trial":false,"path_per_floor":["M","?","M","$","M","R","E","R","T","M","?","R","M","E","R","B",null,"M","?","M","M","?","R","E","R","T","$","?","T","E","M","R","B",null,"M","$","M","?","M","R","E","R","T","?","E","?","?","T","R","B",null,"R","$","E","B"],"character_chosen":"IRONCLAD","items_purchased":["Shrug It Off","Jack Of All Trades","Mayhem","Happy Flower"],"campfire_rested":0,"item_purchase_floors":[4,27,27,36],"current_hp_per_floor":[83,83,77,77,79,79,74,74,74,76,76,76,80,74,74,18,88,87,87,88,73,73,73,82,82,82,82,82,82,66,74,74,56,88,81,81,61,71,44,44,39,39,39,39,35,35,35,35,35,42,88,88,88,88,0,0],"gold":59,"neow_bonus":"TEN_PERCENT_HP_BONUS","is_daily":false,"chose_seed":false,"campfire_upgraded":10,"win_rate":0.0,"timestamp":1608955427,"path_taken":["M","?","M","?","M","R","E","R","T","M","?","R","M","E","R","BOSS","M","?","?","M","?","R","E","R","T","$","?","?","E","M","R","BOSS","M","$","M","?","M","R","E","R","T","?","E","?","?","?","R","BOSS","R","$","E","BOSS"],"items_purchased_type":["Card","Card","Card","Relic"],"build_version":"2020-12-22","purchased_purges":2,"victory":false,"max_hp_per_floor":[88,88,88,88,88,88,88,88,88,88,88,88,88,88,88,88,88,88,88,88,88,88,88,88,88,88,88,88,88,88,88,88,88,88,88,88,88,88,88,88,88,88,88,88,88,88,88,88,88,88,88,88,88,88,93,93],"card_choices":[{"not_picked":["Armaments","Iron Wave"],"picked":"Perfected Strike","floor":1.0},{"not_picked":["True Grit","Power Through","Dropkick"],"picked":"SKIP","floor":3.0},{"not_picked":["Cleave","Thunderclap"],"picked":"Pommel Strike","floor":5.0},{"not_picked":["Infernal Blade","Dark Embrace"],"picked":"Offering","floor":7.0},{"not_picked":["Flex","Warcry"],"picked":"Perfected Strike","floor":10.0},{"not_picked":["Flex","Body Slam"],"picked":"Warcry","floor":13.0},{"not_picked":["True Grit","Sword Boomerang"],"picked":"Rampage","floor":14.0},{"not_picked":["Berserk","Offering"],"picked":"Reaper","floor":16.0},{"not_picked":["Headbutt","Twin Strike+1","Searing Blow+1"],"picked":"SKIP","floor":18.0},{"not_picked":["Twin Strike","Headbutt+1"],"picked":"Havoc","floor":20.0},{"not_picked":["Thunderclap","Rampage"],"picked":"Immolate","floor":21.0},{"not_picked":["Body Slam+1","Spot Weakness"],"picked":"Blood for Blood","floor":24.0},{"not_picked":["Perfected Strike","Infernal Blade"],"picked":"Feel No Pain+1","floor":30.0},{"not_picked":["Dark Embrace","Seeing Red"],"picked":"Warcry+1","floor":31.0},{"not_picked":["Immolate","Barricade"],"picked":"Feed","floor":33.0},{"not_picked":["Sword Boomerang","Feel No Pain"],"picked":"Seeing Red","floor":35.0},{"not_picked":["Dual Wield+1","Shrug It Off","Anger"],"picked":"SKIP","floor":37.0},{"not_picked":["Warcry","Havoc"],"picked":"Infernal Blade+1","floor":38.0},{"not_picked":["Fire Breathing","True Grit+1"],"picked":"Infernal Blade+1","floor":39.0},{"not_picked":["Sentinel+1","Fire Breathing"],"picked":"Perfected Strike","floor":39.0},{"not_picked":["Pummel+1","Blood for Blood+1"],"picked":"Impervious","floor":41.0},{"not_picked":["Iron Wave","Spot Weakness"],"picked":"Metallicize+1","floor":45},{"not_picked":["Headbutt+1","Heavy Blade"],"picked":"Shrug It Off+1","floor":54}],"player_experience":174980,"relics_obtained":[{"floor":7.0,"key":"Blood Vial"},{"floor":9.0,"key":"aspiration:FetidBarrel"},{"floor":14.0,"key":"Torii"},{"floor":24.0,"key":"Unceasing Top"},{"floor":29.0,"key":"The Courier"},{"floor":30.0,"key":"Whetstone"},{"floor":38.0,"key":"Prayer Wheel"},{"floor":41.0,"key":"aspiration:HiddenCompartment"},{"floor":43.0,"key":"Letter Opener"},{"floor":45,"key":"Juzu Bracelet"},{"floor":48,"key":"aspiration:HummingbirdHeart"},{"floor":54,"key":"Red Skull"}],"event_choices":[{"damage_healed":0.0,"max_hp_gain":0.0,"max_hp_loss":0.0,"gold_gain":0.0,"event_name":"Upgrade Shrine","player_choice":"Upgraded","floor":2.0,"gold_loss":0.0,"damage_taken":0.0,"cards_upgraded":["Perfected Strike"]},{"damage_healed":0.0,"max_hp_gain":0.0,"max_hp_loss":0.0,"gold_gain":175.0,"event_name":"Liars Game","player_choice":"AGREE","floor":11.0,"gold_loss":0.0,"damage_taken":0.0,"cards_obtained":["Doubt"]},{"cards_removed":["Doubt"],"damage_healed":0.0,"max_hp_gain":0.0,"max_hp_loss":0.0,"gold_gain":0.0,"event_name":"Bonfire Elementals","player_choice":"Offered Curse","floor":19.0,"gold_loss":0.0,"damage_taken":0.0,"relics_obtained":["Spirit Poop"]},{"damage_healed":0.0,"max_hp_gain":0.0,"max_hp_loss":0.0,"gold_gain":0.0,"event_name":"Back to Basics","player_choice":"Simplicity","floor":22.0,"gold_loss":0.0,"damage_taken":0.0,"cards_upgraded":["Strike_R","Strike_R","Strike_R","Strike_R","Strike_R","Defend_R","Defend_R","Defend_R"]},{"damage_healed":0.0,"max_hp_gain":0.0,"max_hp_loss":0.0,"gold_gain":0.0,"event_name":"Masked Bandits","player_choice":"Paid Fearfully","floor":28.0,"gold_loss":158.0,"damage_taken":0.0},{"damage_healed":0.0,"max_hp_gain":0.0,"max_hp_loss":0.0,"gold_gain":0.0,"event_name":"Mysterious Sphere","player_choice":"Fight","floor":38.0,"gold_loss":0.0,"damage_taken":0.0},{"damage_healed":0.0,"max_hp_gain":0.0,"max_hp_loss":0.0,"gold_gain":0.0,"event_name":"Tomb of Lord Red Mask","player_choice":"Paid","floor":44.0,"gold_loss":140.0,"damage_taken":0.0,"relics_obtained":["Red Mask"]},{"damage_healed":0,"gold_gain":0,"player_choice":"Upgraded","damage_taken":0,"max_hp_gain":0,"max_hp_loss":0,"event_name":"Upgrade Shrine","floor":46,"gold_loss":0,"cards_upgraded":["Mayhem"]},{"cards_removed":["Perfected Strike"],"damage_healed":0,"gold_gain":0,"player_choice":"Removed Attack","damage_taken":0,"max_hp_gain":0,"max_hp_loss":0,"event_name":"Falling","floor":47,"gold_loss":0}],"is_beta":false,"boss_relics":[{"not_picked":["Fusion Hammer","Mark of Pain"],"picked":"expansioncontent:StudyCardRelic"},{"not_picked":["Cursed Key","Tiny House"],"picked":"Coffee Dripper"}],"items_purged_floors":[4,27],"is_endless":false,"potions_floor_spawned":[5,13,18,21,24,37,54],"killed_by":"The Heart","ascension_level":2}}